2517 3884
297 1006 1128 1116 COMMODVS
1213 1009 2040 1111 ANTONINVS

782 1212 1032 1287 ΑΕΗ
1079 1211 1593 1288 LAMPRIDI

327 1484 416 1546 De
451 1484 772 1546 Commodi
801 1486 1086 1547 Antonini
1113 1485 1465 1565 parentibus
1508 1487 1569 1546 in
1602 1487 1725 1547 uita
1753 1483 1939 1546 Marci
1966 1488 2147 1547 Anto·
2183 1484 2217 1546 1

209 1570 334 1629 nini
361 1571 518 1632 satis
551 1577 640 1630 est
671 1571 1058 1650 disputatum.
1118 1573 1248 1650 ipse
1282 1579 1479 1633 autem
1511 1580 1688 1632 natus
1731 1582 1821 1632 est
1850 1570 2004 1651 apud
2040 1570 2149 1633 La·
2186 1590 2219 1638 2

169 1664 192 1704 ⁵
215 1657 468 1716 nuuium
523 1673 657 1716 cum
713 1655 898 1716 fratre
938 1658 1240 1718 Antonino
1282 1659 1521 1734 gemino
1573 1655 1766 1736 pridie
1822 1656 1938 1718 kal.
1986 1655 2148 1737 Sept.
2180 1715 2259 1748 m

211 1747 375 1816 patre
406 1746 751 1820 patruoque
783 1739 1158 1810 consulibus,
1193 1740 1296 1802 ubi
1329 1737 1389 1800 et
1419 1759 1567 1802 auus
1600 1749 1905 1802 maternus
1932 1741 2245 1802 dicitur—
2181 1774 2251 1809 m

212 1832 404 1885 natus.
496 1825 780 1885 Faustina
825 1844 960 1886 cum
1003 1834 1162 1887 esset
1201 1825 1528 1888 Commodo
1571 1845 1707 1887 cum
1749 1827 1935 1887 fratre
1974 1845 2146 1906 prae·
2186 1845 2220 1894 3

213 1925 436 1985 gnans,
483 1910 613 1970 uisa
659 1916 751 1970 est
796 1911 857 1970 in
905 1913 1130 1972 somnis
1172 1917 1487 1990 serpentes
1530 1929 1772 1989 parere,
1816 1911 1923 1972 sed
1954 1929 2027 1970 ex
2058 1910 2151 1972 his

215 2011 404 2055 unum
459 1994 836 2057 ferociorem.
929 2013 1066 2056 cum
1122 2003 1318 2057 autem
1373 1997 1710 2075 peperisset
1761 1995 2150 2057 Commodum
2186 2015 2224 2062 4

151 2093 194 2132 10
219 2087 396 2156 atque
427 2081 823 2149 Antoninum,
857 2081 1192 2141 Antoninus
1221 2081 1571 2157 quadrimus
1600 2080 1789 2141 elatus
1820 2087 1938 2149 est,
1974 2098 2151 2159 quem

217 2181 426 2242 parem
468 2170 768 2225 astrorum
811 2183 993 2227 cursu
1035 2164 1364 2225 Commodo
1408 2163 1807 2226 mathematici
1836 2165 2147 2243 promitte-

220 2245 378 2309 bant.
461 2256 702 2310 mortuo
745 2251 932 2327 igitur
982 2251 1168 2311 fratre
1212 2248 1603 2310 Commodum
1644 2249 1879 2310 Marcus
1922 2255 1984 2309 et
2024 2251 2149 2310 suis
2185 2267 2223 2316 5

219 2335 555 2412 praeceptis
586 2341 647 2394 et
675 2350 1030 2411 magnorum
1077 2341 1254 2412 atque
1299 2335 1662 2414 optimorum
1704 2336 1977 2395 uirorum
2010 2352 2147 2395 eru-

222 2417 347 2477 dire
379 2427 628 2479 conatus
660 2425 778 2497 est.
839 2418 1051 2480 hahuit
1088 2419 1480 2480 litteratorem
1512 2419 1805 2481 Graecum
1836 2419 2149 2481 Onesicra-
2186 2437 2223 2484 6

155 2518 200 2558 15
225 2510 358 2571 tem,
391 2476 668 2576 Latinum¹
701 2502 999 2582 Capellam
1029 2505 1382 2573 Antistium;
1432 2511 1635 2566 orator
1682 2507 1737 2564 ei
1765 2505 1969 2566 Ateius
2000 2503 2147 2566 San-

226 2593 351 2648 ctus
380 2587 509 2647 fuit.
585 2586 693 2648 sed
733 2595 820 2648 tot
860 2587 1315 2670 disciplinarum
1355 2591 1625 2668 magistri
1666 2588 1814 2650 nihil
1856 2592 1910 2650 ei
1938 2591 2145 2668 profu·
2186 2607 2220 2655 7

227 2678 414 2731 erunt.
492 2678 722 2733 tantum
766 2672 929 2734 ualet
970 2680 1073 2734 aut
1109 2675 1339 2752 ingenii
1380 2677 1475 2735 uis
1517 2681 1619 2735 aut
1672 2692 1881 2735 eorum
1934 2675 2037 2760 qui
2084 2676 2147 2734 in

227 2755 355 2816 aula
385 2757 764 2817 institutores
794 2757 1110 2819 habentur.
1175 2776 1313 2819 nam
1355 2776 1387 2819 a
1418 2761 1609 2838 prima
1649 2761 1846 2832 statim
1892 2756 2147 2838 pueritia

228 2842 417 2919 turpis
445 2840 758 2920 improbus
789 2842 1051 2903 crudelis
1081 2841 1452 2912 libidinosus,
1488 2862 1593 2904 ore
1615 2859 1855 2925 quoque
1885 2841 2149 2922 pollutus

161 2932 283 2984 zoet
321 2933 744 3004 constupratus
791 2928 921 2988 suit.
993 2929 1110 2988 iam
1154 2929 1214 2987 in
1257 2927 1349 2988 his
1393 2929 1633 2997 artifex,
1679 2945 1833 3006 quae
1874 2927 2157 2988 stationis·
2184 2945 2222 2992 8

224 3011 638 3088 imperatoriae
668 3029 791 3070 non
823 3019 1018 3083 erant,
1051 3020 1118 3072 ut
1147 3011 1364 3074 calices
1394 3014 1647 3091 fingeret
1676 3011 2147 3074 saltaret-canta-

322 3181 348 3227 1
394 3179 598 3244 incipit
631 3179 932 3230 antoninus
965 3180 1078 3230 aeli
1108 3180 1367 3244 lampridi
1399 3179 1503 3230 BP
1635 3179 1709 3230 ad
1755 3179 2151 3231 diocletianum

225 3260 343 3310 ang.
369 3248 491 3298 add.
516 3245 590 3296 1²⁸
725 3247 1054 3298 Commodus
1075 3248 1391 3299 Antoninus
1419 3248 1568 3299 Aelii
1589 3247 1897 3314 Lampridii
1920 3247 1992 3297 ad
2015 3249 2149 3298 Dio·

225 3313 508 3364 clitianum
531 3317 840 3379 Angustum
864 3315 932 3365 M
1059 3317 1094 3366 4
1126 3316 1413 3366 lanubium
1434 3315 1603 3367 BPM
1733 3317 1765 3366 6
1790 3331 1931 3366 anus
1953 3315 2008 3364 B

225 3382 253 3429 7
279 3381 612 3432 commodum
637 3380 757 3431 BP¹
783 3399 901 3435 exc.
1052 3386 1116 3434 13
1141 3389 1198 3433 et
1223 3389 1281 3432 et
1299 3382 1419 3434 BP¹
1446 3389 1505 3434 et
1530 3386 1700 3435 etiam
1724 3383 1861 3434 P‘M
1882 3388 1940 3433 et
1961 3385 2156 3448 scripsi

323 3450 586 3500 15·attins
609 3446 679 3498 ΡΙ
707 3458 741 3499 t.
767 3450 918 3501 Iov-d.
1083 3453 1147 3501 16
1183 3451 1295 3500 fuit
1324 3467 1418 3502 om.
1443 3452 1497 3501 B
1653 3455 1721 3504 20
1745 3451 2153 3516 constuppatus

221 3513 320 3564 BP
340 3515 481 3567 exc!
617 3516 748 3583 iam]
777 3522 892 3568 tam
915 3517 958 3568 S
