2517 3884
756 166 1132 225 ANTONINVS
1177 168 1369 225 GETA.
1433 170 1485 225 C.
1522 172 1687 227 1—-4,
2026 234 2029 237 ,
2063 167 2187 232 179

253 336 470 398 idcirco
517 336 784 399 Seuerus
826 355 1079 399 uxorem
1132 339 1385 399 duxerat
1428 339 1585 415 quod
1630 357 1760 400 eam
1801 342 1863 400 in
1906 342 2183 418 genitura

252 422 470 483 habere
503 431 912 501 compererat,
959 432 1027 484 ut
1067 426 1230 502 regis
1270 443 1421 484 uxor
1466 433 1655 493 esset,
1699 427 1870 502 isque
1914 428 2185 506 priuatus

252 508 348 569 sed
377 509 497 568 iam
529 509 739 587 optimi
768 508 830 567 in
861 526 928 567 re
959 528 1018 587 p.
1050 508 1184 571 loci.
1251 512 1449 569 statim
1492 516 1558 570 ut
1598 516 1772 570 natus
1804 518 1913 579 est,
1948 513 2182 572 nuntia·
2219 522 2251 569 2

249 600 371 654 tum
416 599 539 662 est,
586 611 765 653 ouum
821 592 1101 670 gallinam
1152 597 1214 654 in
1257 594 1390 655 aula
1429 596 1741 673 peperisse
1790 614 2183 675 purpureum.

207 677 409 755 5quod
464 696 602 739 cum
654 677 894 738 allatum
951 679 1271 743 Bassianus
1324 680 1514 740 frater
1570 681 1711 751 eius
1748 682 2078 760 accepisset
2130 689 2189 741 et
2224 692 2256 741 3

251 764 416 841 quasi
446 762 733 842 paruulus
763 763 1075 842 adplosum
1107 764 1180 825 ad
1210 771 1437 825 terram
1467 766 1765 841 fregisset,
1796 765 1943 825 Iulia
1968 766 2190 825 dixisse

245 851 375 909 ioco
428 849 656 909 fertur:
733 848 1084 918 „Maledicte
1139 850 1467 928 parricida,
1514 850 1762 909 fratrem
1813 858 1985 911 tuum
2030 852 2187 911 occi-

248 933 452 994 disti.“
533 932 742 1014 [idque
789 932 976 1013 ioco.]
1034 934 1192 1009 quod
1226 934 1452 995 dictum
1506 934 1770 996 Seuerus
1804 935 1978 995 altius
2011 952 2190 1013 quam
2224 946 2259 995 4

189 1076 194 1083 ,
251 1020 564 1098 quisquam
596 1020 1004 1096 praesentium
1037 1020 1299 1097 accepit,
1346 1019 1389 1079 a'
1422 1020 1949 1081 circumstantibus
1991 1028 2190 1081 autem

183 1117 227 1156 10
249 1110 458 1183 postea
489 1102 653 1162 uelut
683 1102 969 1165 diuinitus
1002 1104 1259 1164 effusum
1293 1103 1685 1183 adprobatum
1719 1111 1825 1165 est.
1870 1105 1983 1166 fuit
2014 1108 2189 1165 etiam
2228 1118 2260 1167 5

251 1188 407 1249 aliud
442 1206 651 1248 omen:
701 1206 840 1249 nam
873 1208 1010 1249 cum
1039 1190 1104 1248 in
1135 1188 1279 1250 uilla
1312 1189 1619 1250 cuiusdam
1650 1190 1950 1259 Antonini,
1992 1190 2193 1269 plebei

250 1274 540 1342 hominis,
587 1290 774 1350 agnus
817 1281 993 1334 natus
1042 1281 1229 1343 esset,
1286 1276 1389 1353 qui
1440 1273 1634 1334 uellus
1684 1276 1747 1333 in
1793 1274 1994 1333 fronte
2045 1293 2187 1353 pur-

253 1377 512 1439 pureum
544 1357 823 1427 haberet,
871 1359 1075 1419 eadem
1123 1359 1222 1419 die
1268 1367 1446 1439 atque
1491 1358 1638 1419 hora
1682 1376 1795 1435 qua
1842 1358 1989 1419 Geta
2020 1365 2193 1420 natus

251 1452 362 1514 est,
397 1443 782 1521 audissetque
813 1443 912 1503 ille
945 1443 1017 1503 ab
1049 1444 1399 1523 haruspice,
1441 1450 1581 1522 post
1612 1443 1906 1504 Seuerum
1944 1445 2191 1504 Antoni-

191 1540 235 1581 15
257 1548 403 1589 num
449 1530 917 1607 imperaturum,
963 1547 1031 1589 ac
1075 1528 1148 1588 de
1193 1547 1257 1589 se
1298 1528 1398 1588 ille
1430 1536 1825 1605 auguraretur
1857 1528 1961 1588 sed
1991 1536 2192 1589 tamen

260 1614 391 1674 talis
436 1615 545 1674 fati
593 1614 832 1673 timeret
880 1613 1202 1683 indicium,
1260 1615 1425 1675 ferro
1480 1632 1615 1675 eum
1661 1613 1877 1691 adegit.
1942 1613 2102 1689 quod
2135 1621 2194 1673 et
2230 1627 2261 1673 6

255 1700 451 1777 ipsum
498 1698 666 1775 signo
699 1698 837 1766 fuit,
883 1698 1092 1759 Getam
1137 1698 1208 1758 ab
1251 1700 1549 1760 Antonino
1589 1697 2084 1767 interimendum,
2128 1705 2195 1758 ut

252 1790 460 1863 postea
515 1784 658 1842 satis
711 1782 940 1843 claruit.
1031 1783 1146 1843 fuit
1199 1786 1376 1844 etiam
1431 1782 1588 1843 aliud
1639 1802 1813 1843 omen
1844 1784 2076 1859 ingenS,
2128 1790 2195 1842 ut
2230 1797 2260 1844 7

254 1875 464 1947 postea
517 1867 712 1927 exitus
765 1867 968 1927 docuit
1021 1867 1200 1929 huius
1241 1861 1527 1929 facinoris
1573 1867 1730 1946 quod
1775 1869 2004 1927 euenit:
2055 1886 2191 1927 nam
2231 1880 2262 1929 8

186 1966 231 2004 20
257 1972 394 2013 cum
421 1952 668 2013 infantis
700 1952 883 2013 Getae
917 1952 1176 2014 natalem
1221 1954 1484 2013 Seuerus
1530 1952 1951 2012 commendare
1990 1950 2190 2019 uellet,

256 2038 512 2098 hostiam
547 2055 702 2115 popa
732 2040 974 2097 nomine
1004 2040 1341 2098 Antoninus
1370 2039 1688 2117 percussit.
1721 2037 1877 2116 quod
1909 2044 2054 2096 tunc
2083 2053 2195 2095 nec
2232 2050 2263 2098 9

167 2172 194 2182 -
255 2125 589 2201 quaesitum
621 2140 733 2182 nec
765 2122 1280 2192 animaduersum,
1328 2130 1465 2201 post
1493 2140 1640 2182 uero
1668 2120 2039 2182 intellectum
2083 2126 2191 2179 est.

382 2208 524 2267 Fuit
555 2206 907 2267 adulescens
939 2208 1226 2277 decorus,
1284 2205 1555 2269 moribus
1596 2207 1859 2284 asperiS,
1914 2204 2019 2265 sed
2073 2223 2193 2264 non
2225 2206 2269 2268 4

257 2294 494 2370 impiuS,
527 2288 576 2371 †
607 2292 830 2352 anarbo
863 2300 1222 2353 retractator
1266 2292 1512 2369 gulosus
1556 2291 1805 2371 cupidus
1837 2289 2107 2350 ciborum
2140 2298 2199 2349 et

191 2388 236 2428 ²⁵
262 2378 387 2438 uini
415 2378 584 2437 narie
618 2377 856 2437 conditi.
920 2376 1096 2437 huius
1140 2376 1285 2437 illud
1327 2378 1501 2457 pueri
1542 2378 1736 2437 fertur
1769 2377 2003 2453 insigne
2037 2374 2195 2452 quod
2232 2384 2265 2431 2

260 2481 397 2522 cum
436 2460 624 2528 uellet
661 2464 923 2540 partium
969 2462 1348 2523 diuersarum
1402 2464 1567 2522 uiros
1613 2461 1877 2521 Seuerus
1920 2459 2195 2520 occidere

263 2554 318 2627 et
340 2549 501 2607 inter
533 2564 672 2607 suos
697 2547 926 2607 diceret
943 2548 1204 2617 „Hostes
1232 2547 1405 2608 uobis
1436 2548 1688 2626 eripio“‚
1708 2547 2198 2621 consentiretque

262 2632 408 2691 adeo
442 2648 634 2707 usque
665 2632 1013 2700 BassianuS,
1071 2639 1136 2691 ut
1192 2650 1401 2693 eorum
1456 2634 1633 2693 etiam
1683 2630 1939 2699 liberos,
1990 2632 2039 2689 si
2082 2629 2198 2689 sibi

262 2715 623 2786 consuleret,
658 2716 884 2776 diceret
923 2715 1303 2787 occidendOS,
1349 2717 1495 2777 Geta
1534 2719 1941 2792 interrogasse
1982 2714 2193 2781 fertur,

195 2811 242 2851 ³0
268 2808 524 2880 quantus
557 2809 714 2861 esset
742 2802 1295 2862 interficiendorum
1342 2819 1660 2869 numerus3
1719 2816 1975 2875 cumque
2018 2796 2198 2857 dixis·
2236 2809 2268 2857 3

263 2893 354 2947 set
381 2894 574 2966 pater,
607 2885 708 2946 ille
737 2888 1160 2969 interrogauit:
1215 2888 1363 2958 „Isti
1393 2886 1615 2947 habent
1644 2892 1947 2965 parenteS,
1979 2881 2203 2943 habent

364 3092 394 3139 7
422 3090 605 3139 fertur
626 3093 748 3140 ioco
775 3090 838 3141 M
995 3088 1298 3139 maledicta
1323 3082 1375 3138 B
1531 3090 1562 3137 8
1587 3087 1755 3152 idque
1778 3087 1903 3136 ioco
1928 3087 2027 3136 del.
2061 3084 2205 3139 [ord.

366 3158 513 3222 quod
538 3174 631 3208 om.
659 3158 718 3207 M
844 3160 906 3208 10
933 3158 1162 3207 effosum
1186 3157 1291 3207 BP
1312 3156 1571 3208 effossum
1595 3156 1661 3205 M
1793 3157 1855 3204 12
1880 3158 2035 3203 tatus
2052 3153 2204 3204 B1P¹

367 3228 430 3275 16
454 3225 872 3289 taletBPM-gm.
905 3226 946 3276 C
1079 3224 1274 3275 timere
1298 3223 1428 3273 BP1
1454 3241 1590 3275 corr.
1616 3221 1695 3274 P³
1832 3225 1892 3273 17
1918 3227 1981 3271 ut
2006 3229 2205 3287 postea

264 3292 464 3359 ingens
486 3293 590 3342 BP
632 3296 830 3358 ingens
855 3297 1054 3358 postea
1078 3298 1142 3342 ut
1167 3292 1229 3342 M
1274 3294 1471 3358 ingens
1494 3296 1557 3341 ut
1585 3295 1783 3357 postea
1813 3293 2005 3354 scripsi
2139 3293 2207 3339 24

266 3362 537 3412 anarbore
563 3362 1011 3412 tractatui-BPM
1035 3362 1192 3411 nario
1220 3365 1556 3411 retractator
1580 3360 1621 3410 S
1643 3361 1887 3409 iactator
1909 3362 2071 3408 latere
2096 3360 2205 3407 exi-

264 3431 433 3479 stimat
457 3430 608 3481 Iord.
746 3432 810 3479 27
847 3429 1031 3480 dicere
1065 3428 1235 3479 BPM
1366 3430 1431 3477 29
1468 3427 1785 3478 consular-et
1808 3426 1912 3476 BP
1958 3423 2205 3475 consule-

267 3501 391 3546 rent
415 3496 482 3546 M
617 3496 955 3547 occidendus
977 3496 1028 3545 B
1167 3498 1229 3546 31
1255 3496 1631 3560 interrogasse
1658 3496 1708 3543 B
1724 3493 1741 3527 ¹

1709 3576 1847 3638 12*
