2517 3884
353 181 480 247 272
1041 187 1218 244 AELlI
1258 188 1592 244 LAMPRIDII

355 364 519 418 metu
549 356 906 434 perterritus
937 361 998 414 et
1027 371 1295 432 speranS,
1330 373 1452 415 non
1482 373 1663 434 posse
1694 373 1761 415 se
1795 335 2079 425 euadere,
2124 356 2293 434 quod

352 444 416 501 in
458 442 780 501 tentorium
820 440 1111 518 principis
1155 441 1471 512 inruisset,
1520 441 1591 502 ad
1633 441 2097 502 contubernales
2144 460 2294 503 suos

361 528 530 587 uenit
575 543 798 604 eosque
842 525 914 585 ad
947 524 1164 585 durum
1204 527 1537 605 prinoipem
1567 526 2031 586 interimendum
2074 526 2296 587 eohor-

296 617 520 673 6.'tatus
565 618 675 671 est.
737 611 840 689 qui
883 608 1078 670 subito
1119 608 1327 688 plures
1368 613 1698 688 armatique
1738 613 1998 689 ingressi
2026 613 2301 672 inermes

365 704 424 756 et
454 696 809 757 obsistentes
841 700 1357 756 contrucarunt‘et
1383 699 1580 776 ipsum
1610 695 1885 775 plurimis
1906 696 2122 757 ictibus
2146 703 2295 757 oo'n-
2328 713 2385 756 ,5

297 790 326 839 7
363 782 659 843 foderunt.
723 778 905 857 aliqui
935 779 1156 850 dieunt,
1190 783 1432 842 omnino
1461 781 1609 842 nihil
1640 781 1864 842 dietum
1912 781 2015 842 sed
2058 789 2298 842 tantum

364 885 394 926 a
428 866 716 927 militibus
747 865 1067 926 clamatum
1097 865 1267 936 „Exi,
1298 867 1575 936 recede“,
1622 874 1800 944 atque
1842 869 1924 927 ita
1965 866 2293 928 obtrunca-

151 995 158 1002 .
226 1023 232 1029 1
295 960 328 1008 8
367 960 492 1012 tum
521 953 804 1012 iuuenem
835 951 1128 1029 optimum
1157 951 1296 991 *³⁸*
1340 951 1442 1011 sed
1488 952 1682 1012 omn-is
1724 959 2043 1030 apparatus
2073 950 2295 1012 milita·-

355 1039 458 1107 riS,
493 1038 593 1116 qui
623 1044 830 1114 postea
863 1042 956 1095 est
987 1035 1202 1096 duetus
1229 1039 1295 1096 in
1328 1037 1703 1097 Germaniam
1738 1056 1769 1097 a
1794 1038 2128 1106 Maximino,
2155 1036 2297 1098 Ale—

357 1123 569 1182 xandri
598 1123 713 1182 fuit
744 1128 802 1180 et
831 1122 1285 1200 potentissimus
1316 1122 1557 1198 quidem
1586 1139 1696 1200 per
1727 1124 2042 1182 Armenios
2088 1131 2147 1182 et
2179 1123 2295 1183 Os·
2330 1141 2387 1179 10

357 1207 616 1268 droenos
651 1215 708 1266 et
731 1206 993 1274 Parthos
1025 1214 1083 1267 et
1113 1208 1307 1266 omnis
1340 1209 1579 1284 generis
1610 1205 1939 1268 hominum.

255 1285 338 1350 62
484 1293 933 1370 Contempsisse
993 1291 1397 1353 Alexandrum
1457 1298 1743 1361 mortem,
1810 1310 1947 1352 eum
2007 1293 2299 1352 ferocitas

354 1380 572 1438 mentis
605 1395 721 1454 qua
752 1375 1002 1436 militem
1035 1395 1275 1456 semper
1306 1377 1552 1438 adtriuit
1580 1385 1706 1437 tum
1740 1379 1913 1438 etiam
1958 1376 2059 1436 illa
2090 1376 2296 1437 deela-

288 1471 319 1518 2
357 1470 520 1524 rant:
593 1460 1006 1540 Thrasybulus
1057 1461 1518 1524 mathematicus
1566 1461 1654 1522 illi
1706 1464 2103 1523 amicissimus
2158 1463 2292 1524 fuit.

205 1549 212 1555 ’
358 1550 458 1625 qui
499 1565 634 1608 eum
679 1549 733 1606 ei
779 1546 1057 1616 dixisset,
1103 1550 1523 1609 necessitatem
1554 1565 1719 1616 esse,
1753 1554 1818 1607 ut
1846 1541 2041 1625 gladio
2070 1546 2293 1608 barba-
2328 1563 2385 1604 15

353 1635 482 1693 rico
528 1632 773 1711 periret,
809 1633 1004 1711 primo
1050 1631 1306 1692 laetatus
1340 1641 1460 1702 est,
1494 1633 1656 1712 quod
1690 1632 1802 1694 sihi
1832 1641 2085 1693 mortem
2117 1631 2295 1692 belli-

289 1729 322 1776 3
360 1737 490 1778 eam
523 1725 582 1778 et
609 1718 1058 1797 imperatoriam
1089 1717 1364 1778 erederet
1393 1720 1719 1786 inminere;
1766 1717 1982 1778 deinde
2022 1718 2298 1797 disputa-

358 1805 446 1863 uit
487 1802 895 1880 ostenditque,
954 1803 1210 1882 optimos
1267 1819 1534 1880 quosque
1586 1802 1848 1863 uiolenta
1900 1809 2093 1862 morte
2146 1819 2297 1863 eon-

361 1895 658 1966 sumptos,
705 1906 842 1947 eum
883 1885 1110 1948 diceret
1153 1889 1351 1966 ipsum
1380 1889 1810 1958 Alexandrum,
1855 1889 2025 1948 euius
2068 1905 2297 1949 nomen
2350 1933 2356 1938 -

359 1981 620 2042 teneret,
666 1973 1015 2052 Pompeium
1057 1973 1375 2034 Caesarem
1418 1972 1880 2034 Demosthenem
1925 1972 2185 2033 Tullium
2232 1981 2298 2034 et
2327 1989 2386 2029 20

360 2066 596 2119 eeteros
627 2059 897 2135 insignes
929 2060 1094 2119 uiros
1125 2061 1227 2136 qui
1257 2076 1379 2119 non
1410 2060 1606 2138 quieta
1650 2067 1843 2119 morte
1890 2059 2288 2137 oppetissent.

290 2157 326 2205 4
357 2151 708 2221 tantumque
737 2146 919 2203 animi
949 2141 1173 2212 hahuit,
1207 2151 1275 2204 ut
1304 2152 1544 2223 putaret
1575 2162 1638 2204 se
1670 2143 1783 2204 diis
1824 2143 2291 2222 conparandum,

292 2241 324 2290 ὅ
363 2231 414 2289 si
440 2231 502 2289 in
535 2227 692 2288 hello
725 2230 968 2308 periret.
1047 2228 1152 2288 sed
1194 2247 1297 2289 res
1340 2248 1477 2290 eum
1516 2228 1757 2289 fefellit:
1834 2247 1972 2290 nam
2006 2236 2064 2288 et
2092 2228 2294 2306 gladio

359 2313 676 2374 barbarico
721 2321 779 2373 et
826 2331 1068 2373 scurrae
1110 2313 1351 2374 barbari
1382 2333 1593 2386 manu,
1627 2331 1843 2375 uerum
1885 2332 2007 2374 non
2037 2315 2100 2373 in
2130 2313 2294 2374 bello

361 2398 466 2458 sed
498 2395 639 2458 belli
668 2405 938 2476 tempore
969 2398 1145 2476 perit.
2324 2413 2385 2454 25

259 2481 342 2546 63
487 2483 739 2543 Mortem
775 2485 899 2542 eius
927 2482 1146 2543 milites
1179 2490 1238 2544 et
1262 2485 1361 2560 qui
1394 2486 1759 2545 exauctorati
1788 2483 1861 2544 ab
1888 2499 1960 2544 eo
1990 2483 2295 2562 quondam

258 2573 269 2578 “
338 2568 595 2627 -fuerant
635 2569 984 2645 grauissime
1026 2567 1295 2629 tulerunt
1337 2576 1509 2648 atque
1552 2577 1825 2630 auctores
1865 2569 2061 2630 caedis
2103 2571 2293 2628 truci-

294 2667 325 2714 2
361 2651 592 2713 darunt.
671 2652 926 2732 populus
977 2672 1126 2714 uero
1167 2655 1469 2716 Romanus
1528 2656 2119 2731 senatusqueomnis
2150 2672 2293 2714 cum

360 2738 826 2817 prouincialibus
858 2741 1084 2800 eunetis
1117 2756 1309 2817 neque
1336 2742 1559 2800 tristius
1588 2757 1869 2820 umquam
1894 2755 2089 2816 neque
2115 2757 2293 2818 aspe-

357 2824 483 2884 rius
527 2831 914 2903 aeceperunt,
962 2824 1136 2885 simul
1179 2825 1338 2904 quod
1382 2827 1741 2886 successoris
1780 2826 2067 2904 asperitas
2108 2832 2292 2902 atque
2321 2839 2381 2880 30

463 2977 489 3024 1
520 2991 577 3026 se
603 2993 694 3026 om.
722 2977 788 3026 M
919 2977 1086 3026 adere
1112 2975 1239 3026 BP¹
1267 2993 1402 3028 corr.
1427 2975 1509 3027 P³
1656 2981 1686 3028 3
1713 2977 2036 3028 exhortatus
2059 2977 2128 3026 M
2258 2982 2299 3029 4

362 3059 536 3093 ermes
559 3043 630 3093 B¹
769 3047 800 3095 5
825 3048 884 3093 et
908 3061 1000 3095 om.
1026 3043 1151 3095 B¹P
1284 3045 1465 3110 ipsum
1489 3050 1676 3096 autem
1700 3062 1815 3098 exe.
1840 3047 2126 3110 ipsumque
2152 3045 2221 3095 M

364 3111 866 3161 confuderuntBP¹
885 3129 1000 3163 exc.
1095 3115 1126 3163 7
1153 3118 1323 3178 atque
1349 3115 1429 3163 ita
1486 3131 1545 3164 m.
1573 3113 1649 3163 P1
1742 3113 1774 3164 8
1793 3121 1915 3178 post
1940 3113 2297 3178 optimumP²

361 3181 481 3229 add.
511 3178 850 3230 dimiserunt.
897 3185 1146 3246 conplura
1167 3183 1457 3233 intercidi-ss
1508 3186 1800 3246 suspicatur
1826 3183 1867 3232 G
2004 3185 2066 3232 13
2093 3197 2215 3230 eum
2239 3181 2298 3230 B

464 3248 528 3294 14
551 3247 890 3312 thrasibylus
914 3249 965 3298 B
989 3250 1330 3300 thrasibulus
1353 3250 1404 3299 B
1413 3249 1435 3282 ²
1594 3253 1659 3300 20
1686 3248 2009 3300 demostheri
2031 3249 2083 3298 B
2108 3248 2297 3300 demo-

363 3313 524 3363 sthen
549 3311 625 3363 Ρ1
653 3331 768 3366 eoec,
907 3319 971 3366 21
1001 3319 1092 3382 qui
1118 3334 1209 3370 om.
1239 3318 1307 3368 M
1438 3319 1719 3383 oppetisse
1745 3319 1812 3368 M
1967 3320 2034 3367 24
2055 3315 2189 3366 uero
2213 3319 2295 3366 Pl

461 3383 528 3430 26
553 3385 956 3434 exauctoritate
982 3385 1033 3433 B
1139 3385 1414 3450 quandam
1431 3385 1581 3435 B¹P¹
1612 3386 1847 3451 quadam
1872 3384 1955 3435 B³
2088 3387 2155 3435 28
2182 3401 2296 3450 que

361 3451 534 3499 omnis
558 3478 618 3485 —
648 3452 864 3501 tristius
889 3469 980 3503 om.
1009 3451 1080 3501 B1
1236 3457 1301 3505 29
1327 3455 1754 3519 prouintialibus
1779 3456 1830 3504 P
1972 3455 2169 3503 conieci
2191 3455 2297 3504 tri—

359 3518 498 3568 stius
526 3519 816 3583 quicqum
841 3535 1018 3585 neque
