2517 3884
0 1757 6 1940 f

839 185 1067 244 vERvS.
1152 185 1207 242 C.
1236 189 1440 242 9—11.
2030 177 2111 242 77

305 352 466 412 Vixit
495 353 670 414 annis
699 353 1090 432 quadraginta
1121 352 1377 415 duobus,
1412 353 1732 432 imperauit
1762 369 1896 412 oum
1927 352 2113 412 fratre
2138 348 2213 411 11

153 437 352 498 annis
399 437 702 499 undecim.
783 438 1158 516 inlatumque
1221 439 1367 500 eius·
1403 456 1623 519 corpus
1678 445 1769 498 est
1830 436 2113 497 Hadriani

157 519 541 602 sepulchro,
573 524 638 583 in
669 540 788 602 quo
822 531 881 585 et
911 523 1130 586 Caesar
1157 532 1330 603 pater
1362 525 1489 584 eius
1520 521 1810 584 naturalis
1842 519 2115 601 sepultus

160 613 284 668 est.
353 606 508 668 Nota
551 615 644 670 est
680 608 910 681 sabula,
958 627 1134 687 quam
1177 609 1361 671 Marci
1399 627 1521 669 non
1562 609 1721 687 capit
1760 608 1911 676 uita,
1957 606 2112 684 quod
2150 621 2183 669 2

105 706 134 746 5
159 699 417 772 partem
469 692 690 755 uuluae
741 712 979 755 ueneno
1031 693 1293 764 inlitam,
1361 711 1497 756 cum
1562 711 1695 755 eam
1744 693 2116 753 exsecuisset

162 777 380 839 cultro
411 795 531 848 una
560 785 732 859 parte
763 787 1092 849 uenenato,
1138 779 1376 840 Marcus
1407 781 1562 840 Vero
1592 779 1953 858 porrexerit.
2012 775 2115 837 sed
2154 792 2187 840 3

161 862 294 924 hoe
327 863 498 925 nefas
530 871 622 925 est
651 864 726 924 de
755 864 954 926 Marco
996 867 1225 945 putari,
1274 865 1549 943 quamuis
1580 865 1719 925 Veri
1762 871 1821 924 et
1862 863 2116 941 cogitata

166 955 232 1008 et
263 949 426 1010 facta
457 957 824 1011 mereantur.
879 950 1038 1031 quod
1070 969 1182 1012 nos
1209 968 1335 1011 non
1364 951 1427 1010 in
1456 949 1653 1012 medio
1684 947 2114 1027 relinquemus,
2152 962 2186 1010 4

166 1033 282 1094 sed
317 1041 512 1096 totum
543 1042 866 1115 purgatum
897 1038 1393 1115 confutatumque
1424 1035 1800 1115 respuimus,
1846 1051 1985 1094 cum
2018 1031 2118 1092 ad-

93 1131 144 1170 10
169 1118 300 1180 huo
342 1125 482 1199 post
520 1119 789 1181 Marcum
831 1129 1072 1200 praeter
1121 1129 1385 1183 uestram
1429 1118 1837 1188 clementiam,
1883 1116 2116 1178 Diocle-

171 1207 340 1266 tiane
370 1207 673 1283 Auguste,
717 1207 1142 1285 imperatorem
1185 1206 1365 1268 talem
1408 1224 1521 1266 neo
1552 1203 1812 1266 adulatio
1844 1201 2121 1264 uideatur

168 1291 448 1370 potuisse
479 1291 843 1369 confingere.

281 1479 310 1526 1
335 1478 439 1528 XL
466 1476 686 1530 duobus
708 1477 762 1528 B
919 1480 952 1530 2
978 1495 1176 1545 eorpus
1200 1479 1321 1530 eius
1344 1479 1396 1529 B
1540 1480 1629 1529 est
1652 1493 1745 1528 om.
1773 1472 1845 1526 B¹
2008 1473 2040 1522 3
2066 1476 2123 1521 et

170 1547 225 1595 in
247 1545 304 1594 B
323 1561 441 1611 sup.
469 1549 558 1600 lin.
701 1545 736 1596 6
760 1559 823 1598 se
839 1546 918 1600 ,ad
940 1547 1046 1598 hoo
1069 1547 1120 1598 B
1280 1551 1312 1598 9
1344 1552 1523 1600 totam
1546 1549 1843 1613 purgatam
1869 1540 2124 1592 confuta·

171 1618 402 1679 tamque
424 1613 602 1666 BPM
618 1629 713 1665 em.
743 1613 785 1665 0
886 1617 948 1666 12
973 1615 1200 1681 explicit
1226 1617 1472 1668 eiusdem
1490 1631 1663 1682 uerus
1690 1612 1936 1664 feliciter
1958 1608 2061 1657 BP

176 1678 426 1750 [sequitur
447 1685 501 1733 in
527 1683 584 1732 B
605 1690 659 1734 et
682 1683 736 1734 P
753 1683 948 1734 Iuliani
967 1682 1111 1750 niem]
