2517 3884
247 978 1178 1081 DIADVMENVS
1257 906 2090 1086 'ANTONINVS

736 1184 1025 1259 AELII
1075 1184 1630 1261 LAMPRIDII

336 1461 619 1523 Antonini
652 1460 1006 1523 Diadumeni
1066 1464 1272 1541 pueri,
1332 1480 1508 1539 quem
1564 1479 1701 1522 cum
1742 1468 1913 1541 patre
1956 1461 2149 1541 Opilio
2186 1462 2220 1524 1

205 1546 480 1607 Macrino
511 1547 938 1625 imperatorem
979 1546 1128 1607 dixit
1167 1549 1467 1607 exercitus
1512 1550 1712 1608 occiso
1742 1546 2029 1609 Bassiano
2059 1549 2146 1608 fa·-

156 1649 182 1688 5
209 1634 412 1693 ctione
441 1631 821 1700 Macriniana,
854 1630 1003 1692 nihil
1032 1631 1216 1694 habet
1245 1634 1369 1693 uita
1400 1631 1808 1702 memorabile,
1842 1633 1957 1692 nisi
1988 1634 2146 1710 quod

204 1717 546 1779 Antoninus
607 1725 698 1777 est
757 1716 982 1786 dictus»,
1047 1725 1105 1777 et
1147 1717 1305 1795 quod
1352 1720 1405 1777 ei
1446 1717 1738 1797 stupenda
1783 1718 1981 1777 omina
2012 1727 2149 1779 sunt

204 1804 364 1864 facta
397 1802 636 1881 imperii
665 1820 785 1863 non
848 1802 1076 1872 diutini,
1127 1810 1192 1862 ut
1234 1805 1454 1863 euenit.
1531 1822 1669 1863 nam
1716 1820 1851 1862 cum
1884 1804 2144 1881 primum
2185 1816 2214 1861 2

203 1888 468 1951 innotuit
507 1904 618 1966 per
659 1885 955 1964 legioneS‚
1021 1888 1286 1949 occisum
1330 1906 1461 1948 esse
1492 1888 1873 1957 Bassianum,
1933 1889 2147 1965 ingens

206 1990 451 2033 maeror
474 1970 708 2033 obsedit
739 1972 1004 2032 omnium
1036 1981 1301 2051 pectora,
1331 1973 1490 2049 quod
1504 1974 1867 2035 Antoninum
1898 1972 1960 2031 in
1992 1990 2059 2032 re
2083 1991 2141 2051 p.

133 2074 182 2113 ιο
209 2076 335 2119 non
363 2056 685 2126 haberent,
749 2059 1248 2126 existimantium,
1312 2057 1469 2134 quod
1500 2075 1635 2118 cum
1697 2075 1768 2116 eo
1810 2056 2142 2117 Romanum

211 2150 372 2204 esset
402 2144 723 2220 imperium
753 2143 1112 2221 periturum.
1189 2143 1251 2202 id
1283 2142 1386 2203 uhi
1417 2142 1681 2203 Macrino
1728 2143 1847 2202 iam
1885 2144 2143 2221 impera·
2181 2154 2213 2200 3

205 2229 326 2289 tori
358 2228 692 2287 nuntiatum
727 2236 836 2296 est,
870 2229 1129 2297 uerituS,
1174 2245 1251 2288 ne
1292 2229 1360 2288 in
1391 2226 1649 2305 aliquem
1680 2228 2141 2295 Antoninorum,

210 2315 314 2390 qui
343 2311 514 2372 multi
547 2330 620 2372 ex
651 2311 944 2373 adfinibus
957 2311 1345 2373 AntoniniPii
1376 2318 1548 2373 erant
1568 2314 1726 2373 inter
1745 2311 1946 2380 duces,
1973 2330 2145 2371 exer-

209 2400 363 2459 citus
393 2396 728 2466 inclinaret,
763 2399 960 2458 statim
991 2399 1337 2461 contionem
1367 2400 1571 2477 parari
1598 2398 1802 2466 iussit,
1835 2396 2145 2476 filiumque

135 2499 184 2539 15
210 2501 382 2544 suum
413 2490 558 2543 tunc
600 2500 852 2561 puerum
884 2484 1250 2544 Antoninum
1296 2481 1635 2562 appellauit.
1716 2482 1954 2544 Contio:
2002 2483 2142 2553 „Vi-
2181 2492 2214 2539 4

207 2568 382 2637 detis,
441 2566 876 2637 conmilitones,
913 2576 972 2628 et
1000 2586 1097 2627 me
1123 2570 1331 2630 aetatis
1361 2570 1479 2629 iam
1508 2575 1833 2648 prouectae
1858 2575 1916 2628 et
1927 2567 2144 2627 Diadu-

207 2649 452 2715 me'num
483 2670 772 2731 puerum,
820 2669 1000 2729 quem
1033 2652 1133 2714 diu
1164 2655 1521 2733 principem,
1556 2655 1607 2714 si
1631 2653 1692 2713 di
1721 2654 1993 2721 faueant,
2039 2651 2144 2711 ha-

205 2736 444 2798 bebitis,
520 2736 800 2815 intellego
841 2744 1183 2816 praeterea,
1232 2738 1600 2799 desiderium
1641 2739 1853 2815 ingens
1895 2737 2143 2798 Antoni·
2184 2746 2216 2794 5

207 2825 370 2883 niani
411 2823 672 2883 nominis
716 2822 874 2901 apud
915 2841 1024 2883 uos
1069 2840 1335 2883 manere.
1415 2839 1631 2901 quare,
1677 2823 1957 2899 quoniam
2000 2819 2147 2879 mihi

141 2922 187 2963 20
209 2926 317 2987 per
360 2907 760 2969 conditionem
792 2907 1130 2985 fragilitatis
1158 2907 1455 2970 humanae
1496 2926 1617 2968 non
1648 2904 1902 2968 multum
1932 2922 2144 2983 super-

215 3011 342 3055 esse
374 2993 616 3053 uidetur
647 2992 719 3053 ad
749 2993 962 3062 uitam,
1026 2992 1186 3053 hunc
1244 3012 1505 3073 puerum
1546 2992 1910 3055 Antoninum
1970 2989 2147 3050 uobis

213 3077 555 3140 auctoribus
586 3095 872 3157 nuncupo
906 3078 1008 3138 diu
1050 3078 1225 3139 uobis
1255 3079 1623 3141 Antoninum
1665 3081 2145 3155 repraesentatu-

313 3301 339 3348 1
375 3297 579 3363 incipit
604 3296 967 3349 diadumenus
991 3298 1293 3349 antoninus
1315 3297 1599 3363 lampridii
1621 3297 1725 3347 BP
1768 3294 2152 3347 Diadumenus

211 3366 524 3417 Antoninus
551 3366 795 3416 eiusdem
819 3366 1130 3433 Lampridii
1154 3367 1214 3417 M
1376 3368 1406 3416 6
1433 3366 1614 3417 omnia
1637 3366 1689 3415 B
1850 3367 1879 3415 7
1905 3363 2152 3414 diuturni

213 3434 271 3484 M
409 3437 440 3485 9
463 3450 643 3485 meror
663 3432 769 3484 BP
921 3437 984 3486 15
1008 3435 1156 3484 hunc
1178 3434 1347 3485 BPM
1367 3452 1457 3489 em.
1487 3434 1703 3485 Obrecht
1840 3434 2025 3485 contio
2054 3432 2159 3482 BP

316 3504 379 3555 18
405 3503 707 3553 antoniano
733 3502 952 3554 nomine
978 3502 1028 3553 B
1052 3502 1269 3553 nomine
1295 3504 1346 3551 P
1364 3510 1400 3555 t.
1427 3504 1577 3555 Iord-

1596 3584 1741 3647 13*
