2517 3884
375 150 463 216 50
1064 153 1215 210 IVLII
1259 153 1624 210 CAPITOLINI

314 335 345 383 ’1
381 325 627 402 recepit.
704 329 763 382 et
804 321 974 398 quasi
1014 327 1185 399 pater
1225 319 1394 380 Lucii
1425 321 1732 382 Commodi
1763 328 1952 390 esset,
1999 327 2058 380 et
2089 321 2310 381 Verum

385 427 523 470 eum
564 405 887 487 appellauit
938 405 1137 466 addito
1177 406 1462 467 Antonini
1502 407 1744 467 nomine
1795 405 2097 484 filiamque
2140 423 2309 466 suam

313 503 348 552 8
382 493 670 556 Lucillam
700 493 870 552 fratri
900 488 1235 569 despondit.
1281 489 1359 551 ob
1389 489 1544 551 hane
1574 493 2052 552 coniunctionem
2083 507 2309 568 pueros

384 586 443 640 et
483 577 713 659 puellas
754 593 1053 637 nouorum
1092 577 1404 636 nominum
1457 576 1884 636 frumentariae
1938 575 2311 654 perceptioni
2488 611 2489 646 t

311 674 345 722 9
383 662 645 725 adscribi
672 666 1132 740 praeceperunt.
1196 662 1343 720 actis
1384 662 1564 738 igitur
1609 678 1760 738 quae
1803 659 2032 738 agenda
2072 661 2310 720 fuerant
2361 673 2386 715 5
2488 707 2489 732 ᾗ

380 752 443 810 in
486 754 697 809 senatu
736 747 964 824 pariter
1008 751 1203 806 castra
1256 747 1558 823 praetoria
1599 747 1946 824 petiuerunt
1989 751 2048 804 et
2099 746 2310 804 uicena

381 833 543 894 milia
571 849 884 892 nummum
912 828 1161 907 singulis
1194 830 1271 890 ob
1303 832 1722 908 participatum
1754 831 2074 908 imperium
2105 829 2310 889 militi-

282 928 347 977 10
382 919 494 980 bus
522 918 930 995 promiserunt
962 924 1023 974 et
1050 917 1268 974 ceteris
1299 933 1410 993 pro
1443 923 1589 976 rata.
1649 914 1934 976 Hadriani
1972 921 2170 975 autem
2213 932 2308 974 se-

380 1001 633 1082 pulchro
677 1019 897 1078 corpus
938 1001 1124 1078 patris
1177 998 1512 1060 intulerunt
1564 1000 1874 1077 magnifico
1919 1001 2310 1074 exequiarum

383 1087 595 1149 officio.
630 1104 771 1145 mox
798 1086 1027 1145 iustitio
1058 1092 1266 1145 secuto
1311 1083 1550 1162 publice
1595 1085 2304 1162 quoque'funerisexpe-
2337 1099 2389 1138 ιο
2487 1123 2489 1162 2

281 1185 345 1232 11
382 1173 543 1233 ditus
576 1178 666 1230 est
695 1169 860 1230 ordo.
927 1178 986 1230 et
1026 1168 1347 1230 iaudauere
1381 1177 1633 1246 uterque
1671 1188 1784 1248 pro
1815 1171 2032 1230 rostris
2073 1175 2309 1247 patrem

379 1257 803 1332 flaminemque
858 1255 913 1314 ei
966 1273 1037 1313 ex
1084 1253 1378 1316 adfinibus
1422 1262 1481 1314 et
1523 1254 1756 1315 sodales
1809 1273 1882 1314 ex
1935 1253 2312 1315 amicissimis

380 1340 729 1404 Aurelianos
762 1357 1068 1400 creauere.

306 1423 346 1486 8
505 1426 720 1503 Adepti
747 1425 1065 1502 imperium
1094 1425 1175 1484 ita
1208 1422 1468 1484 ciuiliter
1499 1442 1564 1484 se
1595 1422 1772 1484 ambo
1815 1429 2070 1500 egerunt
2113 1430 2177 1482 ut
2220 1422 2306 1482 le-
2488 1481 2489 1496 ἢ

375 1513 622 1570 nitatem
653 1509 743 1568 Pii
772 1526 950 1568 nemo
982 1507 1370 1576 desideraret,
1405 1527 1542 1568 cum
1571 1527 1677 1569 eos
1699 1507 2003 1577 MarulluS‚
2038 1509 2130 1568 sui
2155 1517 2306 1566 tem·
2337 1521 2392 1561 15
2488 1557 2489 1582 Ξ

309 1600 340 1648 2
377 1596 541 1674 poris
582 1593 998 1670 mimograqu,
1044 1590 1378 1654 cauillando
1421 1595 1645 1671 inpune
1687 1595 2140 1671 perstringeret.
2213 1593 2310 1652 fu-

309 1686 341 1733 3
377 1679 565 1739 nebre
596 1696 811 1738 munus
843 1679 999 1756 patri
1030 1676 1344 1737 dederunt.
1409 1676 1588 1738 dabat
1631 1697 1696 1738 se
1739 1678 1974 1738 Marcus
2015 1685 2206 1737 totum
2249 1685 2314 1736 et

308 1771 343 1818 4
379 1762 811 1842 philosophiae,
846 1780 1113 1823 amorem
1145 1763 1364 1823 ciuium
1395 1762 1716 1824 adfectans.
1771 1763 1873 1823 sed
1905 1761 2314 1840 interpellauit

375 1852 549 1909 istam
590 1847 933 1909 felicitatem
977 1848 1478 1926 securitatemque
1531 1849 1914 1926 imperatoris
1967 1849 2161 1926 prima
2205 1846 2307 1906 Ti·
2487 1899 2489 1926 ἶ

374 1933 539 1994 beris
570 1932 908 2002 inundatio,
952 1949 1103 2008 quae
1134 1931 1246 1994 sub
1289 1931 1406 1992 illis
1435 1934 1785 2010 grauissima
1816 1934 1946 1993 fuit.
2011 1949 2163 2009 quae
2205 1949 2310 1992 res
2339 1946 2394 1986 20
2488 1927 2489 1936 ’

378 2026 438 2078 et
468 2018 651 2079 multa
695 2017 863 2079 urbis
906 2017 1172 2078 aedificia
1211 2019 1454 2078 uexauit
1495 2024 1554 2078 et
1593 2017 1921 2096 plurimum
1963 2015 2312 2078 animalium

310 2110 342 2158 5
377 2105 682 2164 interemit
727 2113 785 2163 et
839 2103 1053 2163 famem
1100 2104 1514 2180 grauissimam
1569 2104 1818 2182 peperit.
1904 2121 2055 2182 quae
2109 2103 2312 2160 omnia

380 2188 533 2248 mala
573 2189 809 2248 Marcus
852 2195 911 2248 et
952 2189 1141 2248 Verus
1180 2207 1289 2249 sua
1330 2206 1474 2248 cura
1517 2197 1578 2246 et
1617 2189 1956 2266 praesentia
2005 2195 2306 2264 tempera-

308 2279 340 2326 6
378 2279 539 2332 runt.
626 2273 738 2333 fuit
779 2291 849 2332 eo
891 2279 1165 2349 tempore
1218 2273 1396 2332 etiam
1437 2271 1780 2333 Parthicum
1832 2270 2088 2340 bellum,
2147 2270 2308 2346 quod

375 2355 733 2433 vologessus
774 2362 1047 2434 paratum
1088 2355 1199 2415 sub
1241 2356 1346 2415 Pio
1389 2356 1572 2416 Marci
1613 2364 1671 2416 et
1713 2356 1852 2416 Veri
1894 2363 2166 2432 tempore
2207 2355 2304 2413 in·
2337 2371 2396 2413 25
2487 2405 2489 2436 ζ

374 2441 522 2501 dixit
560 2442 764 2518 fugato
794 2439 989 2500 Atidio
1035 2439 1412 2508 Corneliano,
1447 2441 1549 2516 qui
1593 2439 1826 2519 Syriam
1868 2446 2010 2500 tu-nc
2051 2438 2306 2498 admini-
2488 2437 2489 2450 ¹

307 2533 337 2581 7
376 2524 617 2586 strabat.
695 2523 1023 2585 inminebat
1070 2525 1243 2584 etiam
1279 2525 1667 2584 Brittanicum
1712 2523 1967 2594 bellum,
2017 2531 2077 2584 et
2107 2523 2311 2585 Catthi

307 2616 341 2666 8
376 2612 438 2670 in
469 2610 845 2670 Germaniam
889 2627 957 2669 ac
998 2608 1233 2669 Retiam
1275 2610 1644 2688 inruperant.
1721 2615 1782 2669 et
1821 2609 2104 2670 adversus
2143 2609 2303 2675 Brit-

376 2703 547 2756 tanos
576 2693 815 2774 quidem
849 2692 1203 2772 Calpurnius
1232 2694 1504 2772 Agricola
1535 2697 1752 2756 missus
1785 2703 1894 2764 est,
1931 2703 2137 2755 contra
2170 2693 2304 2754 Cat-

308 2789 340 2836 9
377 2778 511 2840 thos
542 2778 801 2840 Aufidius
833 2779 1189 2840 Victorinus.
1254 2779 1328 2840 ad
1369 2780 1708 2842 Parthicum
1751 2799 1898 2840 uero
1941 2779 2162 2840 bellum
2206 2797 2300 2838 se·
2337 2797 2396 2837 ao
2488 2795 2489 2862 j

374 2873 520 2926 natu
565 2864 979 2925 consentiente
1013 2865 1204 2925 Verus
1246 2866 1433 2925 frater
1478 2873 1570 2926 est
1611 2867 1861 2933 missus;
1910 2867 2037 2944 ipse
2063 2863 2307 2923 'Romae
2488 2863 2489 2872 ’

377 2951 683 3018 remansit,
719 2949 879 3027 quod
908 2967 1011 3010 res
1040 2948 1307 3011 urbanae
1337 2951 1720 3029 imperatoris
1761 2950 2159 3030 praesentiam
2188 2965 2300 3026 po-

274 3043 341 3093 10
380 3033 684 3095 stularent.
762 3041 821 3094 et
850 3035 1070 3095 Verum
1114 3035 1353 3112 quidem
1383 3035 1616 3096 Marcus
1647 3037 1901 3116 Capuam
1944 3050 2130 3111 usque
2160 3051 2305 3112 pro-

373 3126 613 3178 secutus
646 3121 850 3180 amicis
882 3119 1304 3182 comitantibus
1335 3139 1368 3181 e
1391 3128 1606 3193 ,senatu
1637 3121 1872 3182 ornauit
1915 3119 2127 3179 additis
2169 3117 2299 3177 offi-

475 3271 502 3317 1
530 3269 798 3319 commedi
820 3268 894 3318 Β1
1032 3274 1063 3321 2
1088 3272 1284 3323 antoni
1307 3273 1358 3322 P
1489 3277 1520 3323 8
1545 3271 1797 3336 sepulcro
1821 3273 1872 3320 P
1981 3273 2012 3320 9
2039 3269 2302 3332 exequia—

369 3336 509 3386 rium
533 3335 605 3386 13¹
748 3339 811 3388 10
834 3336 1050 3404 iustitie
1069 3339 1121 3388 B
1259 3339 1481 3404 publico
1503 3340 1606 3389 BP
1743 3341 1804 3388 12
1834 3339 1886 3388 ei
1911 3353 1978 3387 ex
2004 3337 2056 3386 ei
2081 3336 2195 3384 ads.
2221 3335 2299 3385 Bi

475 3407 539 3456 14
562 3402 645 3470 ut]
675 3410 735 3454 et
759 3405 811 3454 B
834 3410 897 3456 ut
924 3411 981 3456 et
1005 3404 1079 3456 1²²
1216 3409 1280 3457 16
1305 3407 1524 3457 funebri
1552 3406 1656 3457 BP
1792 3407 1854 3456 18
1879 3405 2174 3455 adfectans
2199 3420 2300 3455 om.

364 3469 442 3522 Βι
580 3475 645 3524 27
672 3473 823 3524 cathi
845 3473 897 3522 B
1034 3477 1099 3526 28
1124 3475 1451 3542 insuperant
1473 3475 1524 3524 B
1661 3477 1724 3525 31
1752 3488 1956 3524 romam
1975 3471 2078 3522 BP
