2517 3884
479 170 853 259 Auronmvs'
899 202 1415 261 flatloGAssAtvs
1506 204 1559 261 e.
1608 208 1816 276 7-—10-
1989 200 2117 279 209

168 378 349 448 atque
381 388 457 429 ex
488 371 740 431 nauticis
773 370 1106 432 monobelis
1139 378 1594 448 quaererentur.
1656 374 1741 433 sic
1774 392 1876 434 eos
1908 374 2113 453 appel-

168 456 374 517 labant
404 457 511 534 qui
538 455 840 518 uiriliores
873 454 1250 516 uidebantur.

298 540 450 603 Cum
482 541 920 601 Marcomannis
949 540 1174 601 bellum
1204 542 1433 601 inferre
1478 540 1689 611 uellet,
1737 541 1893 619 quod
1927 545 2112 613 AntO:
2146 541 2187 603 9

169 627 348 687 ninus
392 624 798 705 pulcherrime
839 625 1214 705 profligarat,
1260 626 1486 687 dictum
1528 634 1620 687 est
1662 645 1696 687 a
1738 627 2108 706 quibusdam,

117 728 146 766 5
171 728 280 790 per
309 710 640 773 Chaldaeos
673 719 731 772 et
761 728 966 789 magos
996 712 1361 771 Antoninum
1393 710 1657 773 Marcum
1690 710 1751 771 id
1784 714 2009 790 egisse,
2046 721 2111 775 ut

170 797 578 857 Marcomanni
623 814 680 875 p.
716 796 786 856 R.
809 814 1063 878 ‘semper
1095 794 1299 856 deuoti
1332 804 1532 857 essent
1562 805 1739 876 atque
1771 799 1977 868 amici,
2021 796 2112 858 id-

169 899 286 960 que
316 882 544 941 factum
577 881 960 943 carminibus,
1028 886 1088 940 et
1119 882 1629 941 consecrationem
1676 883 1823 943 cum'
1856 900 2109 963 quaere-

167 973 291 1033 ret,
327 984 483 1045 quae
513 965 613 1027 illa
645 973 804 1027 esset
832 966 933 1027 uel
962 965 1067 1027 ubi
1101 972 1289 1035 esset,
1337 984 1734 1045 suppressum
1779 975 1891 1029 est.
1966 988 2110 1029 con·
2146 982 2179 1030 2

169 1050 365 1111 stabat
414 1052 604 1120 enim,
648 1050 818 1111 illum
862 1050 938 1111 ob
982 1050 1096 1111 hoc
1129 1053 1641 1112 consecrationem
1672 1070 1999 1131 quaerere,
2044 1061 2113 1114 ut

95 1155 142 1193 ιο
171 1154 304 1196 eam
347 1135 670 1215 dissiparet
718 1154 826 1215 spe
877 1135 1022 1195 belli
1063 1136 1429 1205 concitandi,
1486 1143 1546 1196 et
1586 1136 1811 1198 idcirco
1856 1140 2111 1199 maxime

170 1220 334 1299 quod
388 1220 662 1281 audierat
711 1239 1072 1300 responsum
1125 1221 1339 1290 fuisse,
1404 1220 1477 1281 ab
1531 1222 1829 1282 Antonino
1886 1222 2111 1284 bellum

165 1306 715 1367 Marcomannicum
757 1306 1116 1374 finiendum,
1163 1323 1299 1365 cum
1343 1305 1440 1366 hic
1483 1306 1695 1367 Varius
1738 1313 1798 1367 et
1836 1306 2111 1385 Helioga-

167 1390 338 1451 balus
393 1400 453 1451 et
503 1390 828 1452 ludibrium
883 1388 1190 1469 publicum
1243 1391 1575 1461 diceretur,
1630 1409 1850 1453 nomen
1913 1400 2109 1454 autem

168 1478 456 1536 Antonini
485 1475 798 1555 pollueret,
831 1477 893 1535 in
925 1475 1085 1551 quod
1115 1477 1437 1537 inuaserat.
1501 1476 1871 1554 prodebatur
1912 1484 2109 1539 autem
2146 1493 2179 1539 3

97 1579 146 1618 15
171 1578 283 1640 per
316 1580 420 1621 eos
451 1562 706 1622 maxime
738 1562 841 1636 qui
872 1560 1184 1629 dolebant,
1232 1561 1345 1621 sibi
1390 1560 1667 1621 homines
1708 1562 1780 1623 ad
1828 1582 2109 1623 exercen-

170 1646 276 1707 das
306 1646 586 1707 libidines
616 1644 769 1706 bene
802 1652 1042 1706 uasatos
1075 1652 1134 1705 et
1163 1646 1405 1707 maioris
1437 1645 1658 1725 peculii
1682 1650 1920 1727 opponi.
1951 1648 2109 1709 unde

172 1732 352 1791 etiam
414 1730 486 1791 de
547 1748 694 1791 nece
757 1732 885 1801 eius
938 1732 1185 1808 cogitari
1240 1732 1455 1811 coepit.
1560 1738 1619 1791 et
1668 1731 1815 1792 haec
1867 1733 2109 1810 quidem

171 1816 353 1876 donn.
1299 1852 1301 1855 >

299 1900 416 1961 Sed
463 1899 684 1960 milites
724 1907 958 1979 pestem
1010 1898 1170 1961 illam
1211 1902 1593 1979 imperatoris
1634 1899 1825 1961 uelari
1868 1904 2109 1961 nomine
2134 1901 2215 1964 10

103 2004 149 2041 20
173 1988 292 2064 pati
335 1987 701 2061 nequierunt
745 2004 813 2046 ac
852 1987 1117 2064 primum
1147 1988 1307 2045 inter
1350 2004 1483 2045 sese
1526 1985 1741 2045 deinde
1785 2004 1894 2064 per
1935 2005 2106 2047 coro-

175 2089 279 2131 nas
309 2072 508 2130 iecere
541 2088 884 2140 sermones,
930 2071 991 2130 in
1033 2069 1436 2141 Alexandrum
1480 2088 1690 2130 omnes
1729 2070 2106 2139 inclinantes,

176 2158 268 2232 qui
298 2158 419 2216 iam
445 2155 661 2236 Caesar
687 2162 814 2217 erat
845 2175 877 2215 a
899 2162 1109 2215 senatu
1144 2173 1214 2214 eo
1241 2160 1531 2233 tempore,
1566 2154 1963 2215 consobrinus
1994 2155 2107 2215 hu-

175 2242 264 2299 ius
294 2241 609 2309 Antonini,
655 2258 794 2300 nam
826 2240 996 2300 Varia
1039 2258 1158 2301 una
1199 2241 1249 2299 is
1284 2247 1412 2300 erat
1443 2241 1595 2309 auia,
1643 2238 1803 2301 unde
1832 2239 2107 2317 Helioga-

177 2325 344 2385 balus
371 2325 584 2386 Varius
615 2324 944 2386 dicebatur.

300 2411 540 2471 Zoticus
571 2409 679 2470 sub
725 2428 795 2469 eo
837 2418 1066 2470 tantum
1111 2407 1299 2470 ualuit
1340 2418 1407 2469 ut
1448 2408 1523 2469 ab
1568 2410 1844 2470 omnibus
1886 2410 2108 2471 officio·
2145 2431 2177 2477 2

176 2514 304 2555 rum
365 2495 740 2573 principibus
801 2496 885 2555 sie
944 2494 1268 2556 haberetur
1330 2497 1501 2573 quasi
1556 2495 1781 2556 domini
1834 2497 2103 2556 maritus,
2170 2512 2173 2520 ·

181 2589 299 2641 erat
328 2587 646 2659 praeterea
673 2580 832 2639 idem
863 2580 1100 2639 Zoticus
1133 2581 1235 2656 qui
1265 2579 1379 2639 hoc
1423 2580 1843 2643 familiaritatis
1885 2596 2109 2659 genere
2145 2602 2176 2648 3

180 2664 425 2725 abutens
459 2664 655 2725 omnia
695 2664 1257 2742 Heliogabali-dicta
1301 2671 1359 2725 et
1398 2666 1551 2727 facta
1592 2666 1889 2726 uenderet
1930 2666 2109 2725 sumis

181 2765 347 2825 quam
378 2752 640 2811 maxime
672 2749 909 2810 diuitias
951 2752 1217 2809 inermes
1251 2767 1535 2826 sperans,
1580 2768 1716 2810 cum
1757 2750 1887 2810 aliis
1918 2752 2106 2810 mina-

109 2841 358 2904 aretur,
395 2834 530 2895 aliis
566 2834 981 2912 polliceretur,
1028 2853 1236 2895 omnes
1278 2833 1511 2897 falleret
1556 2836 1989 2915 egrediensque
2032 2835 2107 2896 ab

180 2917 276 2979 illo
307 2918 580 2999 singulos
617 2919 807 2981 adiret
837 2920 1073 2979 dicens:
1138 2920 1267 2988 „De
1308 2928 1367 2979 te
1412 2920 1524 2979 hoc
1566 2921 1798 2981 locutus
1830 2938 1981 2988 sum,
2033 2919 2107 2979 de

275 3125 300 3172 1
327 3121 638 3173 monobiles
663 3122 764 3171 BP
783 3122 1102 3173 monobolos
1127 3122 1188 3171 M
1212 3139 1303 3175 em.
1332 3124 1373 3171 S
1518 3126 1847 3186 quaererent
1870 3123 1938 3171 M
2078 3127 2108 3173 3

179 3204 308 3253 quos
331 3191 400 3239 M
534 3191 568 3239 4
601 3190 920 3255 profligerat
945 3191 1048 3240 BP
1183 3193 1212 3240 7
1239 3189 1425 3240 factus
1449 3190 1553 3239 BP
1596 3190 1765 3239 factis
1790 3191 1851 3240 M
1899 3191 2109 3241 factum

177 3260 358 3323 scripsi
505 3258 924 3308 consecratione
949 3286 1016 3294 —-
1042 3262 1230 3308 essent
1255 3286 1322 3293 ——
1348 3262 1538 3308 essent
1562 3259 1631 3307 M
1657 3256 1745 3307 eet
1782 3258 1836 3321 (i.
1863 3274 1908 3312 e.
1934 3258 2109 3322 esset)

177 3324 225 3373 B
360 3329 392 3376 9
419 3326 581 3376 olcho
608 3324 656 3375 B
683 3326 876 3376 olchoe
899 3328 950 3377 P
1107 3329 1170 3377 15
1197 3342 1304 3391 quo
1334 3327 1433 3376 BP
1584 3329 1650 3376 20
1676 3326 1878 3376 deindo
1898 3325 1971 3376 P¹

179 3396 238 3442 22
262 3409 368 3459 quo
393 3394 674 3443 macrinus
699 3394 866 3444 BPM
885 3396 1246 3446 consobrinus
1272 3395 1314 3444 S
1424 3397 1490 3445 23
1513 3392 1645 3459 una]
1674 3396 1725 3444 in
1752 3396 1801 3443 B
1824 3410 1900 3444 un
1924 3398 1975 3444 in
2000 3410 2110 3445 ras·

271 3462 359 3511 his
384 3462 454 3512 M
594 3463 662 3511 26
686 3464 916 3513 maritus
941 3468 1092 3513 esset
1116 3463 1184 3513 M
1326 3464 1390 3513 27
1417 3460 1639 3527 genere]
1668 3464 1887 3513 nomine
1915 3463 1981 3511 M

179 3530 242 3578 28
265 3530 428 3581 famis
453 3530 560 3581 BP
691 3532 757 3580 29
783 3531 1132 3598 enorme-BP
1267 3529 1331 3581 31
1356 3530 1575 3582 audiret
1600 3531 1768 3581 BPM.

252 3646 456 3682 semr'r.
487 3649 635 3682 ms‘r.
665 3647 792 3683 Avo.
839 3633 880 3683 1.
1600 3612 1705 3695 ’,14
