2517 3884
383 180 465 244 14
1087 185 1219 241 IVLI
1264 184 1634 243 CAPITOLINI
2487 180 2489 287 l

313 364 345 415 3
379 348 590 415 filium?
660 351 889 414 litteras
946 352 1166 413 deinde
1222 354 1406 414 mittit
1457 353 1529 414 ad
1584 370 1792 413 omncs
1821 355 2200 433 prouincias,
2251 364 2324 417 ut

381 440 683 499 communi
746 436 921 498 saluti
976 436 1359 518 libertatique
1411 438 1792 500 subueniant:
1866 455 2019 516 quae
2078 440 2319 503 auditae

310 535 345 583 4
380 531 517 585 sunt
546 522 621 584 ab
654 522 948 584 omnihus.
1026 522 1285 599 denique
1327 522 1544 601 ubique
1576 524 1750 584 amici
1779 531 1838 584 et
1869 522 2314 587 administrato-

381 624 481 669 res
534 616 593 669 et
643 607 825 669 duces
867 606 1095 668 tribuni
1138 616 1198 667 et
1227 606 1448 670 milites
1476 608 1780 669 Maximini
1808 610 2111 671 interfecti
2143 619 2316 679 sunt;

312 705 345 755 5
379 711 602 775 paucae
644 693 913 753 ciuitates
943 690 1122 752 fidem
1162 692 1322 754 hosti
1379 693 1620 774 publico
1673 702 2095 764 seruauerunt,
2163 712 2319 773 quae
2368 717 2396 757 5

377 778 629 859 proditis
670 779 724 837 is
768 778 867 854 qui
908 778 1079 838 missi
1120 778 1191 837 ad
1235 795 1340 839 eos
1383 780 1626 863 fueran‘
1653 779 1728 841 ad
1767 779 2151 841 Maximinum
2197 783 2319 843 cito

310 874 343 923 6
376 881 488 943 per
538 861 768 925 indices
820 861 1179 923 detulerunt.
1269 862 1625 925 Litterarum
1675 872 1918 926 senatus
1972 864 2318 944 exemplum

377 947 493 1008 hoc
536 949 680 1008 suit:
727 947 1029 1017 „Senatus
1066 948 1450 1028 populusque
1489 949 1792 1011 Romanus
1822 966 1933 1029 per
1976 948 2318 1011 Gordianos

376 1034 682 1114 principes
712 1051 747 1093 a
781 1034 1118 1095 tristissima
1158 1032 1334 1095 belua
1363 1033 1608 1095 liberari
1651 1042 1897 1114 coeptus
1935 1034 2316 1114 proconsuli-

375 1117 489 1179 bus
516 1117 897 1198 praesidibus
927 1118 1137 1196 legatis
1180 1118 1434 1180 ducibus
1474 1118 1730 1181 tribunis
1769 1119 2218 1199 magistratibus
2249 1138 2318 1181 ac
2343 1144 2392 1182 ιο

379 1204 629 1282 singulis
688 1203 1027 1265 ciuitatibus
1083 1211 1143 1264 et
1194 1206 1535 1284 municipiis
1577 1212 1635 1265 et
1676 1200 1914 1285 oppidis
1955 1213 2017 1266 et
2057 1206 2214 1266 uicis
2257 1214 2320 1267 et

377 1288 639 1350 castellis
691 1288 975 1358 salutem,
1036 1307 1215 1367 quam
1254 1308 1414 1351 nunc
1454 1291 1714 1369 primum
1763 1292 2040 1369 recipere
2091 1293 2316 1370 coepit,

308 1385 339 1433 7
377 1374 535 1435 dicit.
615 1375 719 1436 Dis
767 1373 1107 1436 fauentibus
1137 1374 1506 1436 Gordianum
1535 1374 2061 1454 proconsularem,
2115 1377 2318 1437 uirum

269 1495 273 1497 -
375 1460 821 1520 sanctissimum
851 1466 911 1519 et
939 1461 1362 1537 grauissimum
1395 1468 1767 1530 senatorem,
1808 1462 2143 1540 principem
2185 1480 2315 1522 me·
2489 1534 2491 1541 ἶ

374 1545 635 1614 ruimus,
697 1547 1027 1621 Augustum
1058 1543 1518 1625 appellauimus,
1580 1563 1694 1607 nec
1723 1544 1918 1607 solum
1946 1544 2147 1615 illum,
2205 1546 2312 1607 sed
2339 1566 2390 1607 15
2489 1548 2491 1579 ³

378 1629 553 1690 etiam
581 1630 644 1689 in
686 1627 1013 1691 subsidium
1042 1631 1135 1690 rei
1167 1648 1224 1709 p.
1260 1630 1447 1691 filium
1479 1632 1609 1692 eius
1639 1630 2006 1692 Gordianum
2049 1631 2319 1693 nobilem

307 1724 343 1773 8
374 1715 675 1774 iuuenem.
734 1722 1005 1775 uestrum
1046 1733 1207 1776 nunc
1236 1724 1328 1777 est
1369 1718 1709 1777 consentire
1749 1716 1823 1778 ad
1864 1715 2116 1778 salutem
2159 1718 2314 1797 reip.

377 1798 759 1860 obtinendam
794 1807 852 1860 et
882 1800 957 1861 ad
988 1799 1214 1861 scelera
1247 1800 1623 1863 defendenda
1668 1810 1725 1863 et
1771 1800 1844 1861 ad
1875 1800 2039 1863 illam
2070 1801 2316 1863 beluam

376 1892 551 1960 atque
595 1883 755 1945 illius
798 1887 1053 1954 amicos,
1118 1885 1477 1964 ubicumque
1519 1888 1770 1957 fuerint,
1831 1887 2313 1966 persequendos.

308 1980 341 2029 9
378 1989 409 2031 a
451 1969 627 2031 nohis
688 1971 863 2032 etiam
893 1970 1246 2032 Maximinus
1308 1988 1442 2033 cum
1501 1971 1622 2033 filio
1683 1989 1791 2033 suo
1844 1971 2038 2033 hostis
2087 1980 2182 2033 est
2224 1976 2314 2034 iu·
2341 1994 2392 2034 πο

375 2055 669 2116 dicatuS.“

274 2138 355 2203 16
504 2140 755 2201 Senatus
786 2141 1125 2203 consultum
1156 2151 1356 2203 autem
1385 2141 1500 2203 hoc
1530 2142 1669 2203 fuit:
1705 2160 1838 2203 cum
1873 2148 2118 2204 uentum
2151 2152 2318 2205 esset

372 2226 436 2285 in
467 2225 676 2288 aedem
708 2226 1023 2288 Castorum
1062 2227 1157 2288 die
1188 2227 1265 2289 vl
1293 2227 1372 2289 kl.
1403 2226 1716 2296 Iuliarum,
1763 2234 2038 2307 acceptas
2077 2226 2318 2289 litteras

372 2310 575 2371 Iunius
607 2310 847 2373 Silanus
876 2311 1085 2373 consul
1118 2330 1191 2373 ex
1220 2313 1420 2374 Africa
1442 2312 1727 2374 Gordiani
1755 2314 2139 2392 imperatoris
2173 2311 2314 2394 [pa-

304 2406 337 2456 2
373 2396 487 2455 tris
514 2394 773 2475 patriae]
834 2397 1216 2475 proconsulis
1275 2399 1580 2459 recitauit:
1628 2397 1929 2468 „Inuitum
1975 2416 2103 2469 me,
2148 2416 2210 2478 p.
2257 2418 2310 2461 c.
2341 2418 2396 2460 25

370 2480 644 2549 iuueneS,
678 2479 893 2556 quibus
913 2482 1109 2543 Africa
1138 2482 1358 2543 tuenda
1389 2485 1709 2544 commissa
1742 2490 1850 2553 est,
1885 2482 1959 2543 ad
1987 2484 2318 2563 imperium

371 2571 682 2626 uocarunt.
763 2565 869 2627 sed
920 2566 1141 2628 intuitu
1196 2568 1384 2631 uestri
1433 2570 1854 2629 necessitatem
1896 2566 2092 2629 libens
2125 2571 2346 2631 susti·-

360 2666 505 2728 ueo.
579 2657 849 2711 uestrum
880 2658 971 2711 est
1012 2648 1355 2719 aestimare,
1404 2651 1543 2729 quid
1585 2653 1802 2715 uelitis.
1877 2670 2016 2714 nam
2061 2671 2174 2731 ego
2205 2672 2313 2715 us-

303 2751 335 2801 3
374 2752 489 2813 que
518 2733 591 2797 ad
615 2743 857 2796 senatus
885 2736 1167 2797 iudicium
1207 2738 1478 2798 incertus
1508 2746 1567 2798 et
1595 2740 1798 2799 uarius
1827 2737 2192 2800 fluctuabo.“
2223 2738 2312 2801 le-

372 2822 485 2883 ctis
504 2819 739 2890 litteris,
768 2822 967 2882 statim
989 2831 1229 2883 senatus
1254 2822 1634 2884 adclamauit:
1663 2823 2006 2895 „Gordiane
2018 2825 2310 2902 Auguste,
2343 2845 2394 2887 so

372 2978 529 3038 perte
554 2970 633 3023 Β1
794 2976 828 3024 4
852 2979 908 3024 et
932 2974 1143 3024 tribuni
1164 2973 1238 3023 B¹
1401 2978 1432 3027 5
1458 2976 1709 3026 ciuitatis
1731 2975 1837 3027 BP
1978 2976 2012 3025 6
2033 2974 2122 3025 his
2145 2975 2324 3027 BPM

507 3043 539 3091 8
575 3046 911 3107 senatusque
943 3040 1026 3090 B*
1060 3040 1135 3105 (in
1170 3044 1218 3092 P
1248 3058 1354 3107 que
1389 3059 1524 3095 eras.
1557 3051 1617 3094 ut
1645 3042 1776 3107 uid.)
1924 3043 2165 3109 populus
2187 3045 2246 3093 P
2275 3053 2314 3099 t.

370 3108 520 3159 Iord.
664 3111 727 3158 13
751 3108 1195 3174 proconsulerem
1218 3108 1291 3161 31
1340 3110 1723 3178 procunsulem
1745 3112 1816 3161 M
1955 3112 2020 3161 16
2043 3110 2218 3163 fllium
2242 3140 2314 3149 —-

370 3176 508 3297 ἱεείἧ).
536 3190 633 3226 om.
637 3177 725 3295 Β1111
772 3245 785 3258 ·
821 3180 883 3258 17
908 3176 1086 3297 nunx}
1103 3193 1217 3229 nun
1239 3180 1293 3230 B
1315 3182 1369 3231 in
1392 3182 1443 3231 P
1464 3196 1493 3230 c
1515 3181 1572 3255 ²⁶⁹².
1590 3194 1698 3230 ras.
1816 3181 1882 3230 18
1903 3178 2127 3297 11611ιείηὲ
2142 3178 2321 3298 gg}

372 3248 683 3363 cgnsffiltltlim
698 3259 994 3380 {affixum
1036 3315 1145 3367 fuit
1171 3248 1632 3383 exsszpllliilssnffiss
1719 3250 2119 3366 232e2a2223113
2142 3316 2316 3367 BPM

508 3380 564 3431 di
588 3378 692 3429 BP
711 3397 803 3433 om.
832 3383 896 3433 M
919 3382 1009 3433 die
1032 3386 1223 3449 scripsi
1244 3384 1446 3449 (Eyss.)
1593 3385 1660 3433 24
1685 3381 1946 3447 syllanus
1968 3384 2034 3432 M
2066 3405 2070 3412 ·
2177 3398 2316 3433 eon-

374 3448 457 3497 sul
482 3449 571 3499 lex
595 3447 701 3499 BP
833 3451 1043 3503 africae
1068 3452 1235 3503 BPM
1368 3453 1545 3518 patris
1570 3450 1787 3516 patriae
1813 3454 1912 3502 del.
1943 3450 2033 3501 Gr.
2071 3466 2310 3516 procon—

370 3518 505 3569 sulis
530 3518 629 3570 del.
653 3518 905 3585 Eyssenk.
1042 3524 1109 3573 25
1134 3526 1330 3587 patrae
1354 3520 1407 3570 B
