2517 3884
328 125 460 226 210
1035 167 1188 225 Am
1227 145 1558 228 LAMP'Rmn
1604 117 1653 242 ’

263 350 300 398 4
337 344 395 396 te
425 334 540 395 hoc
571 335 804 404 audiui,
853 333 928 394 de
972 341 1029 394 te
1062 333 1178 394 hoc
1221 335 1489 396 futurum
1522 341 1678 396 est.“
1729 342 1803 395 ut
1830 342 1971 396 sunt
2001 334 2279 397 homines

297 457 316 476 .
337 419 700 490 huiusmodi,
738 420 854 496 qui,
903 421 954 479 si
985 419 1226 480 admissi
1257 420 1485 480 fuerint
1514 421 1586 480 ad
1619 422 1860 481 nlmiam
1902 421 2273 482 'familiarita-

336 513 456 580 tem
488 507 850 584 principum,
884 504 1102 564 famam
1133 524 1254 565 non
1288 505 1479 565 solum
1510 504 1803 566 malorum
1845 505 1951 566 sed
1983 514 2041 566 et
2080 505 2271 566 bono—

333 610 468 651 rum
511 591 849 670 principum
901 588 1172 649 uendunt
1226 598 1283 650 et
1339 592 1438 666 qui
1492 590 1738 654 stultitia
1780 590 1880 651 uel
1928 591 2274 651 innocentia

332 677 794 754 imperatorum,
829 675 932 752 qui
962 673 1076 739 hoc
1106 693 1226 734 non
1259 677 1662 755 perspiciunt,
1694 677 1905 736 infami
1935 677 2270 753 rumigera-
2326 693 2358 732 5

263 776 296 822 5
332 762 494 821 tione
525 766 874 838 pascuntur.
937 758 1142 822 nubsit
1174 767 1234 820 et
1266 762 1399 829 coit,
1435 768 1499 820 ut
1540 770 1602 820 et.
1638 760 1979 839 pronubum
2020 758 2275 822 haberet

333 843 736 920 clamaretque
783 843 1086 914 „Concide
1187 847 1413 922 agire“,
1474 853 1531 904 et
1586 864 1657 905 eo
1702 845 1939 924 quidem
1996 851 2272 924 tempore

266 943 298 991 6
339 949 453 1008 quo
487 930 726 990 Zoticus
759 928 1122 1006 aegrotabat.
1175 929 1523 1010 ‘quaerebat
1564 930 1778 990 deinde
1821 950 1854 990 a
1895 929 2273 1008 philosophis

187 1089 190 1092 .
333 1023 392 1075 et
433 1016 805 1092 grauissimis
851 1015 1031 1083 uiriS,
1077 1033 1150 1074 an
1197 1022 1256 1075 et
1300 1016 1418 1092 ipsi
1448 1016 1511 1074 in
1552 1013 1956 1075 adulescentia
1996 1018 2273 1094 perpessi

262 1113 291 1161 7
334 1106 535 1160 essent
567 1117 718 1176 quae
750 1102 880 1178 ipse
912 1106 1245 1178 pateretur,
1280 1100 1459 1176 idque
1500 1099 2026 1177 inpudentissime3
2072 1117 2271 1178 neque
2302 1118 2359 1156 ιο

332 1186 492 1244 enim
521 1194 806 1262 umquam
839 1184 1046 1263 uerbis
1077 1185 1351 1263 pepercit
1395 1185 1740 1253 infamibUS,
1782 1200 1926 1244 -cum
1969 1192 2029 1244 et
2069 1184 2273 1262 digitis

327 1268 738 1349 inpudicitiam
770 1276 1118 1338 ostentaret,
1154 1288 1265 1330 nec
1296 1268 1453 1331 ullus
1480 1271 1546 1330 *in
1578 1276 1879 1330 conuentu
1912 1276 1970 1331 et
1991 1268 2273 1332 audiente

325 1353 548 1435 populo
583 1362 742 1414 esset
768 1355 986 1432 pudor.

230 1437 306 1499 11
457 1441 622 1499 Fecit
663 1436 912 1499 libertos
937 1438 1248 1517 praesides
1280 1436 1508 1515 legatos
1532 1439 1813 1499 consules
1828 1437 2009 1500 duces
2026 1455 2268 1500 omnes-

328 1542 445 1602 que
504 1523 822 1600 ›dignitates
885 1520 1101 1601 polluit
1179 1522 1549 1599 ignobilitate
1620 1523 1929 1584 hominum
1999 1523 2269 1602 perdito·
2302 1543 2361 1581 15

259 1617 290 1664 2
326 1627 486 1668 rum.
560 1625 692 1667 cum
737 1606 807 1666 ad
852 1607 1184 1670 uindemias
1229 1615 1505 1667 uocasset
1546 1608 1772 1667 amicos
1815 1607 2047 1668 nobiles
2092 1616 2151 1668 et
2195 1609 2272 1668 ad
2308 1656 2312 1660 s

327 1691 543 1752 corbes
577 1690 848 1760 sedisset,
882 1691 1301 1768 grauissimum
1336 1693 2007 1769 quemquepercontari
2047 1694 2269 1770 coepit,

326 1795 401 1836 an
433 1783 750 1855 promptus
784 1782 941 1835 esset
981 1777 1043 1835 in
1075 1771 1399 1844 Venerem,
1450 1774 2061 1852 erubescentibusque
2084 1773 2270 1836 ‘seni-

325 1861 440 1922 bus
473 1859 871 1921 exclamabat:
905 1859 1201 1929 eErubuit,
1236 1859 1403 1920 salua
1426 1878 1527 1920 res
1560 1865 1694 1929 est',
1728 1857 2029 1920 silentium
2063 1879 2131 1921 ac
2152 1879 2267 1922 -ru-

257 1957 288 2005 3
325 1947 535 2007 horem
567 1965 678 2024 pro
711 1963 1008 2006 consensu
1041 1944 1287 2006 ducens.
1352 1944 1577 2005 addidit
1606 1951 1920 2024 praeterea
1949 1947 2079 2023 ipse
2112 1963 2268 2022 quae
2298 1966 2355 2004 20

245 2027 291 2090 ‘4
328 2033 581 2101 faceret,
631 2032 758 2092 sine
802 2030 983 2092 ullius·
1010 2031 1256 2110 pudoris
1299 2030 1654 2091 uelamento.
1723 2037 2045 2108 postquam
2090 2049 2269 2092 senes

322 2117 474 2176 uidit
503 2112 865 2177 'erubescere
897 2135 963 2178 ac
994 2123 1214 2184 tacere,
1250 2114 1347 2175 uel
1380 2116 1518 2191 quia
1549 2125 1712 2176 aetas
1754 2115 1853 2175 uel
1880 2116 2031 2193 -quia
2073 2114 2266 2194 digni-

321 2210 412 2262 tas
443 2201 582 2262 talia
614 2201 924 2270 refutabat,
961 2199 1212 2261 contulit
1241 2219 1307 2260 se
1338 2201 1411 2260 ad
1443 2202 1694 2260 iuuenes
1727 2208 1784 2260 et
1816 2200 1889 2261 ab
1932 2199 2025 2260 his
2068 2203 2269 2278 coepit

253 2297 288 2345 5
325 2287 521 2345 omnia
567 2287 902 2362 exquirere.
977 2305 1009 2346 a
1051 2286 1265 2362 quihus
1309 2304 1439 2344 cum
1484 2285 1718 2346 audiret
1760 2287 1936 2346 aetati
1979 2303 2262 2362 congrua,

321 2369 582 2467 gaudere
643 2372 842 2448 coepit
899 2371 1135 2438 dicenS,
1197 2387 1343 2429 uere
1404 2369 1654 2429 liberam
1707 2370 2067 2430 uindemiam
2132 2387 2264 2432 esse
2292 2389 2351 2429 25

252 2463 284 2512 6
321 2471 494 2532 quam
529 2455 615 2513 sic
647 2451 1044 2513 celebrarent.
1109 2455 1315 2514 ferunt
1344 2453 1545 2522 multi,
1595 2454 1667 2515 ab
1711 2456 1841 2532 ipso
1876 2457 2133 2532 primum
2164 2461 2263 2515 re-

318 2544 578 2616 pertum,
613 2539 770 2598 utin
799 2537 1236 2599 uindemiarum
1268 2539 1487 2599 festiuo
1526 2538 1711 2599 multa
1754 2541 1813 2598 in
1857 2540 2129 2600 dominos
2171 2541 2260 2598 io-

319 2623 543 2684 cularia
575 2631 632 2684 et
663 2621 1038 2684 audientibus
1071 2609 1329 2683 dominis
1359 2622 1719 2693 dicerentur,
1756 2640 1905 2700 quae
1948 2627 2075 2702 ipse
2119 2643 2261 2684 con-

318 2715 630 2788 posuerat,
690 2714 748 2767 et
791 2707 1016 2768 Graeca
1075 2710 1351 2768 maxime.
1441 2707 1652 2768 horum
1708 2709 1991 2788 pleraque
2042 2709 2263 2770 Marius

249 2805 282 2853 7
320 2794 606 2855 Maximus
638 2793 826 2853 dicit
811 2811 873 2852 ln
903 2794 1025 2854 uita
1054 2794 1244 2871 ipsius
1275 2791 1664 2871 Heliogabali.-
1744 2800 1915 2853 erant
1956 2795 2129 2854 amici
2164 2796 2255 2854 in·
2290 2813 2348 2853 30

241 2895 244 2897 ’
318 2879 496 2956 probi
528 2885 587 2938 et
617 2897 790 2938 senes
823 2878 1060 2954 quidam
1094 2885 1151 2938 et
1183 2881 1383 2957 specie
1415 2877 1757 2957 philosophi
1802 2880 1901 2954 qui
1944 2885 2119 2958 caput
2161 2898 2259 2938 re-

317 2963 498 3023 ticulo
544 2971 991 3042 conpone-rent,
1051 2965 1150 3040 qui
1189 2962 1447 3042 inproba
1492 2963 1781 3043 quaedam
1823 2964 1945 3042 pati
1988 2981 2052 3022 se
2096 2961 2259 3023 dice-

423 3151 450 3196 1
489 3151 574 3196 est
606 3164 700 3202 om.
725 3145 807 3197 B¹
969 3151 1000 3198 2
1038 3147 1321 3198 admisi.B
1480 3151 1512 3198 3
1547 3148 1751 3200 famam
1775 3175 1841 3183 ——-
1867 3147 2175 3213 principum
2201 3148 2264 3198 'P

313 3216 458 3278 infra
483 3222 674 3265 temtum
831 3219 864 3266 4
889 3215 1084 3266 stultia
1107 3217 1159 3266 B
1320 3218 1351 3268 5
1374 3217 1767 3282 imperaturum
1790 3216 1841 3265 B
1855 3215 1871 3248 ¹
2019 3217 2260 3280 rumige-

315 3283 602 3333 neratione
629 3283 680 3331 B
818 3285 848 3332 6
873 3288 972 3333 aut
999 3288 1054 3334 et
1079 3301 1158 3348 pr.
1183 3285 1236 3333 B
1374 3285 1677 3349 pronubem
1709 3283 1878 3334 BPM
2017 3285 2048 3333 9
2073 3283 2259 3332 aduli-

316 3351 534 3402 scentia
558 3350 609 3399 B
745 3353 809 3402 10
835 3351 1056 3416 quidam
1079 3351 1130 3402 B
1155 3351 1375 3416 quidem
1398 3353 1512 3402 PM·
1539 3352 1705 3416 idque
1729 3353 1919 3415 scripsi
2054 3353 2117 3400 19
2146 3351 2260 3400 cla-

313 3420 503 3469 mabat
526 3415 606 3468 B¹
744 3435 802 3468 re
829 3424 914 3470 est
938 3417 1018 3468 B1
1122 3421 1350 3473 ruborit’
1374 3419 1456 3468 B¹
1560 3421 1626 3472 25
1652 3419 1836 3469 dicere
1861 3419 1963 3467 BP
1986 3422 2042 3467 et
2068 3417 2257 3470 dicere

313 3487 383 3536 M
402 3487 594 3537 dicens
615 3488 804 3552 scripsi
939 3488 1004 3537 26
1031 3487 1340 3540 celebraret
1364 3487 1532 3538 BPM
1663 3489 1729 3537 28
1756 3487 2037 3536 diceretur
2056 3485 2227 3536 BPM
