2517 3884
684 180 980 238 MAxmvs
1021 181 1104 236 ET
1145 146 1479 240 BALvas.
1554 183 1609 240 c.
1642 188 1846 242 7—10.
2152 179 2237 246 59

283 347 441 408 hanc
479 336 864 408 deuotionein
919 357 1125 409 contra
1168 349 1373 410 hostes
1422 351 1671 421 factam,
1727 350 1793 413 ut
1835 354 2056 416 ciuium
2090 372 2225 415 san-

283 434 467 511 guine
497 430 663 493 litato
696 435 896 512 specie
925 451 1262 512 pugnarum
1292 453 1357 496 se
1380 435 1649 498 Nemesis
1684 435 1769 518 [id
1805 445 1895 499 est
1922 439 2018 499 uis
2048 457 2226 517 quac-

285 518 422 578 dam
459 517 792 600 Fortunae]
841 521 1103 580 satiaret.
1179 519 1279 580 alii
1329 519 1444 581 hoc
1485 517 1705 583 litteris
1747 519 2019 593 tradunt,
2068 523 2224 601 quod
2263 533 2295 582 7

281 601 701 664 uerisimilius
749 603 958 674 credo,
1012 606 1203 666 ituros
1245 603 1319 666 ad
1348 605 1569 668 bellum
1601 607 1905 670 Romanos
1947 606 2225 670 debuisse

221 701 252 743 5
281 705 517 769 pugnas
575 689 783 750 uidere
835 697 894 750 et
947 689 1200 752 uulnera
1225 697 1303 750 et
1343 693 1568 752 ferrum
1614 699 1674 753 et
1719 693 1911 754 nudos
1954 695 2113 756 inter
2156 711 2221 756 se

283 781 589 843 coeunteS,
624 791 700 834 ne
731 776 793 835 in
812 774 972 835 hello
1004 784 1266 837 armatos
1295 775 1499 839 hostes
1532 779 1811 839 timerent
1843 786 1941 839 aut
1971 777 2222 840 uulnera

289 865 350 919 et
380 861 733 937 sanguinem
764 859 1318 940 perhorrescerent.

412 944 486 1004 Et
513 945 769 1007 Maximo
803 944 1045 1024 quidem
1089 945 1161 1008 ad
1202 945 1426 1008 bellum
1468 948 1737 1027 profecto
1779 948 2005 1010 Romae
2048 966 2230 1028 praes
2260 943 2327 1008 9.

282 1030 504 1090 toriani
533 1037 970 1092 remanserunt.
1039 1033 1199 1092 inter
1229 1049 1380 1110 quos
1412 1039 1473 1092 et
1494 1032 1780 1112 populum
1811 1041 1973 1095 tanta
2005 1034 2219 1096 seditio
2259 1045 2292 1093 2

190 1129 249 1170 ιο
281 1115 394 1174 fuit
422 1120 489 1174 ut
519 1115 592 1176 ad
623 1110 845 1175 bellum
873 1117 1222 1178 intestinum
1252 1118 1581 1188 ueniretur,
1631 1118 1797 1180 urbis
1826 1118 2049 1180 Romae
2079 1139 2221 1198 pars

280 1201 540 1260 maxima
572 1199 1015 1272 incenderetur,
1049 1201 1280 1280 templa
1304 1203 1713 1273 foedarentur,
1746 1220 1955 1264 omnes
1985 1204 2218 1284 plateae

281 1303 503 1346 cruore
533 1282 962 1363 polluerentur,
995 1305 1134 1347 cum
1165 1287 1479 1359 BalbinuS‚
1515 1287 1695 1348 homo
1724 1286 1939 1358 lenior,
1974 1288 2217 1350 seditio-

277 1387 420 1432 nem
453 1370 662 1432 sedare
705 1387 824 1430 non
855 1379 1077 1450 posset.
1155 1390 1292 1433 nam
1337 1379 1397 1432 et
1442 1375 1504 1433 in
1550 1373 1854 1452 publicum
1897 1376 2215 1452 processit,
2257 1383 2290 1432 3

279 1473 496 1516 manus
536 1454 784 1532 singulis
827 1456 1164 1537 quibusque
1210 1459 1403 1520 tenuit
1448 1468 1507 1519 et
1536 1476 1728 1538 paene
1786 1460 1971 1520 ictum
2004 1459 2219 1540 lapidis

191 1555 252 1597 15
281 1559 494 1620 passus
541 1550 648 1610 est,
691 1545 758 1600 ut
783 1539 884 1600 alii
925 1539 1146 1612 dicunt,
1183 1544 1357 1603 etiam
1389 1543 1543 1605 fuste
1569 1561 1895 1623 percussus
1928 1551 2035 1606 est.
2105 1563 2218 1606 ne·
2254 1551 2290 1601 4

283 1643 396 1702 que
445 1625 710 1687 sedasset
765 1625 1110 1696 tumultum,
1171 1628 1284 1687 nisi
1337 1629 1624 1690 infantem
1657 1629 2019 1690 Gordianum
2075 1649 2219 1709 pur-

281 1719 562 1790 puratum
605 1709 677 1771 ad
720 1711 1015 1790 populum
1058 1710 1391 1791 longissimi
1436 1713 1694 1775 hominis
1737 1714 1890 1776 collo
1923 1733 2217 1794 superpo-

283 1797 462 1857 situm
475 1796 871 1876 produxisset.
907 1815 1026 1892 quo
1058 1799 1190 1864 uiso
1221 1799 1479 1898 populus
1511 1806 1569 1860 et
1600 1799 1819 1861 milites
1848 1817 2036 1878 usque
2067 1800 2218 1865 adeo

229 1875 498 1960 placati
556 1889 696 1943 sunt
755 1889 818 1943 ut
876 1883 1080 1944 amore
1139 1882 1297 1945 illius
1357 1885 1420 1944 in
1481 1883 1861 1946 concordiam
1921 1884 2212 1947 redirent.

183 1983 254 2024 ιο
282 1985 476 2046 neque
534 1985 816 2066 umquam
876 1968 1184 2047 quisquam
1213 1971 1291 2032 in
1334 1968 1433 2030 illa
1476 1977 1667 2030 aetate
1712 1971 1798 2030 sic
1840 1978 2069 2030 amatus
2126 1977 2216 2030 est
2252 1978 2286 2027 5

281 2053 498 2113 merito
527 2054 622 2112 aui
656 2061 716 2113 et
745 2052 1044 2122 auunculi,
1105 2055 1206 2133 qui
1235 2073 1346 2132 pro
1382 2073 1437 2132 p.
1472 2054 1542 2128 Β,
1584 2061 1790 2114 contra
1830 2054 2217 2115 Maximinum

277 2138 339 2197 in
371 2139 565 2199 Africa
599 2139 778 2198 uitam
810 2139 1142 2198 finiuerant
1192 2146 1422 2200 tantum·
1464 2123 1621 2218 apud
1653 2139 1955 2234 Romanos
1988 2157 2214 2199 memo·

280 2225 370 2283 ria
402 2223 698 2284 bonarum
731 2241 939 2284 rerum
968 2221 1146 2285 ualet.

409 2308 662 2370 Maximo
692 2309 875 2386 igitur
917 2308 991 2369 ad
1023 2305 1246 2368 bellum
1277 2310 1547 2392 profecto
1591 2315 1832 2370 senatus
1861 2327 1971 2387 per
2002 2325 2213 2370 omnes
2236 2315 2335 2380 10,

201 2410 252 2452 25
281 2395 560 2472 legiones
606 2392 952 2460 consulares
981 2396 1323 2472 praetorios
1354 2395 1729 2472 quaestorios
1773 2394 2073 2455 aedilicius
2106 2397 2212 2456 tri-

267 2477 550 2548 -hunicios
605 2481 782 2540 etiam
838 2481 1000 2540 uiros
1059 2480 1254 2554 misit,
1314 2481 1395 2540 ita
1436 2486 1502 2540 ut
1550 2497 1940 2572 unaquaeque
2000 2481 2214 2540 ciuitas

279 2551 648 2624 frumentum
689 2582 851 2624 arma
899 2573 958 2625 et
989 2560 1437 2644 propugnacula
1482 2574 1539 2625 et
1580 2583 1783 2626 muros
1811 2575 2079 2644 pararet,
2145 2572 2213 2626 ut

278 2667 392 2728 per-
433 2647 692 2727 singulas
735 2649 916 2711 urbes
955 2650 1311 2711 Maximinus
1352 2649 1719 2728 fatigaretur.
1798 2652 2028 2711 iussum
2071 2656 2213 2710 tunc
2250 2671 2281 2718 2

277 2739 510 2802 tamen,
571 2740 639 2794 ut
679 2735 878 2795 omnia
911 2753 982 2794 ex
1025 2737 1184 2812 agris
1213 2735 1277 2794 in
1309 2737 1581 2796 ciuitates
1611 2734 2073 2813 colligerentur,
2136 2753 2213 2794 ne

204 2835 254 2878 so
281 2818 422 2898 quid
462 2817 660 2902 postis
710 2818 986 2898 publicus
1035 2822 1359 2881 inueniret.
1436 2821 1727 2918 scriptum
1772 2825 1862 2880 est
1900 2828 2215 2906 praeterea
2251 2839 2283 2888 3

281 2904 351 2964 ad
385 2923 594 2964 omnes
625 2906 966 2982 prouincias
999 2905 1192 2965 missis
1244 2905 1650 2965 frumentariis
1701 2905 2083 2980 iussumque,
2148 2909 2216 2963 ut

279 2991 640 3068 quicumque
671 2989 1052 3050 Maximinum
1083 2991 1336 3050 iuuisset
1366 2989 1427 3050 in
1457 2988 1713 3049 hostium
1748 3006 1999 3049 numero
2032 2987 2214 3048 duce-

417 3177 450 3224 2
473 3173 638 3224 litate
663 3174 735 3226 B¹
884 3177 1158 3226 nemescis
1181 3173 1309 3224 B¹P
1327 3181 1365 3224 t.
1391 3175 1538 3226 Iord.
1686 3174 1747 3223 id
1781 3178 1867 3224 est
1892 3175 2055 3238 uis‘q.
2082 3175 2219 3224 For-

280 3247 452 3292 tunae
477 3244 626 3293 ez‘ecz’t
649 3243 694 3294 C
827 3245 1050 3309 quidam
1071 3243 1238 3294 BPM
1370 3245 1405 3292 6
1430 3243 1747 3294 coeciuntes
1771 3240 1899 3293 B¹P
2030 3259 2135 3292 nec
2159 3242 2221 3292 in

281 3311 448 3360 BPM
465 3326 556 3365 em.
585 3310 626 3361 S
735 3314 793 3372 „8
819 3314 1153 3377 praetoriam
1174 3311 1226 3361 B
1366 3314 1397 3362 9
1424 3327 1489 3362 eo
1515 3310 1706 3377 populi
1728 3311 1833 3361 BP
1987 3313 2047 3360 11
2076 3310 2221 3377 plat-

280 3383 408 3428 teae
435 3377 486 3428 B
650 3382 713 3430 12
739 3381 958 3432 albinus
981 3381 1150 3431 BPM
1305 3380 1489 3431 senior
1512 3380 1579 3430 M
1719 3382 1783 3431 15
1808 3384 1869 3429 ut
1894 3380 2016 3432 add.
2042 3377 2084 3428 S

279 3461 603 3510 percussum
629 3463 752 3500 esse
777 3450 839 3500 M
999 3451 1060 3499 19
1087 3448 1544 3499 conconcordiam
1568 3446 1648 3497 B¹
1810 3449 1876 3499 25
1902 3441 2221 3513 quaetorios

279 3512 432 3564 ΒΙΡ1
460 3531 598 3569 corr.
625 3515 702 3565 P3
838 3519 899 3567 31
927 3518 1078 3567 missi
1103 3515 1172 3566 B¹
1315 3521 1379 3568 32
1406 3517 1639 3567 ducetur
1662 3517 1713 3566 B
