2517 3884
0 210 8 258 l

705 209 958 268 OPILIVS
1000 209 1349 266 MACRINVS.
1426 211 1480 268 C.
1512 216 1683 268 4—6.
2034 210 2153 275 187

211 377 391 438 modo
438 377 846 439 Diadumenus
875 377 1274 438 Antoninu3.“
1343 379 1541 438 statim
1582 385 1782 441 tamen
1826 381 1897 441 ad
1942 381 2146 442 delen-

210 461 355 522 dum
399 462 656 523 militum
701 470 928 523 motum
975 460 1340 540 stipendium
1385 470 1444 522 et
1486 462 1830 540 legionariis
1873 474 1933 525 et
1972 486 2149 544 prae-

209 548 458 608 torianis
490 547 655 608 dedit
685 548 859 608 solito
889 545 1170 616 uberius,
1218 555 1424 626 utpote
1467 551 1570 625 qui
1613 557 1936 611 extenuare
1968 570 2148 630 cupe-

207 639 306 694 ret
333 635 715 712 imperatoris
747 634 927 693 occisi
961 634 1206 693 crimen.
1270 633 1613 713 profuitque
1643 637 1923 714 pecunia,
1956 644 2023 698 ut
2054 656 2149 697 so·
2187 649 2221 696 8

149 734 180 774 5
208 716 321 788 let,
369 721 464 779 cui
506 719 848 779 innocentia
889 717 1177 796 prodesse
1230 736 1353 778 non
1403 725 1657 797 poterat.
1743 728 2013 782 retentus
2060 729 2151 782 est

211 805 366 864 enim
400 803 701 882 aliquanto
743 810 1016 882 tempore
1058 804 1119 861 in
1164 803 1422 880 imperio
1466 803 1644 864 homo
1688 807 1977 869 uitiorum
2020 826 2146 868 om-

207 890 392 950 nium.

213 969 218 974 ’
334 972 422 1035 Ad
453 980 726 1034 senatum
757 973 896 1033 dein
926 971 1156 1034 litteras
1187 972 1351 1033 misit
1392 972 1466 1032 de
1507 983 1701 1034 morte
1732 977 2013 1037 Antonini
2057 975 2142 1036 di·-
2180 987 2212 1035 9

205 1077 353 1118 uum
380 1056 551 1119 illum
583 1058 890 1137 appellans
933 1074 1344 1134 excusansque
1388 1076 1453 1118 se
1496 1067 1553 1118 et
1590 1061 1826 1128 iurans,
1872 1061 2029 1140 quod
2073 1062 2149 1122 de

129 1164 182 1204 10
211 1143 392 1204 caede
423 1143 586 1204 illius
617 1142 918 1204 nescierit.
967 1145 1049 1202 ita
1079 1142 1296 1204 sceleri
1327 1161 1435 1203 suo
1468 1161 1635 1202 more
1668 1142 1974 1206 hominum
2005 1149 2144 1224 per-

209 1229 471 1290 ditorum
513 1229 710 1288 iunxit
748 1229 1081 1307 periurium
1131 1226 1193 1307 [a
1240 1246 1357 1304 quo
1399 1229 1668 1306 incipere
1712 1229 1907 1290 decuit
1952 1230 2145 1290 homi-

208 1333 348 1374 nem
389 1311 785 1393 improbum]‚
861 1330 998 1373 cum
1052 1311 1125 1373 ad
1179 1320 1450 1372 senatum
1503 1313 1814 1375 scriberet.
1887 1314 2151 1377 Interest
2180 1309 2221 1372 6

207 1400 399 1475 seire,
432 1397 768 1459 cuiusmodi
797 1399 987 1458 oratio
1018 1398 1232 1467 fuerit,
1266 1415 1382 1476 qua
1416 1416 1479 1457 se
1512 1401 1835 1468 excusauit,
1870 1407 1938 1460 ut
1970 1407 2027 1460 et
2056 1401 2147 1460 in-

208 1485 494 1562 pudentia
523 1484 784 1543 hominis
824 1489 1108 1543 noscatur
1141 1489 1200 1542 et
1241 1481 1649 1562 sacrilegium,
1696 1503 1727 1544 a
1762 1502 1879 1563 quo
1912 1487 2148 1546 initium

130 1593 182 1632 15
210 1571 470 1649 sumpsit
511 1567 804 1649 inprobus
845 1569 1194 1646 imperator.
1260 1568 1463 1647 Capita
1496 1587 1569 1628 ex
1600 1571 1871 1652 oratione
1902 1571 2149 1632 Macrini
2184 1575 2215 1621 2
2262 1619 2271 1629 .

209 1663 270 1714 et
308 1654 663 1716 Diadumeni
703 1655 1166 1732 imperatorum:
1232 1653 1609 1722 „Vellemus,
1655 1674 1711 1733 p.
1750 1674 1835 1723 c.,
1885 1662 1943 1715 et
1984 1657 2147 1717 inco-

134 1739 352 1800 llomi
381 1741 680 1800 Antonino
723 1745 932 1799 nostro
978 1745 1038 1798 et
1076 1739 1311 1800 reuecti
1353 1757 1487 1799 cum
1536 1739 1839 1819 triumpho
1884 1747 2149 1801 uestram

209 1822 588 1885 clementiam
633 1823 858 1883 uidere.
933 1827 1075 1882 tunc
1117 1822 1359 1883 demum
1402 1825 1560 1884 enim
1591 1823 1845 1885 florente
1876 1844 1945 1885 re
1984 1844 2042 1904 p.
2091 1833 2150 1885 et

211 1928 419 1970 omnes
467 1909 677 1969 felices
729 1926 1028 1984 essemuS,
1089 1915 1148 1968 et
1199 1908 1311 1968 sub
1362 1927 1432 1968 eo
1485 1910 1754 1988 principe
1798 1912 2146 1971 uiueremus

129 2019 184 2058 20
211 2013 386 2074 quem
417 1994 592 2055 nobis
622 1996 1058 2055 Antoninorum
1100 1992 1233 2052 loco
1280 1993 1340 2052 di
1381 1993 1688 2054 dederant.
1754 2013 1965 2054 uerum
2012 1997 2148 2070 quia
2184 2008 2217 2054 3

207 2080 268 2139 id
300 2082 546 2140 euenire
575 2097 686 2157 per
718 2078 1038 2139 tumultum
1071 2077 1393 2138 militarem
1426 2096 1548 2137 non
1569 2080 1782 2156 potuit,
1808 2081 2148 2139 nuntiamus

205 2166 488 2243 primum,
524 2164 666 2240 quid
693 2164 766 2223 de
797 2163 970 2223 nobis
1004 2163 1303 2223 exercitus
1316 2163 1561 2230 Tecerit,
1598 2162 1733 2222 dein
1766 2162 2027 2224 honores
2059 2163 2148 2222 di·
2183 2176 2217 2222 4

207 2251 400 2318 uinos,
435 2248 594 2326 quod
637 2251 902 2326 primum
931 2246 1274 2308 faciendum
1316 2255 1435 2316 est,
1484 2247 1863 2308 decernimus
1912 2249 1967 2307 ei
2011 2250 2147 2309 uiro

207 2337 269 2394 in
299 2336 473 2394 cuius
502 2332 685 2394 uerba
717 2334 1084 2400 iurauimus,
1131 2351 1269 2393 cum
1314 2334 1611 2392 exercitus
1658 2332 1914 2392 ultorem
1949 2333 2149 2394 caedis

108 2434 184 2490 ,⁴45
210 2420 477 2480 Bassiani
507 2420 807 2479 neminem
841 2417 1173 2496 digniorem
1223 2418 1527 2496 praefecto
1572 2420 1699 2478 eius
1740 2421 2006 2496 putauit,
2054 2419 2149 2479 cui

210 2511 268 2563 et
295 2507 427 2583 ipse
473 2505 677 2580 utique
721 2502 1138 2563 uindicandam
1182 2503 1500 2564 factionem
1546 2503 1915 2572 mandasset,
1967 2505 2016 2563 si
2048 2504 2140 2564 ui-

207 2607 322 2650 uus
376 2588 755 2667 deprendere
797 2589 1157 2666 potuisset.“
1247 2587 1322 2648 Et
1366 2587 1552 2647 infra:
1616 2588 2024 2657 „Detulerunt
2067 2588 2139 2648 ad
2177 2600 2208 2648 5

211 2693 304 2734 me
351 2675 704 2752 imperium,
776 2675 946 2732 cuius
1001 2690 1142 2750 ego,
1199 2691 1258 2750 p.
1314 2692 1400 2741 c.,
1450 2674 1687 2733 interim
1744 2672 1992 2733 tutelam
2047 2691 2143 2732 re-

213 2760 362 2838 cepi,
401 2757 619 2819 tenebo
649 2760 939 2836 regimen‚
977 2759 1026 2818 si
1058 2763 1118 2817 et
1145 2757 1323 2817 uobis
1354 2758 1646 2836 placuerit
1675 2757 1832 2836 quod
1860 2755 2145 2817 militibus

140 2857 188 2896 30
212 2842 460 2922 placuit,
495 2843 709 2923 quibus
739 2846 852 2903 iam
899 2850 958 2904 et
1001 2843 1358 2920 stipendium
1406 2849 1463 2902 et
1511 2843 1706 2902 omnia
1755 2843 2172 2920 imperatorio'

211 2947 378 2989 more
417 2929 633 2988 iussi.“
714 2928 861 2989 Item
905 2927 1094 2988 infra:
1171 2926 1654 2998 „Diadumenum
1705 2926 1890 2986 filium
1945 2944 2143 2986 meum
2184 2938 2217 2984 6

211 3013 384 3074 uobis
415 3018 626 3073 notum
658 3020 716 3072 et
745 3014 1001 3092 imperio
1047 3011 1220 3072 miles
1266 3012 1509 3072 donauit
1552 3018 1611 3070 et
1656 3013 1917 3080 nomine,
1964 3013 2146 3071 Anto-

212 3099 418 3158 ninum
463 3095 747 3158 uidelicet
794 3097 1134 3177 appellanS,
1181 3104 1245 3157 ut
1287 3095 1783 3157 cohonestaretur
1825 3098 1995 3174 prius
2035 3115 2145 3156 no-

213 3219 241 3246 l

312 3269 343 3316 3
369 3265 612 3316 solitudo
636 3265 766 3316 BP¹
904 3268 936 3315 6
962 3265 1265 3330 aliquando
1289 3263 1423 3314 B¹P
1558 3267 1619 3314 11
1647 3265 1861 3316 iuncxit
1885 3265 1936 3313 B
1984 3281 2017 3314 a
2045 3280 2152 3329 quo

213 3359 276 3368 —
297 3334 604 3398 improbum
626 3337 849 3385 insiticia
871 3335 1032 3385 habeo
1137 3335 1198 3383 12
1223 3333 1545 3396 improbum.
1608 3333 1745 3382 Cum
1768 3362 1834 3369 —
1862 3334 2151 3394 scriberet,

213 3401 312 3450 int.
340 3404 580 3451 distinxit
607 3402 648 3451 G
781 3406 847 3454 20
875 3402 1208 3453 dediderant
1233 3401 1338 3450 BP
1481 3403 1545 3450 ⁶21
1574 3403 1824 3451 eueniret
1848 3401 1952 3450 BP
2086 3403 2153 3450 23

211 3483 342 3518 uero
367 3469 472 3518 BP
627 3471 693 3519 24
723 3471 1061 3522 iurauimus'.
1095 3474 1235 3519 tum:
1266 3469 1571 3519 ‘exercitus
1602 3471 1941 3520 Mommsemcs
2087 3469 2156 3518 30

212 3535 627 3601 imperatorium
653 3555 745 3590 ore
771 3538 901 3589 BP¹
1041 3541 1106 3588 33
1135 3552 1242 3601 quo
1277 3537 1603 3586 honestetur
1626 3537 1729 3588 BP
1750 3538 1818 3587 M
