2517 3884
400 187 527 254 ’.130
1033 230 1046 242 .
1101 192 1252 248 AELI
1295 190 1649 248 SPARTIANI
1698 229 1703 234 -

398 360 733 442 porticibus
773 361 836 419 in
879 357 1125 420 aedibus
1155 357 1437 419 Palatinis
1486 359 1657 436 quasi
1697 359 1761 418 in
1804 359 2056 421 stabulis
2097 378 2335 422 manse-

332 453 364 504 3
400 454 571 516 runt,
616 447 849 522 fuitque
898 446 1211 521 ingressus
1253 443 1469 505 Seueri
1520 443 1765 505 odiosus
1807 451 1985 524 atque
2027 445 2334 516 terribilis,

401 551 538 594 cum
567 529 785 592 milites
813 532 1080 608 inempta
1109 528 1461 608 diriperent,
1492 531 1892 591 uastationem
1932 530 2073 592 urbi
2100 533 2336 594 minan-

330 626 365 674 4
398 625 509 680 tes.
587 617 698 677 alia
739 615 834 675 die
879 615 1123 676 armatis
1165 615 1420 694 stipatus
1463 632 1585 675 non
1640 614 1838 676 solum
1888 615 2177 677 militibus
2231 616 2337 678 sed

399 705 577 765 etiam
617 702 824 764 amicis
861 701 927 762 in
971 706 1248 760 senatum
1292 701 1475 762 uenit.
1536 702 1602 761 in
1646 702 1814 777 curia
1854 700 2117 762 reddidit
2155 703 2337 764 ratio·
2391 717 2417 757 5

397 807 536 850 nem
570 787 836 865 suscepti
863 785 1102 864 imperii
1133 792 1535 864 causatusque
1575 793 1698 856 est,
1748 786 1908 864 quod
1954 786 2026 848 ad
2070 805 2135 848 se
2178 789 2335 850 occi-

332 883 364 932 5
400 871 662 934 dendum
714 869 980 933 Iulianus
1031 877 1208 932 notos
1250 871 1473 932 ducum
1515 871 1797 933 caedibus
1839 873 2117 934 misisset.
2206 873 2339 932 fieri

337 953 348 968 ’
401 960 576 1019 etiam
627 963 870 1018 senatus
922 955 1265 1018 consultum
1318 957 1541 1036 coegit,
1595 975 1673 1017 ne
1724 956 1932 1019 liceret
1986 959 2339 1038 imperatori

333 1054 365 1102 6
398 1042 738 1104 inconsulto
781 1048 994 1103 senatu
1037 1041 1313 1102 occidere
1362 1049 1721 1103 senatorem.
1800 1043 1903 1103 sed
1948 1061 2084 1104 cum
2129 1043 2192 1103 in
2241 1061 2335 1104 se-

399 1134 545 1190 natu
575 1135 766 1198 esset,
809 1126 1031 1188 milites
1071 1146 1182 1206 per
1225 1127 1583 1188 seditionem
1634 1128 1789 1188 dena
1838 1125 2001 1189 milia
2042 1146 2334 1207 poposce-
2366 1144 2417 1184 10

399 1221 544 1276 runt
585 1233 618 1276 a
663 1220 896 1284 senatu,
945 1212 1220 1292 exemplo
1274 1231 1485 1274 eorum
1528 1213 1629 1292 qui
1670 1214 2007 1290 Augustum
2063 1213 2338 1276 Octauia-

333 1310 363 1362 7
399 1317 548 1365 num
575 1297 827 1360 Romam
859 1298 1233 1359 deduxerant
1262 1305 1614 1378 tantumque
1655 1306 2029 1377 acceperant.
2096 1307 2155 1359 et
2200 1317 2340 1359 cum

401 1404 505 1447 eos
546 1384 840 1445 uoluisset
882 1385 1263 1461 conprimere
1307 1384 1573 1445 Seuerus
1613 1402 1727 1445 nec
1768 1385 2091 1463 potuisset,
2136 1390 2339 1444 tamen

331 1481 364 1531 8
399 1470 701 1546 mitigatos
740 1467 935 1528 addita
975 1466 1331 1530 liberalitate
1374 1463 1614 1531 dimisit.
1689 1469 1897 1530 Funus
1937 1469 2154 1530 deinde
2194 1487 2337 1528 cen-

401 1555 628 1615 sorium
660 1553 989 1613 Pertinacis
1031 1552 1277 1630 imagini
1318 1553 1485 1613 duxit
1528 1569 1788 1630 eumque
1826 1555 1985 1614 inter
2026 1554 2198 1615 diuos
2242 1572 2336 1615 sa·
2365 1568 2421 1608 15

402 1639 612 1705 orauit,
649 1637 846 1698 addito
877 1635 1120 1696 flamine
1156 1644 1216 1696 et
1246 1636 1551 1698 sodalibus
1563 1635 1888 1706 HeluianiS‚
1924 1641 2025 1714 qui
2054 1639 2341 1699 Marciani
2498 1635 2500 1642 '

334 1737 366 1786 9
400 1725 657 1785 fuerant.
736 1739 800 1782 se
855 1738 1095 1800 quoque
1135 1720 1513 1782 Pertinacem
1566 1723 1770 1782 uocari
1812 1724 2014 1791 iussit,
2060 1725 2339 1801 quamuis

398 1815 611 1888 postea
640 1805 702 1866 id
732 1824 954 1867 nomen
986 1805 1214 1867 aboleri
1244 1806 1509 1867 uoluerit
1538 1807 1707 1886 quasi
1748 1823 1943 1867 omen.
1990 1807 2340 1868 Amicorum

331 1894 370 1960 8
403 1891 618 1953 dehinc
659 1909 759 1952 aes
791 1889 1048 1952 alienum
1093 1889 1387 1952 dissoluit.
1463 1890 1612 1952 filias
1652 1909 1791 1953 suas
1832 1891 2065 1954 dotatas
2105 1893 2338 1954 maritis

401 1978 602 2041 Probo
636 1983 696 2037 et
722 1977 894 2038 Aetio
925 1975 1106 2037 dedit.
1173 1984 1232 2037 et
1264 1995 1397 2038 cum
1430 1976 1628 2037 Probo
1668 1994 1892 2054 genero
1926 1996 2035 2039 suo
2064 1979 2335 2058 praefec·
2364 1993 2419 2033 20

401 2071 599 2125 turam
629 2062 768 2123 urbi
797 2062 1130 2142 optulisset,
1161 2060 1264 2123 ille
1294 2063 1633 2124 recussauit
1666 2062 1951 2140 dixitque,
1995 2065 2193 2124 minus
2223 2061 2339 2124 sibi

335 2161 368 2211 2
403 2149 600 2210 uideri
629 2149 1001 2226 praesectum
1032 2165 1164 2208 esse
1197 2163 1375 2226 quam
1404 2148 1695 2227 principis
1738 2166 2047 2226 generum.
2103 2157 2335 2209 utrum-

405 2251 522 2310 que
555 2240 754 2293 autem
783 2241 1072 2310 generum
1106 2235 1305 2294 statim
1336 2232 1642 2294 consulem
1674 2233 1847 2303 fecit,
1894 2241 2217 2310 utrumque
2247 2233 2336 2293 di·

335 2333 368 2382 3
403 2319 569 2378 tauit.
623 2316 750 2378 Alia
781 2317 877 2377 die
909 2318 982 2378 ad
1013 2325 1287 2378 senatum
1319 2320 1486 2378 uenit
1516 2325 1576 2378 et
1606 2319 1829 2378 amicos
1859 2317 2066 2378 Iuliani
2094 2319 2334 2378 incusa-

331 2418 368 2465 4
401 2409 498 2462 tos
526 2402 954 2479 proscriptioni
995 2419 1062 2461 ac
1091 2404 1228 2462 neci
1270 2401 1451 2461 dedit.
1515 2419 1723 2462 causas
1763 2401 2053 2478 plurimas
2082 2401 2330 2461 audiuit.
2360 2416 2419 2455 25
2496 2413 2498 2478 j

401 2493 712 2548 accusatos
743 2505 776 2546 a
796 2483 1268 2563 prouincialibus
1297 2485 1526 2545 iudices
1555 2483 1822 2563 probatis
1852 2484 2037 2546 rebus
2066 2486 2333 2562 grauiter
2497 2481 2498 2562 ζ

335 2585 368 2635 5
402 2571 659 2650 puniuit.
729 2571 821 2629 rei
860 2563 1317 2640 frumentariae,
1368 2587 1546 2647 quam
1598 2570 1903 2630 minimam
1949 2566 2330 2649 reppererat,
2496 2595 2498 2658 a

400 2659 483 2717 ita
514 2653 828 2723 consuluit,
862 2662 928 2714 ut
958 2654 1252 2715 excedens
1280 2656 1400 2714 uita
1432 2661 1663 2734 septem
1707 2671 1999 2715 annorum
2044 2673 2333 2716 canonem
2496 2661 2498 2711 l

402 2761 460 2821 p.
495 2740 564 2801 R.
601 2738 988 2817 relinqueret.
1558 2809 1561 2812 ⁴

333 2842 366 2890 6
528 2826 616 2887 Ad
647 2826 896 2886 orientis
929 2831 1146 2886 statum
1177 2825 1650 2902 confirmandum
1680 2826 1989 2905 profectus
2032 2833 2138 2897 est,
2185 2824 2330 2886 nihil
2357 2839 2409 2879 30

335 2929 367 2976 '7
403 2911 596 2972 adhuc
627 2910 700 2972 de
731 2910 916 2988 Nigro·
943 2910 1139 2989 palam
1171 2910 1395 2972 dicens.
1442 2910 1514 2971 ad
1543 2907 1804 2972 Africam
1832 2919 2034 2974 tamen
2065 2911 2331 2990 legiones

399 2998 592 3064 misit,
635 3015 714 3057 ne
742 3015 854 3076 per
884 2995 1128 3078 Libyam
1159 3003 1339 3073 atque
1366 2998 1701 3078 Aegyptum
1731 2995 1916 3074 Niger
1943 2997 2201 3058 Africam
2232 3014 2329 3057 oc-

401 3089 650 3160 cuparet
677 3100 748 3142 ac
777 3100 835 3161 p.
868 3080 939 3141 R.
984 3083 1236 3162 penuria
1292 3084 1405 3165 rei·
1438 3083 1868 3144 frumentariae
1911 3087 2325 3160 perurgueret.

504 3251 536 3299 9
558 3227 871 3301 inconsulti>
895 3253 946 3300 P
969 3250 1026 3315 (u
1045 3259 1231 3316 postea
1253 3251 1415 3316 erae.)
1526 3255 1722 3301 senato
1745 3248 1813 3299 P¹
1931 3251 1994 3300 13
2022 3264 2115 3299 eos
2138 3265 2232 3300 om.
2259 3248 2329 3298 B¹

503 3318 569 3366 16
592 3317 864 3368 flammine
887 3319 939 3368 B
1075 3320 1369 3372 heluianos
1386 3319 1489 3370 BP
1623 3321 1685 3370 18
1719 3333 1861 3383 quae
1898 3333 2057 3367 omen
2080 3316 2182 3366 BP
2204 3333 2331 3380 que-

402 3385 634 3436 rimonia
658 3385 726 3434 M
745 3401 834 3436 em.
860 3385 1102 3454 Bernays
1128 3388 1325 3453 (lor-d.)
1452 3441 1459 3450 ,
1488 3391 1551 3438 19
1576 3387 1787 3438 alienos
1809 3386 1912 3436 BP
2061 3387 2127 3435 20
2160 3401 2333 3450 prono

397 3452 522 3504 BP¹
549 3452 669 3516 (bis)
809 3470 1009 3520 genere
1034 3456 1154 3506 BP¹
1293 3460 1355 3507 21
1382 3456 1665 3508 recusauit
1688 3456 1739 3505 P
1892 3457 1959 3505 28
1981 3455 2103 3519 ipse
2127 3455 2247 3503 uita
2271 3454 2338 3503 M

503 3537 737 3573 anonem
759 3521 833 3571 Β*
969 3527 1032 3576 32
1057 3524 1267 3590 lybiam
1287 3525 1390 3576 BP
1524 3527 1589 3576 33
1615 3540 1680 3574 ac
1705 3528 1865 3589 pater
1888 3523 1956 3573 M
