<?xml version="1.0" encoding="UTF-8"?>
<!DOCTYPE html PUBLIC "-//W3C//DTD XHTML 1.0 Transitional//EN"
    "http://www.w3.org/TR/xhtml1/DTD/xhtml1-transitional.dtd">
<html xmlns="http://www.w3.org/1999/xhtml" xml:lang="en" lang="en">
 <head>
  <title>
</title>
<meta http-equiv="Content-Type" content="text/html;charset=utf-8" />
  <meta name='ocr-system' content='tesseract 3.04.00' />
  <meta name='ocr-capabilities' content='ocr_page ocr_carea ocr_par ocr_line ocrx_word'/>
</head>
<body>
  <div class='ocr_page' id='page_1' title='image "./scriptoreshisto02petegoog_0287.png"; bbox 0 0 2517 3884; ppageno 0'>
   <div class='ocr_carea' id='block_1_1' title="bbox 361 149 1611 214">
    <p class='ocr_par' dir='ltr' id='par_1_1' title="bbox 361 149 1611 214">
     <span class='ocr_line' id='line_1_1' title="bbox 361 149 1611 214; baseline -0.003 0"><span class='ocrx_word' id='word_1_1' title='bbox 361 149 492 214; x_wconf 77' lang='grc'><strong>250</strong></span> <span class='ocrx_word' id='word_1_2' title='bbox 1057 154 1232 210; x_wconf 90' lang='lat' dir='ltr'><strong>AELlI</strong></span> <span class='ocrx_word' id='word_1_3' title='bbox 1277 153 1611 210; x_wconf 85' lang='lat' dir='ltr'><strong>LAMPRIDII</strong></span> 
     </span>
    </p>
   </div>
   <div class='ocr_carea' id='block_1_2' title="bbox 259 318 2397 2957">
    <p class='ocr_par' dir='ltr' id='par_1_2' title="bbox 361 318 2311 486">
     <span class='ocr_line' id='line_1_2' title="bbox 361 318 2311 401; baseline 0 -17"><span class='ocrx_word' id='word_1_4' title='bbox 361 324 536 384; x_wconf 86' lang='lat' dir='ltr'><strong>fectis</strong></span> <span class='ocrx_word' id='word_1_5' title='bbox 565 329 764 383; x_wconf 90' lang='lat' dir='ltr'><strong>autem</strong></span> <span class='ocrx_word' id='word_1_6' title='bbox 795 339 1036 400; x_wconf 84' lang='lat' dir='ltr'><strong>semper</strong></span> <span class='ocrx_word' id='word_1_7' title='bbox 1067 318 1279 383; x_wconf 87' lang='lat' dir='ltr'><strong>detulit</strong></span> <span class='ocrx_word' id='word_1_8' title='bbox 1309 319 1623 390; x_wconf 82' lang='lat' dir='ltr'><strong>adserens,</strong></span> <span class='ocrx_word' id='word_1_9' title='bbox 1680 339 1817 382; x_wconf 89' lang='lat' dir='ltr'><strong>eum</strong></span> <span class='ocrx_word' id='word_1_10' title='bbox 1864 323 1967 401; x_wconf 90' lang='lat' dir='ltr'><strong>qui</strong></span> <span class='ocrx_word' id='word_1_11' title='bbox 1998 329 2311 384; x_wconf 85' lang='lat' dir='ltr'><strong>mereatur</strong></span> 
     </span>
     <span class='ocr_line' id='line_1_3' title="bbox 363 405 2305 486; baseline 0 -18"><span class='ocrx_word' id='word_1_12' title='bbox 363 409 646 470; x_wconf 88' lang='lat' dir='ltr'><strong>iniuriam</strong></span> <span class='ocrx_word' id='word_1_13' title='bbox 673 409 797 486; x_wconf 84' lang='lat' dir='ltr'><strong>pati</strong></span> <span class='ocrx_word' id='word_1_14' title='bbox 827 405 900 467; x_wconf 88' lang='lat' dir='ltr'><strong>ab</strong></span> <span class='ocrx_word' id='word_1_15' title='bbox 931 408 1303 484; x_wconf 83' lang='lat' dir='ltr'><strong>imperatore</strong></span> <span class='ocrx_word' id='word_1_16' title='bbox 1326 405 1729 474; x_wconf 85' lang='lat' dir='ltr'><strong>damnandum</strong></span> <span class='ocrx_word' id='word_1_17' title='bbox 1760 425 1912 476; x_wconf 87' lang='lat' dir='ltr'><strong>esse,</strong></span> <span class='ocrx_word' id='word_1_18' title='bbox 1946 424 2071 468; x_wconf 88' lang='lat' dir='ltr'><strong>non</strong></span> <span class='ocrx_word' id='word_1_19' title='bbox 2102 407 2305 468; x_wconf 88' lang='lat' dir='ltr'><strong>dimit-</strong></span> 
     </span>
    </p>

    <p class='ocr_par' dir='ltr' id='par_1_3' title="bbox 293 490 2393 996">
     <span class='ocr_line' id='line_1_4' title="bbox 293 490 2307 571; baseline 0.002 -23"><span class='ocrx_word' id='word_1_20' title='bbox 293 501 330 548; x_wconf 85' lang='lat'><strong>3</strong></span> <span class='ocrx_word' id='word_1_21' title='bbox 367 493 632 568; x_wconf 85' lang='lat' dir='ltr'><strong>tendum.</strong></span> <span class='ocrx_word' id='word_1_22' title='bbox 723 494 775 552; x_wconf 88' lang='lat' dir='ltr'><strong>si</strong></span> <span class='ocrx_word' id='word_1_23' title='bbox 825 509 1110 570; x_wconf 83' lang='lat' dir='ltr'><strong>umquam</strong></span> <span class='ocrx_word' id='word_1_24' title='bbox 1169 490 1347 552; x_wconf 87' lang='lat' dir='ltr'><strong>alicui</strong></span> <span class='ocrx_word' id='word_1_25' title='bbox 1406 493 1819 571; x_wconf 86' lang='lat' dir='ltr'><strong>praesentium</strong></span> <span class='ocrx_word' id='word_1_26' title='bbox 1886 510 2307 554; x_wconf 81' lang='lat' dir='ltr'><strong>successorem</strong></span> 
     </span>
     <span class='ocr_line' id='line_1_5' title="bbox 365 575 2305 656; baseline 0.001 -18"><span class='ocrx_word' id='word_1_27' title='bbox 365 577 544 647; x_wconf 86' lang='lat' dir='ltr'><strong>dedit,</strong></span> <span class='ocrx_word' id='word_1_28' title='bbox 563 595 803 656; x_wconf 86' lang='lat' dir='ltr'><strong>semper</strong></span> <span class='ocrx_word' id='word_1_29' title='bbox 832 576 980 638; x_wconf 88' lang='lat' dir='ltr'><strong>illud</strong></span> <span class='ocrx_word' id='word_1_30' title='bbox 1011 575 1559 646; x_wconf 80' lang='lat' dir='ltr'><strong>addidit=„Gratias</strong></span> <span class='ocrx_word' id='word_1_31' title='bbox 1581 576 1688 639; x_wconf 88' lang='lat' dir='ltr'><strong>tibi</strong></span> <span class='ocrx_word' id='word_1_32' title='bbox 1710 579 1832 656; x_wconf 84' lang='lat' dir='ltr'><strong>agit</strong></span> <span class='ocrx_word' id='word_1_33' title='bbox 1850 596 1953 638; x_wconf 88' lang='lat' dir='ltr'><strong>res</strong></span> <span class='ocrx_word' id='word_1_34' title='bbox 1974 586 2115 656; x_wconf 76' lang='lat' dir='ltr'><strong>p..“;</strong></span> <span class='ocrx_word' id='word_1_35' title='bbox 2134 596 2305 640; x_wconf 84' lang='lat' dir='ltr'><strong>eum-</strong></span> 
     </span>
     <span class='ocr_line' id='line_1_6' title="bbox 365 661 2393 742; baseline -0.002 -17"><span class='ocrx_word' id='word_1_36' title='bbox 365 681 481 742; x_wconf 88' lang='lat' dir='ltr'><strong>que</strong></span> <span class='ocrx_word' id='word_1_37' title='bbox 523 668 876 724; x_wconf 80' lang='lat' dir='ltr'><strong>muneratus</strong></span> <span class='ocrx_word' id='word_1_38' title='bbox 923 667 1044 732; x_wconf 90' lang='lat' dir='ltr'><strong>est,</strong></span> <span class='ocrx_word' id='word_1_39' title='bbox 1103 664 1183 722; x_wconf 87' lang='lat' dir='ltr'><strong>ita</strong></span> <span class='ocrx_word' id='word_1_40' title='bbox 1225 667 1297 722; x_wconf 89' lang='lat' dir='ltr'><strong>ut</strong></span> <span class='ocrx_word' id='word_1_41' title='bbox 1323 663 1595 740; x_wconf 85' lang='lat' dir='ltr'><strong>priuatus</strong></span> <span class='ocrx_word' id='word_1_42' title='bbox 1636 680 1749 741; x_wconf 89' lang='lat' dir='ltr'><strong>pro</strong></span> <span class='ocrx_word' id='word_1_43' title='bbox 1790 661 1922 724; x_wconf 88' lang='lat' dir='ltr'><strong>loco</strong></span> <span class='ocrx_word' id='word_1_44' title='bbox 1956 681 2067 724; x_wconf 88' lang='lat' dir='ltr'><strong>suo</strong></span> <span class='ocrx_word' id='word_1_45' title='bbox 2097 669 2309 742; x_wconf 84' lang='lat' dir='ltr'><strong>posset</strong></span> <span class='ocrx_word' id='word_1_46' title='bbox 2364 681 2393 721; x_wconf 83' lang='lat'>5</span> 
     </span>
     <span class='ocr_line' id='line_1_7' title="bbox 367 746 2306 826; baseline 0.001 -18"><span class='ocrx_word' id='word_1_47' title='bbox 367 748 618 810; x_wconf 84' lang='lat' dir='ltr'><strong>honeste</strong></span> <span class='ocrx_word' id='word_1_48' title='bbox 677 749 922 816; x_wconf 87' lang='lat' dir='ltr'><strong>uiuere,</strong></span> <span class='ocrx_word' id='word_1_49' title='bbox 983 746 1078 808; x_wconf 83' lang='lat' dir='ltr'><strong>his</strong></span> <span class='ocrx_word' id='word_1_50' title='bbox 1137 747 1381 826; x_wconf 89' lang='lat' dir='ltr'><strong>quidem</strong></span> <span class='ocrx_word' id='word_1_51' title='bbox 1437 746 1820 808; x_wconf 85' lang='lat' dir='ltr'><strong>muneribus:</strong></span> <span class='ocrx_word' id='word_1_52' title='bbox 1886 751 2044 826; x_wconf 86' lang='lat' dir='ltr'><strong>agris</strong></span> <span class='ocrx_word' id='word_1_53' title='bbox 2102 747 2306 810; x_wconf 82' lang='lat' dir='ltr'><strong>bubus</strong></span> 
     </span>
     <span class='ocr_line' id='line_1_8' title="bbox 369 830 2301 912; baseline 0.001 -19"><span class='ocrx_word' id='word_1_54' title='bbox 369 836 544 910; x_wconf 86' lang='lat' dir='ltr'><strong>equis</strong></span> <span class='ocrx_word' id='word_1_55' title='bbox 601 833 905 893; x_wconf 84' lang='lat' dir='ltr'><strong>frumento</strong></span> <span class='ocrx_word' id='word_1_56' title='bbox 965 833 1126 893; x_wconf 83' lang='lat' dir='ltr'><strong>ferro</strong></span> <span class='ocrx_word' id='word_1_57' title='bbox 1186 832 1483 912; x_wconf 86' lang='lat' dir='ltr'><strong>inpendiis</strong></span> <span class='ocrx_word' id='word_1_58' title='bbox 1532 833 1606 894; x_wconf 88' lang='lat' dir='ltr'><strong>ad</strong></span> <span class='ocrx_word' id='word_1_59' title='bbox 1659 834 1992 894; x_wconf 83' lang='lat' dir='ltr'><strong>faciendam</strong></span> <span class='ocrx_word' id='word_1_60' title='bbox 2034 830 2301 903; x_wconf 88' lang='lat' dir='ltr'><strong>domum,</strong></span> 
     </span>
     <span class='ocr_line' id='line_1_9' title="bbox 367 917 2306 996; baseline -0.001 -17"><span class='ocrx_word' id='word_1_61' title='bbox 367 917 768 980; x_wconf 84' lang='lat' dir='ltr'><strong>marmoribus</strong></span> <span class='ocrx_word' id='word_1_62' title='bbox 798 917 871 978; x_wconf 90' lang='lat' dir='ltr'><strong>ad</strong></span> <span class='ocrx_word' id='word_1_63' title='bbox 901 917 1228 978; x_wconf 86' lang='lat' dir='ltr'><strong>ornandam</strong></span> <span class='ocrx_word' id='word_1_64' title='bbox 1274 926 1333 979; x_wconf 91' lang='lat' dir='ltr'><strong>et</strong></span> <span class='ocrx_word' id='word_1_65' title='bbox 1382 920 1611 996; x_wconf 82' lang='lat' dir='ltr'><strong>operiS,</strong></span> <span class='ocrx_word' id='word_1_66' title='bbox 1657 935 1805 996; x_wconf 90' lang='lat' dir='ltr'><strong>quas</strong></span> <span class='ocrx_word' id='word_1_67' title='bbox 1844 920 1996 981; x_wconf 86' lang='lat' dir='ltr'><strong>ratio</strong></span> <span class='ocrx_word' id='word_1_68' title='bbox 2039 918 2306 980; x_wconf 81' lang='lat' dir='ltr'><strong>fabricae</strong></span> 
     </span>
    </p>

    <p class='ocr_par' dir='ltr' id='par_1_4' title="bbox 294 1002 2390 1254">
     <span class='ocr_line' id='line_1_10' title="bbox 294 1002 2307 1082; baseline 0.001 -22"><span class='ocrx_word' id='word_1_69' title='bbox 294 1011 334 1060; x_wconf 88' lang='lat'>4</span> <span class='ocrx_word' id='word_1_70' title='bbox 367 1002 730 1082; x_wconf 83' lang='lat' dir='ltr'><strong>requirebat.</strong></span> <span class='ocrx_word' id='word_1_71' title='bbox 815 1021 1031 1064; x_wconf 89' lang='lat' dir='ltr'><strong>aurum</strong></span> <span class='ocrx_word' id='word_1_72' title='bbox 1071 1009 1132 1063; x_wconf 91' lang='lat' dir='ltr'><strong>et</strong></span> <span class='ocrx_word' id='word_1_73' title='bbox 1160 1010 1477 1081; x_wconf 83' lang='lat' dir='ltr'><strong>argentum</strong></span> <span class='ocrx_word' id='word_1_74' title='bbox 1506 1021 1649 1064; x_wconf 88' lang='lat' dir='ltr'><strong>raro</strong></span> <span class='ocrx_word' id='word_1_75' title='bbox 1678 1005 1954 1080; x_wconf 84' lang='lat' dir='ltr'><strong>cuiquam</strong></span> <span class='ocrx_word' id='word_1_76' title='bbox 1984 1005 2101 1064; x_wconf 85' lang='lat' dir='ltr'><strong>nisi</strong></span> <span class='ocrx_word' id='word_1_77' title='bbox 2130 1002 2307 1064; x_wconf 89' lang='lat' dir='ltr'><strong>militi</strong></span> 
     </span>
     <span class='ocr_line' id='line_1_11' title="bbox 366 1087 2390 1168; baseline 0.001 -20"><span class='ocrx_word' id='word_1_78' title='bbox 366 1089 592 1156; x_wconf 86' lang='lat' dir='ltr'><strong>diuisit,</strong></span> <span class='ocrx_word' id='word_1_79' title='bbox 627 1090 796 1150; x_wconf 85' lang='lat' dir='ltr'><strong>nefas</strong></span> <span class='ocrx_word' id='word_1_80' title='bbox 827 1106 960 1148; x_wconf 90' lang='lat' dir='ltr'><strong>esse</strong></span> <span class='ocrx_word' id='word_1_81' title='bbox 993 1087 1230 1158; x_wconf 79' lang='lat' dir='ltr'><strong>dicenS,</strong></span> <span class='ocrx_word' id='word_1_82' title='bbox 1278 1094 1345 1149; x_wconf 87' lang='lat' dir='ltr'><strong>ut</strong></span> <span class='ocrx_word' id='word_1_83' title='bbox 1382 1088 1762 1166; x_wconf 78' lang='lat' dir='ltr'><strong>dispensator</strong></span> <span class='ocrx_word' id='word_1_84' title='bbox 1802 1087 2077 1168; x_wconf 87' lang='lat' dir='ltr'><strong>publicus</strong></span> <span class='ocrx_word' id='word_1_85' title='bbox 2106 1089 2169 1148; x_wconf 85' lang='lat' dir='ltr'><strong>in</strong></span> <span class='ocrx_word' id='word_1_86' title='bbox 2202 1087 2306 1149; x_wconf 88' lang='lat' dir='ltr'><strong>de·</strong></span> <span class='ocrx_word' id='word_1_87' title='bbox 2336 1111 2390 1150; x_wconf 87' lang='lat'><strong>10</strong></span> 
     </span>
     <span class='ocr_line' id='line_1_12' title="bbox 365 1173 2307 1254; baseline 0 -20"><span class='ocrx_word' id='word_1_88' title='bbox 365 1174 716 1235; x_wconf 83' lang='lat' dir='ltr'><strong>lectationes</strong></span> <span class='ocrx_word' id='word_1_89' title='bbox 777 1191 918 1234; x_wconf 89' lang='lat' dir='ltr'><strong>suas</strong></span> <span class='ocrx_word' id='word_1_90' title='bbox 976 1180 1034 1233; x_wconf 85' lang='lat' dir='ltr'><strong>et</strong></span> <span class='ocrx_word' id='word_1_91' title='bbox 1075 1191 1322 1234; x_wconf 87' lang='lat' dir='ltr'><strong>suorum</strong></span> <span class='ocrx_word' id='word_1_92' title='bbox 1364 1180 1747 1235; x_wconf 87' lang='lat' dir='ltr'><strong>conuerteret</strong></span> <span class='ocrx_word' id='word_1_93' title='bbox 1774 1173 1836 1234; x_wconf 92' lang='lat' dir='ltr'><strong>id</strong></span> <span class='ocrx_word' id='word_1_94' title='bbox 1867 1175 2027 1254; x_wconf 91' lang='lat' dir='ltr'><strong>quod</strong></span> <span class='ocrx_word' id='word_1_95' title='bbox 2056 1175 2307 1253; x_wconf 88' lang='lat' dir='ltr'><strong>prouin-</strong></span> 
     </span>
    </p>

    <p class='ocr_par' dir='ltr' id='par_1_5' title="bbox 299 1258 2309 1406">
     <span class='ocr_line' id='line_1_13' title="bbox 299 1258 2309 1336; baseline 0 -18"><span class='ocrx_word' id='word_1_96' title='bbox 299 1267 332 1317; x_wconf 88' lang='lat'>5</span> <span class='ocrx_word' id='word_1_97' title='bbox 368 1258 548 1320; x_wconf 88' lang='lat' dir='ltr'><strong>ciales</strong></span> <span class='ocrx_word' id='word_1_98' title='bbox 602 1259 926 1319; x_wconf 86' lang='lat' dir='ltr'><strong>dedissent.</strong></span> <span class='ocrx_word' id='word_1_99' title='bbox 1005 1275 1220 1320; x_wconf 91' lang='lat' dir='ltr'><strong>aurum</strong></span> <span class='ocrx_word' id='word_1_100' title='bbox 1280 1259 1741 1336; x_wconf 85' lang='lat' dir='ltr'><strong>negotiatorium</strong></span> <span class='ocrx_word' id='word_1_101' title='bbox 1804 1267 1863 1320; x_wconf 86' lang='lat' dir='ltr'><strong>et</strong></span> <span class='ocrx_word' id='word_1_102' title='bbox 1922 1261 2309 1322; x_wconf 74' lang='lat' dir='ltr'><strong>coronarium</strong></span> 
     </span>
     <span class='ocr_line' id='line_1_14' title="bbox 366 1344 872 1406; baseline -0.002 -2"><span class='ocrx_word' id='word_1_103' title='bbox 366 1344 592 1404; x_wconf 88' lang='lat' dir='ltr'><strong>Romae</strong></span> <span class='ocrx_word' id='word_1_104' title='bbox 624 1345 872 1406; x_wconf 86' lang='lat' dir='ltr'><strong>remisit.</strong></span> 
     </span>
    </p>

    <p class='ocr_par' dir='ltr' id='par_1_6' title="bbox 259 1426 2395 1678">
     <span class='ocr_line' id='line_1_15' title="bbox 259 1426 2307 1508; baseline -0 -19"><span class='ocrx_word' id='word_1_105' title='bbox 259 1426 350 1490; x_wconf 80' lang='lat'><strong>33</strong></span> <span class='ocrx_word' id='word_1_106' title='bbox 537 1430 706 1490; x_wconf 84' lang='lat' dir='ltr'><strong>Fecit</strong></span> <span class='ocrx_word' id='word_1_107' title='bbox 733 1429 958 1490; x_wconf 87' lang='lat' dir='ltr'><strong>Romae</strong></span> <span class='ocrx_word' id='word_1_108' title='bbox 1001 1435 1308 1489; x_wconf 82' lang='lat' dir='ltr'><strong>curatores</strong></span> <span class='ocrx_word' id='word_1_109' title='bbox 1352 1427 1521 1488; x_wconf 88' lang='lat' dir='ltr'><strong>urbis</strong></span> <span class='ocrx_word' id='word_1_110' title='bbox 1564 1430 2040 1508; x_wconf 86' lang='lat' dir='ltr'><strong>quattuordecim</strong></span> <span class='ocrx_word' id='word_1_111' title='bbox 2082 1429 2189 1490; x_wconf 90' lang='lat' dir='ltr'><strong>sed</strong></span> <span class='ocrx_word' id='word_1_112' title='bbox 2234 1446 2307 1490; x_wconf 84' lang='lat' dir='ltr'><strong>ex</strong></span> 
     </span>
     <span class='ocr_line' id='line_1_16' title="bbox 372 1513 2395 1595; baseline 0.001 -21"><span class='ocrx_word' id='word_1_113' title='bbox 372 1513 716 1575; x_wconf 83' lang='lat' dir='ltr'><strong>consulibus</strong></span> <span class='ocrx_word' id='word_1_114' title='bbox 745 1515 940 1582; x_wconf 86' lang='lat' dir='ltr'><strong>uiros,</strong></span> <span class='ocrx_word' id='word_1_115' title='bbox 974 1531 1126 1591; x_wconf 89' lang='lat' dir='ltr'><strong>quos</strong></span> <span class='ocrx_word' id='word_1_116' title='bbox 1168 1513 1377 1573; x_wconf 88' lang='lat' dir='ltr'><strong>audire</strong></span> <span class='ocrx_word' id='word_1_117' title='bbox 1419 1515 1657 1592; x_wconf 84' lang='lat' dir='ltr'><strong>negotia</strong></span> <span class='ocrx_word' id='word_1_118' title='bbox 1702 1513 1929 1576; x_wconf 86' lang='lat' dir='ltr'><strong>urbana</strong></span> <span class='ocrx_word' id='word_1_119' title='bbox 1960 1533 2097 1576; x_wconf 90' lang='lat' dir='ltr'><strong>cum</strong></span> <span class='ocrx_word' id='word_1_120' title='bbox 2130 1533 2307 1595; x_wconf 88' lang='lat' dir='ltr'><strong>prae·</strong></span> <span class='ocrx_word' id='word_1_121' title='bbox 2340 1537 2395 1576; x_wconf 84' lang='lat'><strong>15</strong></span> 
     </span>
     <span class='ocr_line' id='line_1_17' title="bbox 371 1598 2308 1678; baseline 0 -18"><span class='ocrx_word' id='word_1_122' title='bbox 371 1601 528 1660; x_wconf 85' lang='lat' dir='ltr'><strong>fecto</strong></span> <span class='ocrx_word' id='word_1_123' title='bbox 560 1598 730 1660; x_wconf 90' lang='lat' dir='ltr'><strong>urbis</strong></span> <span class='ocrx_word' id='word_1_124' title='bbox 759 1599 956 1666; x_wconf 86' lang='lat' dir='ltr'><strong>iussit,</strong></span> <span class='ocrx_word' id='word_1_125' title='bbox 991 1599 1072 1658; x_wconf 87' lang='lat' dir='ltr'><strong>ita</strong></span> <span class='ocrx_word' id='word_1_126' title='bbox 1104 1606 1168 1659; x_wconf 92' lang='lat' dir='ltr'><strong>ut</strong></span> <span class='ocrx_word' id='word_1_127' title='bbox 1198 1617 1409 1660; x_wconf 82' lang='lat' dir='ltr'><strong>omues</strong></span> <span class='ocrx_word' id='word_1_128' title='bbox 1439 1605 1543 1658; x_wconf 85' lang='lat' dir='ltr'><strong>aut</strong></span> <span class='ocrx_word' id='word_1_129' title='bbox 1583 1617 1794 1678; x_wconf 87' lang='lat' dir='ltr'><strong>magna</strong></span> <span class='ocrx_word' id='word_1_130' title='bbox 1836 1617 1981 1678; x_wconf 87' lang='lat' dir='ltr'><strong>pars</strong></span> <span class='ocrx_word' id='word_1_131' title='bbox 2011 1599 2308 1669; x_wconf 85' lang='lat' dir='ltr'><strong>adessent,</strong></span> 
     </span>
    </p>

    <p class='ocr_par' dir='ltr' id='par_1_7' title="bbox 302 1683 2314 1932">
     <span class='ocr_line' id='line_1_18' title="bbox 302 1683 2311 1762; baseline 0.002 -21"><span class='ocrx_word' id='word_1_132' title='bbox 302 1695 334 1741; x_wconf 80' lang='lat'><strong>2</strong></span> <span class='ocrx_word' id='word_1_133' title='bbox 373 1702 508 1745; x_wconf 85' lang='lat' dir='ltr'><strong>cum</strong></span> <span class='ocrx_word' id='word_1_134' title='bbox 541 1690 669 1744; x_wconf 85' lang='lat' dir='ltr'><strong>acta</strong></span> <span class='ocrx_word' id='word_1_135' title='bbox 699 1683 960 1744; x_wconf 80' lang='lat' dir='ltr'><strong>fierent..</strong></span> <span class='ocrx_word' id='word_1_136' title='bbox 1005 1701 1260 1762; x_wconf 88' lang='lat' dir='ltr'><strong>corpora</strong></span> <span class='ocrx_word' id='word_1_137' title='bbox 1291 1685 1561 1746; x_wconf 89' lang='lat' dir='ltr'><strong>omnium</strong></span> <span class='ocrx_word' id='word_1_138' title='bbox 1595 1685 1902 1746; x_wconf 87' lang='lat' dir='ltr'><strong>constituit</strong></span> <span class='ocrx_word' id='word_1_139' title='bbox 1932 1685 2311 1745; x_wconf 88' lang='lat' dir='ltr'><strong>uinariorum</strong></span> 
     </span>
     <span class='ocr_line' id='line_1_19' title="bbox 371 1767 2314 1848; baseline 0.001 -20"><span class='ocrx_word' id='word_1_140' title='bbox 371 1767 804 1848; x_wconf 86' lang='lat' dir='ltr'><strong>lupinariorum</strong></span> <span class='ocrx_word' id='word_1_141' title='bbox 841 1767 1263 1845; x_wconf 83' lang='lat' dir='ltr'><strong>caligariorum</strong></span> <span class='ocrx_word' id='word_1_142' title='bbox 1310 1775 1369 1831; x_wconf 90' lang='lat' dir='ltr'><strong>et</strong></span> <span class='ocrx_word' id='word_1_143' title='bbox 1395 1770 1641 1830; x_wconf 83' lang='lat' dir='ltr'><strong>omnino</strong></span> <span class='ocrx_word' id='word_1_144' title='bbox 1670 1770 1939 1830; x_wconf 89' lang='lat' dir='ltr'><strong>omnium</strong></span> <span class='ocrx_word' id='word_1_145' title='bbox 1973 1771 2191 1830; x_wconf 85' lang='lat' dir='ltr'><strong>artium</strong></span> <span class='ocrx_word' id='word_1_146' title='bbox 2224 1778 2314 1830; x_wconf 88' lang='lat' dir='ltr'><strong>at·</strong></span> 
     </span>
     <span class='ocr_line' id='line_1_20' title="bbox 375 1852 2313 1932; baseline 0.001 -18"><span class='ocrx_word' id='word_1_147' title='bbox 375 1870 492 1932; x_wconf 91' lang='lat' dir='ltr'><strong>que</strong></span> <span class='ocrx_word' id='word_1_148' title='bbox 522 1873 597 1914; x_wconf 82' lang='lat' dir='ltr'><strong>ex</strong></span> <span class='ocrx_word' id='word_1_149' title='bbox 627 1872 761 1914; x_wconf 90' lang='lat' dir='ltr'><strong>sese</strong></span> <span class='ocrx_word' id='word_1_150' title='bbox 781 1853 1133 1915; x_wconf 80' lang='lat' dir='ltr'><strong>defensores</strong></span> <span class='ocrx_word' id='word_1_151' title='bbox 1156 1852 1321 1914; x_wconf 90' lang='lat' dir='ltr'><strong>dedit</strong></span> <span class='ocrx_word' id='word_1_152' title='bbox 1352 1860 1413 1914; x_wconf 90' lang='lat' dir='ltr'><strong>et</strong></span> <span class='ocrx_word' id='word_1_153' title='bbox 1440 1855 1761 1932; x_wconf 86' lang='lat' dir='ltr'><strong>iussit‚.qui</strong></span> <span class='ocrx_word' id='word_1_154' title='bbox 1792 1853 1869 1914; x_wconf 89' lang='lat' dir='ltr'><strong>ad</strong></span> <span class='ocrx_word' id='word_1_155' title='bbox 1900 1870 2051 1931; x_wconf 87' lang='lat' dir='ltr'><strong>quos</strong></span> <span class='ocrx_word' id='word_1_156' title='bbox 2080 1855 2313 1916; x_wconf 88' lang='lat' dir='ltr'><strong>iudices</strong></span> 
     </span>
    </p>

    <p class='ocr_par' dir='ltr' id='par_1_8' title="bbox 301 1940 2397 2442">
     <span class='ocr_line' id='line_1_21' title="bbox 301 1940 2393 2018; baseline 0.002 -20"><span class='ocrx_word' id='word_1_157' title='bbox 301 1951 338 1998; x_wconf 87' lang='lat'><strong>3</strong></span> <span class='ocrx_word' id='word_1_158' title='bbox 375 1940 725 2018; x_wconf 81' lang='lat' dir='ltr'><strong>pertineret.</strong></span> <span class='ocrx_word' id='word_1_159' title='bbox 775 1940 1066 2000; x_wconf 88' lang='lat' dir='ltr'><strong>scaenicis</strong></span> <span class='ocrx_word' id='word_1_160' title='bbox 1097 1955 1427 2016; x_wconf 80' lang='lat' dir='ltr'><strong>numquam</strong></span> <span class='ocrx_word' id='word_1_161' title='bbox 1458 1957 1698 2009; x_wconf 88' lang='lat' dir='ltr'><strong>aurum,</strong></span> <span class='ocrx_word' id='word_1_162' title='bbox 1732 1957 2058 2018; x_wconf 87' lang='lat' dir='ltr'><strong>numquam</strong></span> <span class='ocrx_word' id='word_1_163' title='bbox 2091 1957 2308 2017; x_wconf 85' lang='lat' dir='ltr'><strong>argen-</strong></span> <span class='ocrx_word' id='word_1_164' title='bbox 2338 1965 2393 2003; x_wconf 80' lang='lat'><strong>20</strong></span> 
     </span>
     <span class='ocr_line' id='line_1_22' title="bbox 374 2022 2315 2103; baseline -0.001 -16"><span class='ocrx_word' id='word_1_165' title='bbox 374 2032 520 2092; x_wconf 88' lang='lat' dir='ltr'><strong>tum,</strong></span> <span class='ocrx_word' id='word_1_166' title='bbox 554 2022 657 2084; x_wconf 62' lang='grc' dir='ltr'><strong>υἱέι</strong></span> <span class='ocrx_word' id='word_1_167' title='bbox 687 2025 1004 2103; x_wconf 88' lang='lat' dir='ltr'><strong>pecuniam</strong></span> <span class='ocrx_word' id='word_1_168' title='bbox 1034 2023 1305 2092; x_wconf 86' lang='lat' dir='ltr'><strong>donauit,</strong></span> <span class='ocrx_word' id='word_1_169' title='bbox 1337 2024 1634 2102; x_wconf 88' lang='lat' dir='ltr'><strong>pretiosas</strong></span> <span class='ocrx_word' id='word_1_170' title='bbox 1662 2031 1895 2094; x_wconf 82' lang='lat' dir='ltr'><strong>uestes,</strong></span> <span class='ocrx_word' id='word_1_171' title='bbox 1914 2041 2075 2102; x_wconf 88' lang='lat' dir='ltr'><strong>quas</strong></span> <span class='ocrx_word' id='word_1_172' title='bbox 2106 2023 2315 2085; x_wconf 90' lang='lat' dir='ltr'><strong>Helio·</strong></span> 
     </span>
     <span class='ocr_line' id='line_1_23' title="bbox 372 2107 2315 2188; baseline 0.001 -19"><span class='ocrx_word' id='word_1_173' title='bbox 372 2107 617 2188; x_wconf 84' lang='lat' dir='ltr'><strong>gabalus</strong></span> <span class='ocrx_word' id='word_1_174' title='bbox 647 2108 924 2178; x_wconf 86' lang='lat' dir='ltr'><strong>dederat,</strong></span> <span class='ocrx_word' id='word_1_175' title='bbox 959 2115 1018 2168; x_wconf 90' lang='lat' dir='ltr'><strong>et</strong></span> <span class='ocrx_word' id='word_1_176' title='bbox 1048 2107 1285 2170; x_wconf 86' lang='lat' dir='ltr'><strong>sustulit</strong></span> <span class='ocrx_word' id='word_1_177' title='bbox 1320 2116 1382 2168; x_wconf 88' lang='lat' dir='ltr'><strong>et</strong></span> <span class='ocrx_word' id='word_1_178' title='bbox 1410 2108 1628 2169; x_wconf 84' lang='lat' dir='ltr'><strong>milites</strong></span> <span class='ocrx_word' id='word_1_179' title='bbox 1680 2126 1832 2186; x_wconf 87' lang='lat' dir='ltr'><strong>quos</strong></span> <span class='ocrx_word' id='word_1_180' title='bbox 1878 2109 2315 2170; x_wconf 86' lang='lat' dir='ltr'><strong>ostensionales</strong></span> 
     </span>
     <span class='ocr_line' id='line_1_24' title="bbox 371 2191 2314 2272; baseline 0 -18"><span class='ocrx_word' id='word_1_181' title='bbox 371 2201 590 2254; x_wconf 81' lang='lat' dir='ltr'><strong>uocant</strong></span> <span class='ocrx_word' id='word_1_182' title='bbox 619 2213 741 2254; x_wconf 87' lang='lat' dir='ltr'><strong>non</strong></span> <span class='ocrx_word' id='word_1_183' title='bbox 770 2191 1050 2272; x_wconf 88' lang='lat' dir='ltr'><strong>pretiosis</strong></span> <span class='ocrx_word' id='word_1_184' title='bbox 1093 2192 1198 2254; x_wconf 85' lang='lat' dir='ltr'><strong>sed</strong></span> <span class='ocrx_word' id='word_1_185' title='bbox 1239 2193 1528 2272; x_wconf 88' lang='lat' dir='ltr'><strong>speciosis</strong></span> <span class='ocrx_word' id='word_1_186' title='bbox 1572 2193 1747 2255; x_wconf 88' lang='lat' dir='ltr'><strong>claris</strong></span> <span class='ocrx_word' id='word_1_187' title='bbox 1790 2191 2077 2255; x_wconf 57' lang='lat' dir='ltr'><strong>”uestibus</strong></span> <span class='ocrx_word' id='word_1_188' title='bbox 2130 2213 2314 2256; x_wconf 85' lang='lat' dir='ltr'><strong>orna-</strong></span> 
     </span>
     <span class='ocr_line' id='line_1_25' title="bbox 373 2279 2317 2358; baseline -0.001 -19"><span class='ocrx_word' id='word_1_189' title='bbox 373 2279 476 2339; x_wconf 88' lang='lat' dir='ltr'><strong>bat</strong></span> <span class='ocrx_word' id='word_1_190' title='bbox 534 2295 647 2339; x_wconf 89' lang='lat' dir='ltr'><strong>nec</strong></span> <span class='ocrx_word' id='word_1_191' title='bbox 689 2279 939 2339; x_wconf 89' lang='lat' dir='ltr'><strong>multum</strong></span> <span class='ocrx_word' id='word_1_192' title='bbox 979 2279 1042 2339; x_wconf 90' lang='lat' dir='ltr'><strong>in</strong></span> <span class='ocrx_word' id='word_1_193' title='bbox 1085 2280 1254 2356; x_wconf 84' lang='lat' dir='ltr'><strong>signa</strong></span> <span class='ocrx_word' id='word_1_194' title='bbox 1296 2286 1394 2339; x_wconf 88' lang='lat' dir='ltr'><strong>aut</strong></span> <span class='ocrx_word' id='word_1_195' title='bbox 1436 2279 1508 2339; x_wconf 91' lang='lat' dir='ltr'><strong>ad</strong></span> <span class='ocrx_word' id='word_1_196' title='bbox 1540 2287 1887 2358; x_wconf 87' lang='lat' dir='ltr'><strong>apparatum</strong></span> <span class='ocrx_word' id='word_1_197' title='bbox 1919 2281 2151 2358; x_wconf 84' lang='lat' dir='ltr'><strong>regium</strong></span> <span class='ocrx_word' id='word_1_198' title='bbox 2184 2281 2317 2340; x_wconf 88' lang='lat' dir='ltr'><strong>auri</strong></span> 
     </span>
     <span class='ocr_line' id='line_1_26' title="bbox 377 2361 2397 2442; baseline 0.002 -19"><span class='ocrx_word' id='word_1_199' title='bbox 377 2370 438 2423; x_wconf 87' lang='lat' dir='ltr'><strong>et</strong></span> <span class='ocrx_word' id='word_1_200' title='bbox 467 2364 644 2423; x_wconf 89' lang='lat' dir='ltr'><strong>serici</strong></span> <span class='ocrx_word' id='word_1_201' title='bbox 671 2361 994 2442; x_wconf 86' lang='lat' dir='ltr'><strong>deputabat</strong></span> <span class='ocrx_word' id='word_1_202' title='bbox 1023 2363 1246 2433; x_wconf 66' lang='lat' dir='ltr'><strong>dicem,</strong></span> <span class='ocrx_word' id='word_1_203' title='bbox 1278 2365 1599 2442; x_wconf 86' lang='lat' dir='ltr'><strong>imperium</strong></span> <span class='ocrx_word' id='word_1_204' title='bbox 1626 2367 1691 2424; x_wconf 92' lang='lat' dir='ltr'><strong>in</strong></span> <span class='ocrx_word' id='word_1_205' title='bbox 1718 2365 1941 2426; x_wconf 87' lang='lat' dir='ltr'><strong>uirtute</strong></span> <span class='ocrx_word' id='word_1_206' title='bbox 1974 2383 2123 2432; x_wconf 90' lang='lat' dir='ltr'><strong>esse,</strong></span> <span class='ocrx_word' id='word_1_207' title='bbox 2188 2381 2313 2424; x_wconf 87' lang='lat' dir='ltr'><strong>non</strong></span> <span class='ocrx_word' id='word_1_208' title='bbox 2344 2388 2397 2427; x_wconf 79' lang='lat'><strong>25</strong></span> 
     </span>
    </p>

    <p class='ocr_par' dir='ltr' id='par_1_9' title="bbox 303 2447 2319 2679">
     <span class='ocr_line' id='line_1_27' title="bbox 303 2447 2319 2512; baseline 0 -6"><span class='ocrx_word' id='word_1_209' title='bbox 303 2457 342 2506; x_wconf 85' lang='lat'>4</span> <span class='ocrx_word' id='word_1_210' title='bbox 376 2450 440 2508; x_wconf 88' lang='lat' dir='ltr'><strong>in</strong></span> <span class='ocrx_word' id='word_1_211' title='bbox 471 2447 707 2508; x_wconf 85' lang='lat' dir='ltr'><strong>decore.</strong></span> <span class='ocrx_word' id='word_1_212' title='bbox 783 2447 1071 2508; x_wconf 87' lang='lat' dir='ltr'><strong>clamides</strong></span> <span class='ocrx_word' id='word_1_213' title='bbox 1100 2447 1289 2509; x_wconf 89' lang='lat' dir='ltr'><strong>hirtas</strong></span> <span class='ocrx_word' id='word_1_214' title='bbox 1322 2448 1534 2510; x_wconf 89' lang='lat' dir='ltr'><strong>Seueri</strong></span> <span class='ocrx_word' id='word_1_215' title='bbox 1581 2457 1639 2510; x_wconf 87' lang='lat' dir='ltr'><strong>et</strong></span> <span class='ocrx_word' id='word_1_216' title='bbox 1678 2451 1913 2512; x_wconf 84' lang='lat' dir='ltr'><strong>tunicas</strong></span> <span class='ocrx_word' id='word_1_217' title='bbox 1954 2466 2185 2512; x_wconf 88' lang='lat' dir='ltr'><strong>asemas</strong></span> <span class='ocrx_word' id='word_1_218' title='bbox 2214 2448 2319 2508; x_wconf 92' lang='lat' dir='ltr'><strong>uel</strong></span> 
     </span>
     <span class='ocr_line' id='line_1_28' title="bbox 376 2529 2317 2613; baseline 0.002 -21"><span class='ocrx_word' id='word_1_219' title='bbox 376 2531 822 2601; x_wconf 79' lang='lat' dir='ltr'><strong>macrocheras,</strong></span> <span class='ocrx_word' id='word_1_220' title='bbox 863 2529 909 2612; x_wconf 95' lang='lat'>†</span> <span class='ocrx_word' id='word_1_221' title='bbox 941 2540 1000 2593; x_wconf 91' lang='lat' dir='ltr'><strong>et</strong></span> <span class='ocrx_word' id='word_1_222' title='bbox 1040 2551 1343 2612; x_wconf 84' lang='lat' dir='ltr'><strong>purpurea</strong></span> <span class='ocrx_word' id='word_1_223' title='bbox 1400 2551 1522 2594; x_wconf 90' lang='lat' dir='ltr'><strong>non</strong></span> <span class='ocrx_word' id='word_1_224' title='bbox 1582 2551 1796 2613; x_wconf 86' lang='lat' dir='ltr'><strong>magna</strong></span> <span class='ocrx_word' id='word_1_225' title='bbox 1856 2537 1929 2597; x_wconf 86' lang='lat' dir='ltr'><strong>ad</strong></span> <span class='ocrx_word' id='word_1_226' title='bbox 1986 2551 2158 2596; x_wconf 87' lang='lat' dir='ltr'><strong>usum</strong></span> <span class='ocrx_word' id='word_1_227' title='bbox 2218 2551 2317 2595; x_wconf 88' lang='lat' dir='ltr'><strong>re-</strong></span> 
     </span>
     <span class='ocr_line' id='line_1_29' title="bbox 376 2619 838 2679; baseline -0.002 -1"><span class='ocrx_word' id='word_1_228' title='bbox 376 2619 620 2679; x_wconf 85' lang='lat' dir='ltr'><strong>uocauit</strong></span> <span class='ocrx_word' id='word_1_229' title='bbox 648 2635 838 2678; x_wconf 90' lang='lat' dir='ltr'><strong>suum.</strong></span> 
     </span>
    </p>

    <p class='ocr_par' dir='ltr' id='par_1_10' title="bbox 267 2699 2389 2868">
     <span class='ocr_line' id='line_1_30' title="bbox 267 2699 2312 2783; baseline -0 -18"><span class='ocrx_word' id='word_1_230' title='bbox 267 2699 362 2765; x_wconf 83' lang='lat'><strong>34</strong></span> <span class='ocrx_word' id='word_1_231' title='bbox 505 2701 572 2764; x_wconf 90' lang='lat' dir='ltr'><strong>In</strong></span> <span class='ocrx_word' id='word_1_232' title='bbox 605 2703 883 2763; x_wconf 89' lang='lat' dir='ltr'><strong>conuiuio</strong></span> <span class='ocrx_word' id='word_1_233' title='bbox 927 2720 1138 2764; x_wconf 89' lang='lat' dir='ltr'><strong>aurum</strong></span> <span class='ocrx_word' id='word_1_234' title='bbox 1169 2704 1393 2774; x_wconf 85' lang='lat' dir='ltr'><strong>nescit,</strong></span> <span class='ocrx_word' id='word_1_235' title='bbox 1456 2700 1673 2783; x_wconf 68' lang='lat' dir='ltr'><strong>pocula</strong></span> <span class='ocrx_word' id='word_1_236' title='bbox 1714 2705 2039 2765; x_wconf 86' lang='lat' dir='ltr'><strong>mediocria</strong></span> <span class='ocrx_word' id='word_1_237' title='bbox 2082 2703 2191 2765; x_wconf 86' lang='lat' dir='ltr'><strong>sed</strong></span> <span class='ocrx_word' id='word_1_238' title='bbox 2222 2704 2312 2766; x_wconf 83' lang='lat' dir='ltr'><strong>ui-</strong></span> 
     </span>
     <span class='ocr_line' id='line_1_31' title="bbox 378 2786 2389 2868; baseline 0.001 -21"><span class='ocrx_word' id='word_1_239' title='bbox 378 2786 501 2848; x_wconf 84' lang='lat' dir='ltr'><strong>tida</strong></span> <span class='ocrx_word' id='word_1_240' title='bbox 533 2806 772 2867; x_wconf 88' lang='lat' dir='ltr'><strong>semper</strong></span> <span class='ocrx_word' id='word_1_241' title='bbox 814 2786 1038 2850; x_wconf 89' lang='lat' dir='ltr'><strong>habuit.</strong></span> <span class='ocrx_word' id='word_1_242' title='bbox 1117 2788 1509 2851; x_wconf 86' lang='lat' dir='ltr'><strong>ducentarum</strong></span> <span class='ocrx_word' id='word_1_243' title='bbox 1557 2789 1855 2852; x_wconf 90' lang='lat' dir='ltr'><strong>librarum</strong></span> <span class='ocrx_word' id='word_1_244' title='bbox 1898 2791 2130 2868; x_wconf 85' lang='lat' dir='ltr'><strong>argenti</strong></span> <span class='ocrx_word' id='word_1_245' title='bbox 2159 2807 2309 2868; x_wconf 88' lang='lat' dir='ltr'><strong>pon·</strong></span> <span class='ocrx_word' id='word_1_246' title='bbox 2337 2809 2389 2850; x_wconf 76' lang='lat' dir='ltr'><strong>ao</strong></span> 
     </span>
    </p>

    <p class='ocr_par' dir='ltr' id='par_1_11' title="bbox 308 2873 2315 2957">
     <span class='ocr_line' id='line_1_32' title="bbox 308 2873 2315 2957; baseline 0.002 -26"><span class='ocrx_word' id='word_1_247' title='bbox 308 2883 342 2931; x_wconf 85' lang='lat'>2</span> <span class='ocrx_word' id='word_1_248' title='bbox 379 2873 492 2935; x_wconf 91' lang='lat' dir='ltr'><strong>dus</strong></span> <span class='ocrx_word' id='word_1_249' title='bbox 529 2874 928 2936; x_wconf 87' lang='lat' dir='ltr'><strong>ministerium</strong></span> <span class='ocrx_word' id='word_1_250' title='bbox 970 2875 1097 2934; x_wconf 90' lang='lat' dir='ltr'><strong>eius</strong></span> <span class='ocrx_word' id='word_1_251' title='bbox 1141 2891 1469 2954; x_wconf 84' lang='lat' dir='ltr'><strong>numquam</strong></span> <span class='ocrx_word' id='word_1_252' title='bbox 1495 2877 1728 2957; x_wconf 69' lang='lat' dir='ltr'><strong>transit.</strong></span> <span class='ocrx_word' id='word_1_253' title='bbox 1806 2893 1995 2936; x_wconf 82' lang='lat' dir='ltr'><strong>nanos</strong></span> <span class='ocrx_word' id='word_1_254' title='bbox 2038 2881 2099 2934; x_wconf 92' lang='lat' dir='ltr'><strong>et</strong></span> <span class='ocrx_word' id='word_1_255' title='bbox 2128 2893 2315 2936; x_wconf 85' lang='lat' dir='ltr'><strong>nanas</strong></span> 
     </span>
    </p>
   </div>
   <div class='ocr_carea' id='block_1_3' title="bbox 377 3074 2325 3548">
    <p class='ocr_par' dir='ltr' id='par_1_12' title="bbox 377 3074 2325 3548">
     <span class='ocr_line' id='line_1_33' title="bbox 482 3074 2322 3143; baseline 0.001 -18"><span class='ocrx_word' id='word_1_256' title='bbox 482 3079 513 3125; x_wconf 86' lang='lat'><strong>3</strong></span> <span class='ocrx_word' id='word_1_257' title='bbox 539 3075 975 3140; x_wconf 82' lang='lat' dir='ltr'><strong>praesidentium</strong></span> <span class='ocrx_word' id='word_1_258' title='bbox 996 3077 1122 3143; x_wconf 65' lang='lat' dir='ltr'><strong>Rea.</strong></span> <span class='ocrx_word' id='word_1_259' title='bbox 1286 3080 1317 3129; x_wconf 87' lang='lat'>8</span> <span class='ocrx_word' id='word_1_260' title='bbox 1344 3077 1559 3128; x_wconf 79' lang='lat' dir='ltr'><strong>fabrica</strong></span> <span class='ocrx_word' id='word_1_261' title='bbox 1584 3075 1749 3128; x_wconf 90' lang='lat' dir='ltr'><strong>BPM</strong></span> <span class='ocrx_word' id='word_1_262' title='bbox 1908 3079 1973 3129; x_wconf 88' lang='lat'><strong>10</strong></span> <span class='ocrx_word' id='word_1_263' title='bbox 1998 3075 2168 3128; x_wconf 83' lang='lat' dir='ltr'><strong>diuisi</strong></span> <span class='ocrx_word' id='word_1_264' title='bbox 2191 3074 2322 3127; x_wconf 80' lang='lat' dir='ltr'><strong>BP¹</strong></span> 
     </span>
     <span class='ocr_line' id='line_1_34' title="bbox 484 3144 2323 3212; baseline 0.002 -19"><span class='ocrx_word' id='word_1_265' title='bbox 484 3146 548 3196; x_wconf 85' lang='lat'><strong>13</strong></span> <span class='ocrx_word' id='word_1_266' title='bbox 571 3145 723 3195; x_wconf 82' lang='lat' dir='ltr'><strong>misit</strong></span> <span class='ocrx_word' id='word_1_267' title='bbox 744 3144 825 3195; x_wconf 89' lang='lat' dir='ltr'><strong>B¹</strong></span> <span class='ocrx_word' id='word_1_268' title='bbox 920 3148 985 3198; x_wconf 81' lang='lat'><strong>15</strong></span> <span class='ocrx_word' id='word_1_269' title='bbox 1008 3161 1172 3198; x_wconf 85' lang='lat' dir='ltr'><strong>ueros</strong></span> <span class='ocrx_word' id='word_1_270' title='bbox 1197 3161 1335 3211; x_wconf 85' lang='lat' dir='ltr'><strong>quos</strong></span> <span class='ocrx_word' id='word_1_271' title='bbox 1358 3145 1527 3196; x_wconf 87' lang='lat' dir='ltr'><strong>BPM</strong></span> <span class='ocrx_word' id='word_1_272' title='bbox 1545 3161 1634 3196; x_wconf 85' lang='lat' dir='ltr'><strong>em.</strong></span> <span class='ocrx_word' id='word_1_273' title='bbox 1661 3145 1702 3196; x_wconf 80' lang='lat' dir='ltr'><strong><em>S</em></strong></span> <span class='ocrx_word' id='word_1_274' title='bbox 1728 3145 2023 3212; x_wconf 86' lang='lat' dir='ltr'><strong>plerosque</strong></span> <span class='ocrx_word' id='word_1_275' title='bbox 2047 3145 2150 3197; x_wconf 87' lang='lat' dir='ltr'><strong>hos</strong></span> <span class='ocrx_word' id='word_1_276' title='bbox 2173 3146 2323 3196; x_wconf 81' lang='lat' dir='ltr'><strong>Iord.</strong></span> 
     </span>
     <span class='ocr_line' id='line_1_35' title="bbox 483 3211 2323 3279; baseline 0.001 -18"><span class='ocrx_word' id='word_1_277' title='bbox 483 3214 772 3277; x_wconf 80' lang='lat' dir='ltr'><strong>praefecto</strong></span> <span class='ocrx_word' id='word_1_278' title='bbox 797 3213 885 3264; x_wconf 86' lang='lat' dir='ltr'><strong>bis</strong></span> <span class='ocrx_word' id='word_1_279' title='bbox 907 3213 1011 3265; x_wconf 91' lang='lat' dir='ltr'><strong>BP</strong></span> <span class='ocrx_word' id='word_1_280' title='bbox 1146 3215 1209 3264; x_wconf 85' lang='grc'><strong>16</strong></span> <span class='ocrx_word' id='word_1_281' title='bbox 1235 3212 1293 3264; x_wconf 65' lang='lat' dir='ltr'><strong>Et</strong></span> <span class='ocrx_word' id='word_1_282' title='bbox 1316 3213 1368 3264; x_wconf 91' lang='lat' dir='ltr'><em>B</em></span> <span class='ocrx_word' id='word_1_283' title='bbox 1392 3218 1579 3265; x_wconf 81' lang='lat' dir='ltr'><strong>autem</strong></span> <span class='ocrx_word' id='word_1_284' title='bbox 1601 3211 1679 3263; x_wconf 82' lang='lat' dir='ltr'><strong>P¹</strong></span> <span class='ocrx_word' id='word_1_285' title='bbox 1808 3217 1872 3266; x_wconf 88' lang='grc'><strong>18</strong></span> <span class='ocrx_word' id='word_1_286' title='bbox 1896 3214 2063 3279; x_wconf 85' lang='lat' dir='ltr'><strong>idque</strong></span> <span class='ocrx_word' id='word_1_287' title='bbox 2089 3213 2193 3263; x_wconf 91' lang='lat' dir='ltr'><strong>BP</strong></span> <span class='ocrx_word' id='word_1_288' title='bbox 2212 3213 2323 3263; x_wconf 88' lang='lat' dir='ltr'><strong>his-</strong></span> 
     </span>
     <span class='ocr_line' id='line_1_36' title="bbox 379 3279 2325 3346; baseline -0.001 -16"><span class='ocrx_word' id='word_1_289' title='bbox 379 3294 488 3344; x_wconf 88' lang='lat' dir='ltr'><strong>que</strong></span> <span class='ocrx_word' id='word_1_290' title='bbox 514 3281 582 3331; x_wconf 89' lang='lat' dir='ltr'><em>M</em></span> <span class='ocrx_word' id='word_1_291' title='bbox 599 3285 770 3346; x_wconf 78' lang='lat' dir='ltr'><strong>atque</strong></span> <span class='ocrx_word' id='word_1_292' title='bbox 795 3283 986 3346; x_wconf 76' lang='lat' dir='ltr'><strong>scripsi</strong></span> <span class='ocrx_word' id='word_1_293' title='bbox 1132 3284 1196 3332; x_wconf 86' lang='lat'><strong>19</strong></span> <span class='ocrx_word' id='word_1_294' title='bbox 1222 3297 1375 3332; x_wconf 87' lang='lat' dir='ltr'><strong>sesse</strong></span> <span class='ocrx_word' id='word_1_295' title='bbox 1400 3282 1451 3331; x_wconf 91' lang='lat' dir='ltr'><em>P</em></span> <span class='ocrx_word' id='word_1_296' title='bbox 1586 3281 1721 3346; x_wconf 86' lang='lat' dir='ltr'><strong>quid</strong></span> <span class='ocrx_word' id='word_1_297' title='bbox 1742 3279 1811 3332; x_wconf 90' lang='lat' dir='ltr'><em>M</em></span> <span class='ocrx_word' id='word_1_298' title='bbox 1940 3284 2005 3330; x_wconf 75' lang='lat'><strong>22</strong></span> <span class='ocrx_word' id='word_1_299' title='bbox 2042 3285 2101 3336; x_wconf 76' lang='lat' dir='ltr'><strong>et</strong></span> <span class='ocrx_word' id='word_1_300' title='bbox 2128 3279 2325 3344; x_wconf 81' lang='lat' dir='ltr'><strong>(etiam</strong></span> 
     </span>
     <span class='ocr_line' id='line_1_37' title="bbox 379 3347 2185 3412; baseline 0 -14"><span class='ocrx_word' id='word_1_301' title='bbox 379 3347 466 3412; x_wconf 84' lang='lat' dir='ltr'><strong>M)</strong></span> <span class='ocrx_word' id='word_1_302' title='bbox 493 3353 667 3398; x_wconf 81' lang='lat' dir='ltr'><strong>sustu.</strong></span> <span class='ocrx_word' id='word_1_303' title='bbox 693 3350 856 3400; x_wconf 89' lang='lat' dir='ltr'><strong>BPM</strong></span> <span class='ocrx_word' id='word_1_304' title='bbox 884 3349 1114 3400; x_wconf 79' lang='lat' dir='ltr'><strong>sustulit</strong></span> <span class='ocrx_word' id='word_1_305' title='bbox 1137 3354 1193 3398; x_wconf 83' lang='lat' dir='ltr'><strong>et</strong></span> <span class='ocrx_word' id='word_1_306' title='bbox 1219 3351 1557 3400; x_wconf 69' lang='lat' dir='ltr'><strong>Mommsenus</strong></span> <span class='ocrx_word' id='word_1_307' title='bbox 1714 3351 1781 3398; x_wconf 78' lang='lat'><strong>26</strong></span> <span class='ocrx_word' id='word_1_308' title='bbox 1806 3351 2025 3401; x_wconf 81' lang='lat' dir='ltr'><strong>tonieas</strong></span> <span class='ocrx_word' id='word_1_309' title='bbox 2058 3347 2185 3398; x_wconf 85' lang='lat' dir='ltr'><strong>BP¹</strong></span> 
     </span>
     <span class='ocr_line' id='line_1_38' title="bbox 377 3417 2323 3482; baseline 0.001 -18"><span class='ocrx_word' id='word_1_310' title='bbox 377 3417 446 3465; x_wconf 74' lang='lat'><strong>27</strong></span> <span class='ocrx_word' id='word_1_311' title='bbox 475 3432 543 3465; x_wconf 84' lang='lat' dir='ltr'><strong>ex</strong></span> <span class='ocrx_word' id='word_1_312' title='bbox 568 3431 811 3481; x_wconf 87' lang='lat' dir='ltr'><strong>purpura</strong></span> <span class='ocrx_word' id='word_1_313' title='bbox 837 3433 947 3466; x_wconf 87' lang='lat' dir='ltr'><strong>non</strong></span> <span class='ocrx_word' id='word_1_314' title='bbox 970 3431 1170 3481; x_wconf 82' lang='lat' dir='ltr'><strong>magna</strong></span> <span class='ocrx_word' id='word_1_315' title='bbox 1195 3417 1264 3466; x_wconf 84' lang='lat' dir='ltr'><em>M</em></span> <span class='ocrx_word' id='word_1_316' title='bbox 1304 3433 1371 3468; x_wconf 83' lang='lat' dir='ltr'><strong>an</strong></span> <span class='ocrx_word' id='word_1_317' title='bbox 1396 3432 1540 3482; x_wconf 84' lang='lat' dir='ltr'><strong>quae</strong></span> <span class='ocrx_word' id='word_1_318' title='bbox 1568 3431 1635 3465; x_wconf 84' lang='lat' dir='ltr'><strong>ex</strong></span> <span class='ocrx_word' id='word_1_319' title='bbox 1670 3431 1913 3482; x_wconf 77' lang='lat' dir='ltr'><strong>purpura</strong></span> <span class='ocrx_word' id='word_1_320' title='bbox 1939 3432 2049 3466; x_wconf 89' lang='lat' dir='ltr'><strong>non</strong></span> <span class='ocrx_word' id='word_1_321' title='bbox 2083 3417 2323 3482; x_wconf 80' lang='lat' dir='ltr'><strong>magna?</strong></span> 
     </span>
     <span class='ocr_line' id='line_1_39' title="bbox 377 3481 2087 3548; baseline 0.001 -16"><span class='ocrx_word' id='word_1_322' title='bbox 377 3481 438 3545; x_wconf 88' lang='lat' dir='ltr'><strong>(e</strong></span> <span class='ocrx_word' id='word_1_323' title='bbox 463 3499 707 3548; x_wconf 83' lang='lat' dir='ltr'><strong>purpura</strong></span> <span class='ocrx_word' id='word_1_324' title='bbox 731 3481 796 3546; x_wconf 80' lang='lat' dir='ltr'><strong>S)</strong></span> <span class='ocrx_word' id='word_1_325' title='bbox 932 3487 998 3535; x_wconf 79' lang='lat'><strong>31</strong></span> <span class='ocrx_word' id='word_1_326' title='bbox 1021 3485 1247 3536; x_wconf 78' lang='lat' dir='ltr'><strong>transiit</strong></span> <span class='ocrx_word' id='word_1_327' title='bbox 1272 3483 1419 3534; x_wconf 83' lang='lat' dir='ltr'><strong>P²M</strong></span> <span class='ocrx_word' id='word_1_328' title='bbox 1548 3495 1728 3534; x_wconf 80' lang='lat' dir='ltr'><strong>nanas</strong></span> <span class='ocrx_word' id='word_1_329' title='bbox 1752 3489 1809 3535; x_wconf 82' lang='lat' dir='ltr'><strong>et</strong></span> <span class='ocrx_word' id='word_1_330' title='bbox 1833 3499 2010 3536; x_wconf 83' lang='lat' dir='ltr'><strong>nanos</strong></span> <span class='ocrx_word' id='word_1_331' title='bbox 2034 3485 2087 3534; x_wconf 86' lang='lat' dir='ltr'><em>B</em></span> 
     </span>
    </p>
   </div>
   <div class='ocr_carea' id='block_1_4' title="bbox 2499 565 2509 2052">
    <p class='ocr_par' dir='ltr' id='par_1_13' title="bbox 2499 565 2509 2052">
     <span class='ocr_line' id='line_1_40' title="bbox 2499 565 2509 2052; baseline 0 0"><span class='ocrx_word' id='word_1_332' title='bbox 2499 565 2509 2052; x_wconf 95' lang='lat' dir='ltr'><strong> </strong></span> 
     </span>
    </p>
   </div>
  </div>
 </body>
</html>
