2517 3884
489 755 849 832 FLAVII
899 753 1319 832 VOPISOI
1372 753 1921 836 SYRAOVSII

282 959 852 1058 CARVS
989 961 1193 1057 ET
1334 959 2114 1060 OARINVS

437 1181 642 1278 ET
777 1179 1970 1278 NVMERIANVS

361 1451 507 1512 Fato
534 1468 660 1510 rem
686 1469 743 1529 p.
773 1451 904 1529 regi
923 1469 1172 1532 eamque
1197 1469 1361 1512 nunc
1386 1451 1460 1512 ad
1484 1470 1781 1514 summum
1811 1450 2003 1522 euehi,
2020 1469 2179 1514 nunc
2212 1445 2249 1511 1

182 1550 212 1592 5
237 1535 308 1596 ad
321 1536 566 1596 minima
588 1533 830 1604 retrahi,
842 1535 1024 1598 Probi
1036 1555 1202 1598 mors
1215 1539 1358 1598 satis
1369 1536 1651 1615 prodidit.
1685 1555 1821 1599 nam
1843 1555 1979 1598 cum
2005 1537 2181 1598 ducta
2208 1545 2249 1612 ‚2

232 1637 344 1700 per
359 1627 630 1698 tempora
641 1621 827 1681 uariis
841 1620 939 1680 uel
955 1629 1152 1682 erecta
1174 1621 1438 1684 motibus
1454 1621 1550 1684 uel
1566 1621 1820 1691 adflicta,
1852 1639 2013 1684 nunc
2023 1629 2177 1683 tem·

232 1712 465 1785 pestate
490 1703 683 1786 aliqua
693 1720 853 1766 nunc
863 1697 1144 1768 felicitate
1157 1708 1383 1768 uariata
1401 1708 1598 1768 omnia
1613 1723 1805 1786 prope
1819 1725 1994 1786 passa
2020 1714 2182 1768 esset

236 1807 388 1868 quae
414 1790 638 1869 patitur
652 1791 715 1850 in
727 1787 968 1850 homine
981 1808 1102 1852 uno
1116 1791 1465 1862 mortalitas,
1486 1791 1805 1852 uidebatur
1827 1798 1966 1871 post
1974 1788 2179 1852 diuer-

237 1877 476 1936 sitatem
506 1873 798 1936 malorum
826 1876 948 1936 iam
977 1893 1184 1936 secura
1216 1877 1560 1938 continuata
1588 1876 1871 1938 felicitate
1901 1893 2182 1936 mansura

161 1975 212 2014 10
237 1966 377 2038 post
417 1957 798 2020 Aurelianum
846 1959 1263 2022 uehementem
1304 1962 1639 2040 principem
1683 1959 1882 2038 Probo
1926 1977 1994 2020 ex
2042 1977 2179 2020 sen-

237 2044 423 2105 tentia
457 2050 696 2105 senatus
727 2061 794 2102 ac
823 2043 1033 2124 populi
1062 2043 1226 2123 leges
1259 2051 1318 2104 et
1346 2043 1749 2122 gubernacula
1780 2052 2175 2122 temperante.

239 2128 345 2190 sed
378 2128 550 2190 ruina
579 2129 792 2207 ingens
821 2127 919 2190 uel
953 2129 1246 2206 naufragii
1272 2129 1450 2190 modo
1480 2127 1577 2189 uel
1618 2127 1883 2190 incendii
1912 2129 2179 2188 accensis
2215 2139 2249 2190 3

237 2211 497 2274 fataliter
527 2211 814 2274 militibus
845 2211 1074 2273 sublato
1103 2230 1138 2273 e
1167 2213 1367 2274 medio
1398 2212 1503 2275 tali
1530 2213 1805 2292 principe
1832 2215 2042 2276 ineam
2073 2212 2179 2272 de·

239 2297 648 2377 sperationem
689 2306 894 2358 uotum
935 2296 1238 2378 publicum
1279 2297 1511 2376 redegit
1543 2305 1612 2358 ut
1656 2298 1941 2358 timerent
1970 2314 2183 2358 omnes

164 2399 216 2440 15
241 2381 614 2444 Domitianos
643 2381 910 2444 Vitellios
941 2389 1002 2442 et
1029 2381 1319 2443 Nerones».
1350 2381 1490 2462 plus
1534 2383 1691 2444 enim
1720 2383 1967 2443 timetur
1992 2381 2066 2442 de
2091 2382 2181 2442 in·
2216 2392 2253 2442 4

242 2466 425 2528 certis
465 2464 736 2526 moribus
785 2468 1074 2548 principis
1113 2485 1293 2547 quam
1348 2473 1656 2546 speratur,
1702 2468 1963 2529 maxime
2003 2468 2067 2528 in
2114 2483 2187 2526 ea

241 2569 312 2612 re
347 2569 406 2630 p.
443 2568 595 2629 quae
623 2551 966 2613 recentibus
996 2552 1273 2614 confossa
1312 2551 1667 2614 uulneribus
1707 2549 2006 2614 Valeriani
2044 2569 2185 2630 cap·

241 2636 557 2705 tiuitatem,
591 2634 844 2696 Gallieni
865 2635 1179 2706 luxuriam,
1211 2637 1453 2715 triginta
1486 2639 1665 2698 etiam
1695 2644 2186 2716 propetyranno-
2240 2675 2249 2683 ·

243 2737 381 2780 rum
423 2722 832 2780 conluuionem
885 2738 1057 2782 caesa
1097 2722 1363 2782 ciuilium
1411 2720 1680 2783 membra
1722 2719 1962 2781 sibimet
1988 2719 2189 2779 uindi-

165 2823 219 2863 20
246 2805 509 2865 cantium
538 2822 826 2884 perpessa
859 2806 1202 2867 moeruerit.

387 2958 416 3006 1
439 2956 641 3021 incipit
667 2954 915 3006 eiusdem
942 2971 1105 3007 carus
1127 2960 1186 3007 et
1213 2957 1330 3006 cari
1356 2961 1413 3007 et
1446 2956 1801 3006 numerianus
1826 2953 2071 3005 feliciter
2092 2952 2199 3003 BP

249 3021 324 3074 ad
349 3024 762 3075 constantinum
785 3039 912 3090 aug.
937 3022 1016 3073 Ρ8
1041 3026 1163 3077 add.
1303 3025 1337 3073 6
1362 3027 1603 3074 erectam
1627 3050 1694 3058 —
1718 3021 2002 3073 adflictam
2022 3020 2129 3070 BP

247 3093 282 3142 8
305 3089 669 3142 mortalitatis
691 3089 744 3142 B
865 3091 1265 3142 diuersitamen
1287 3091 1339 3142 B
1364 3091 1665 3142 diuersitar
1686 3088 1761 3140 P¹
1880 3092 1913 3140 9
1936 3104 2195 3140 mensura

248 3157 380 3209 BP¹
501 3161 566 3210 10
588 3157 947 3210 uehementer
969 3158 1022 3208 B
1135 3162 1198 3210 11
1224 3158 1383 3224 leges
1408 3163 1465 3209 et
1490 3159 1617 3226 gub.
1642 3161 1874 3210 senatus
1897 3172 1964 3208 ac
1989 3157 2196 3223 populo

251 3225 355 3276 BP
493 3228 556 3277 13
582 3241 612 3276 e
636 3242 730 3279 om.
757 3226 859 3277 BP
996 3229 1059 3278 17
1085 3241 1228 3292 resp.
1253 3226 1306 3277 B
1404 3229 1474 3277 18
1497 3226 1769 3278 luxoriam
1789 3226 1893 3278 BP
1994 3227 2058 3276 19
2085 3223 2197 3276 col·

251 3293 534 3344 lanionem
556 3295 680 3345 add.
714 3293 924 3346 Richter
954 3311 1009 3359 p.
1043 3297 1114 3347 28
1137 3299 1497 3358 tyrannorum
1522 3293 1902 3346 collisionibus
1926 3309 2095 3344 caesa
2118 3293 2197 3343 ci·
2278 3291 2282 3296 “

251 3361 448 3412 uilium
489 3359 758 3411 bellorum
791 3363 1034 3413 membra
1065 3363 1290 3413 sibimet
1334 3378 1458 3414 eam
1489 3361 1640 3413 uind.
1674 3359 1753 3412 P³
1787 3361 1989 3427 probra
2018 3361 2200 3412 scribit

250 3445 352 3494 pro
391 3444 563 3494 prope
589 3429 841 3495 Eyssenk.
979 3430 1325 3482 tirannorum
1344 3430 1397 3479 B
1533 3433 1601 3482 20
1624 3430 1886 3484 meruerit
1908 3429 2012 3479 BP
