2517 3884
319 195 444 259 33ss

388 367 436 415 Η.
484 367 715 415 classem
738 364 1126 417 Rauennatem
1162 380 1327 417 occu-

384 439 480 499 pat
524 439 636 491 ΓΠ,
664 438 744 488 21.
780 433 957 499 legati
995 439 1220 485 senatus
1258 433 1331 484 ad

388 507 436 551 Η.
464 506 805 553 transierunt
841 504 957 564 121,
985 504 1070 554 27.
1108 501 1330 552 Tullius

384 571 672 635 [Irislfnimis
708 568 887 635 praef.
913 574 1094 635 praet.
1134 575 1329 620 contra

384 639 436 687 Η.
476 639 672 687 miss-us
712 640 825 697 121,
861 638 945 688 28.
998 636 1128 687 Did.
1164 653 1327 687 sena·

380 715 492 755 tum
564 706 807 767 rogauit,
879 708 941 754 ut
1008 704 1327 756 sacerdotes

384 775 652 823 [mersi-Itu?
692 771 744 822 S.
772 772 995 823 obuiam
1029 772 1175 823 irent
1212 775 1326 831 121,

382 847 460 891 31.
528 843 652 887 Ηυη.
692 838 762 889 ad
797 839 1084 890 Veturium
1118 841 1325 892 Macri·

380 923 500 955 num
544 908 759 958 littteras
790 907 1041 969 miserat,
1076 914 1140 958 ut
1177 912 1329 959 esset

380 979 552 1039 praefi
604 979 712 1035 ΞΞΞ,
736 977 819 1024 22.
867 973 1063 1026 Seueri
1100 976 1326 1026 caedem

380 1043 460 1091 Tu
472 1043 480 1091 Ι
492 1043 504 1091 1
516 1047 564 1091 in
576 1043 696 1091 Eris
700 1043 831 1108 pino
841 1041 1158 1093 mandatam
1179 1058 1325 1108 esse,

380 1119 432 1159 st
472 1111 704 1175 pupulus
736 1110 954 1161 locutus
993 1116 1080 1162 est
1114 1116 1170 1161 et
1196 1110 1325 1165 Seu.

380 1179 692 1243 suspirat-nis
749 1180 873 1238 122,
910 1178 1003 1240 243
1042 1180 1123 1230 25.
1194 1178 1321 1233 Seu.

376 1247 584 1295 ism-,mm
648 1263 704 1295 se
757 1246 889 1300 Did.
950 1260 1072 1296 esse
1125 1247 1325 1297 maluit

376 1331 540 1375 quum
568 1314 895 1379 participem
920 1329 1197 1365 consensu
1220 1316 1323 1364 mi-

376 1383 528 1427 litum
596 1387 708 1440 1:3²3,
744 1384 829 1435 26.
910 1381 1037 1431 Seu.
1097 1383 1320 1432 occulto

372 1451 596 1499 Humani
624 1450 773 1499 misit
795 1450 1000 1513 edicta,
1028 1464 1169 1514 quae
1193 1465 1317 1514 pro·

376 1519 556 1579 pimini.
596 1523 721 1567 5111115
757 1520 871 1576 122,
896 1519 980 1567 2¹7.
1020 1515 1321 1568 aduentum

376 1587 500 1631 Ηεη.
564 1601 696 1647 puer
751 1585 1039 1635 incantato
1106 1586 1318 1635 uertice

375 1651 580 1699 tii-liseu—
608 1651 810 1703 dieitur
848 1654 962 1710 123,
990 1654 1039 1703 2.
1080 1666 1199 1701 cum
1225 1663 1342 1703 oc-⁵

374 1723 636 1767 currisset
704 1720 1163 1784 praecursoribus
1221 1719 1318 1771 Se-

372 1791 484 1835 ueri
548 1787 763 1836 Tullius
790 1786 1081 1851 Crispinus
1115 1802 1149 1837 a
1185 1786 1315 1839 Seu.

372 1855 696 1903 Intssrfuums
734 1857 850 1916 123,
885 1857 935 1905 4.
1000 1854 1210 1905 milites
1250 1872 1318 1906 ex

376 1923 600 1971 Unitum
664 1921 731 1971 ud
790 1922 915 1972 Seu.
972 1923 1315 1973 transierunt

372 1995 484 2043 1553,
520 1995 596 2039 13.
660 1991 712 2043 Η.
746 1990 1139 2040 interfectores
1162 1991 1314 2041 Pert.

367 2059 524 2107 iussit
568 2058 778 2107 seruari
824 2060 940 2121 123,
980 2057 1060 2108 14.
1121 2058 1173 2108 S.
1210 2058 1314 2108 im-

363 2135 588 2187 perator
616 2124 925 2191 appellatus
952 2127 1067 2188 123,
1086 2127 1165 2177 19.
1192 2127 1312 2176 eius

367 2195 520 2239 dialem
564 2194 878 2259 iirnplorauit
911 2193 1043 2247 Did.
1082 2196 1199 2257 123,
1226 2196 1310 2245 22.

363 2259 514 2307 Didii
556 2277 750 2327 aurp-us
785 2262 945 2311 uxori
980 2266 1036 2311 et
1060 2260 1211 2311 filiae
1228 2260 1311 2311 ·ad

363 2331 700 2391 Ξεζ-ῙΗΓΙΠΗἬΠ]
738 2328 892 2379 dedit
928 2331 1139 2389 123,25.
1178 2329 1311 2379 Seu.

363 2399 516 2443 jur-²511
560 2398 758 2445 Didius
803 2396 1021 2446 occisus
1068 2399 1185 2459 144,
1223 2398 1310 2450 22.

363 2463 516 2519 Psffin.
560 2463 732 2527 magis
777 2464 837 2512 in
881 2463 1088 2514 Iuliani
1124 2464 1306 2513 odium

363 2547 524 2591 qnam
568 2535 616 2579 in
660 2531 712 2579 Η,
740 2531 1169 2581 aemulationem
1204 2533 1304 2581 im·

363 2607 580 2663 pinam·-
620 2597 933 2663 appellatus
970 2601 1083 2661 145,
1110 2600 1159 2649 4.
1215 2614 1307 2649 se-

363 2671 580 2715 naim-⁴35
620 2671 882 2715 &suerum
918 2666 1149 2717 oderant
1185 2668 1304 2732 145,

359 2735 406 2779 εἰ.
484 2735 580 2783 lul.
632 2749 752 2783 eum
790 2733 845 2783 S.
893 2750 960 2784 ex
1006 2734 1304 2785 interdicto

359 2803 424 2851 zie
456 2803 688 2863 inll'nffrlfl·
721 2802 839 2866 egit
865 2803 981 2865 145,
1006 2805 1090 2854 20.
1128 2802 1182 2853 S.
1208 2802 1302 2852 de-

359 2871 472 2915 beri
524 2871 811 2931 imperium
851 2870 1102 2921 Iulianus
1146 2870 1303 2930 dixit,

359 2937 492 2999 ιςμιωί
524 2939 758 2986 maixime
779 2942 928 2987 esset
948 2937 1071 2987 odio
1087 2937 1300 2989 haben-

359 3007 452 3051 ntus
504 3007 568 3051 :ih
608 3005 857 3055 amnibus
904 3006 1032 3068 145,
1057 3008 1140 3057 30.
1194 3007 1300 3056 ΡΘ·-

355 3075 608 3119 scennii-„121
640 3075 692 3123 Η.
720 3073 1089 3123 amicissimus
1114 3074 1321 3142 fuerat„

359 3143 468 3187 1413„
512 3143 564 3187 ’ἐπ
632 3143 684 3187 nt
715 3139 1143 3191 iucundissimus
1181 3144 1297 3201 145,

351 3208 404 3255 13:
444 3207 520 3251 iifl
548 3211 604 3251 ui
632 3207 692 3255 de
714 3222 778 3257 eo
802 3207 872 3257 ad
885 3207 1300 3269 Com.referret,

351 3271 612 3319 adserens
641 3276 1014 3325 necessarium
1038 3277 1120 3325 rei
1144 3292 1195 3341 p.
1218 3277 1300 3325 ui-

351 3355 464 3387 rum
504 3343 608 3399 1425,
636 3343 680 3387 Η.
730 3343 1034 3406 epistula
1060 3343 1299 3393 Seueri

355 3407 428 3451 ml
484 3407 855 3463 1-:.sz;;···:÷nium
894 3409 1157 3459 Celsum
1194 3412 1297 3460 in·

351 3479 544 3519 ›am-ria
596 3479 717 3535 iffi,
757 3476 993 3526 16—25.
1066 3478 1121 3529 S.
1160 3478 1298 3527 dixit
1332 3510 1335 3513 -

355 3543 660 3595 iffnmzuruin
700 3557 753 3591 se
779 3542 941 3598 Pesc.
967 3544 1077 3593 nisi
1110 3561 1292 3609 perse·

520 196 750 247 INDEX
785 184 1132 249 NOMINVM
1168 197 1266 247 ET
1300 196 1558 247 RERVM
1592 197 2177 250 MEMORAssmlvM

1452 370 1682 417 ueraret
1718 367 1832 427 147,
1861 368 1910 416 7.
1960 383 1995 417 a
2033 365 2183 419 Com.
2213 371 2434 420 consul
2492 352 2493 395 3

1453 432 1774 485 declaratus
1809 434 1970 484 Pesc.
1999 434 2211 487 Seuero
2249 452 2433 502 prae·
2492 432 2493 447 ¹

1449 503 1664 567 positus
1709 504 1826 563 147,
1876 504 1956 556 10.
2038 502 2238 554 Seueri
2287 520 2429 570 gra—

1449 570 1666 620 uissimi
1687 569 1878 620 hostes
1904 571 2210 621 extiterant
2235 573 2417 623 Pesc.
2492 633 2493 639 ¹

1451 642 1509 687 et
1527 637 1672 697 Alb.‚
1695 652 1832 701 quos
1851 643 2022 687 antea
2045 637 2288 690 heredes
2314 640 2426 689 im·
2492 679 2493 695 ἶ

1446 706 1592 769 perii
1633 706 1824 755 facere
1852 705 2108 756 uoluerat
2155 708 2280 771 147,
2328 710 2420 761 16.
2492 712 2493 717 ’

1451 774 1567 833 156,
1588 775 1636 824 7.
1666 775 1780 836 159,
1805 774 1856 823 5.
1881 774 2104 836 161,12;
2145 774 2282 825 inde
2317 791 2425 841 ap·-

1446 846 1611 904 paret
1657 840 1922 890 iudicium
1959 841 2078 890 eius
2124 840 2192 891 de
2235 842 2416 893 Pesc.
2492 844 2493 848 ’

1447 910 1566 973 147,
1605 911 1684 959 17.
1747 908 1802 958 S.
1842 909 2216 973 octogensimo
2257 926 2416 960 nono
2492 940 2493 946 =

1448 990 1592 1025 anno
1640 976 1786 1041 perit
1823 977 1941 1039 147,
1978 978 2060 1027 22.
2122 976 2178 1026 S.
2219 977 2415 1027 Hera-

1447 1043 1637 1094 clitum
1689 1044 1760 1095 ad
1801 1043 2159 1111 optinendam
2202 1045 2415 1110 Bithy-

1444 1112 1613 1176 niam,
1650 1111 1910 1162 Fuluium
1937 1111 2008 1162 ad
2042 1114 2412 1178 occupandos

1448 1178 1669 1229 adultos
1705 1179 1864 1245 Nigri
1911 1178 2054 1230 filios
2090 1180 2241 1229 misit
2282 1182 2409 1245 147,

1443 1248 1527 1298 23.
1587 1246 1722 1297 nihil
1765 1248 1826 1297 in
1870 1252 2075 1297 senatu
2121 1248 2189 1297 de
2224 1248 2401 1301 Pesc.

1443 1313 1613 1374 dixit,
1674 1330 1704 1365 e
1794 1312 1800 1319 '
1841 1314 2094 1365 audisset
2150 1316 2217 1363 de
2276 1316 2407 1367 eius

1439 1381 1672 1448 imperio
1698 1383 1762 1432 14
1801 1384 1910 1444 ,25.
1948 1381 2004 1435 S.
2031 1381 2103 1433 ad
2125 1383 2404 1434 orientem
2492 1396 2493 1423 ¹

1439 1451 1758 1499 uenientem
1796 1451 1912 1513 148,
1950 1453 2008 1512 33
2057 1449 2128 1500 ad
2162 1452 2403 1516 partiei-

1438 1522 1633 1582 patum
1656 1518 1872 1581 imperii
1895 1518 2129 1568 uocauit
2151 1518 2400 1569 Pescen-

1439 1586 1566 1635 nius
1592 1588 1706 1648 148,
1721 1588 1770 1637 4.
1808 1600 1843 1635 a
1866 1584 2100 1635 ducibus
2123 1584 2178 1635 S.
2202 1586 2402 1636 uictus
2492 1613 2493 1649 ι

1439 1658 1526 1702 est
1559 1653 1720 1705 Pesc.
1749 1654 1963 1721 148„6;
2009 1657 2068 1703 et
2104 1654 2398 1705 sauciatus
2492 1668 2493 1709 }

1438 1719 1509 1769 ad
1545 1719 1598 1772 S.
1638 1720 1909 1771 adductus
1947 1722 2062 1781 147,
2091 1722 2174 1774 10.
2222 1720 2279 1773 S.
2304 1723 2393 1771 in·
2492 1716 2493 1783 ζ

1437 1802 1694 1838 numeros
1719 1793 2007 1842 senatores
2035 1787 2246 1839 occidit
2272 1792 2389 1849 148,

1439 1856 1522 1906 17.
1564 1854 1726 1905 Pesc.
1762 1856 1892 1906 usui
1926 1857 2084 1919 reip.
2123 1856 2230 1905 sub
2259 1856 2387 1907 Seu.

1436 1936 1562 1973 esse
1597 1924 1889 1988 potuisset,
1926 1924 1976 1973 si
2010 1938 2134 1972 cum
2161 1938 2230 1973 eo
2268 1940 2390 1974 esse

1433 1990 1707 2042 uoluisset
1754 1993 1880 2050 149,
1920 1994 1970 2043 3.
2052 1990 2252 2041 Seueri
2307 1994 2389 2041 in-
2488 1937 2494 2055 l

1435 2060 1691 2109 stitutum
1737 2058 1806 2108 de
1842 2058 2254 2124 prouinciarum
2293 2060 2391 2109 ad-

1431 2126 1938 2177 ministrationibus
1963 2128 2078 2185 149,
2104 2127 2185 2179 15.
2209 2127 2388 2178 bonus

1429 2193 1568 2243 Afer
1625 2193 1754 2244 Seu.
1823 2210 1859 2244 a
1915 2198 2049 2243 uate
2109 2194 2388 2258 Apollinis

1429 2260 1692 2326 Delphici
1716 2262 1894 2312 dictus
1919 2263 2114 2326 150,2;
2139 2264 2186 2312 7.
2222 2262 2276 2313 S.
2301 2266 2387 2312 ui-

1431 2330 1575 2394 ginti
1619 2344 1794 2380 annos
1839 2330 2213 2394 expleturum,
2258 2346 2383 2379 ora-

1431 2396 1555 2447 culo
1593 2397 1830 2461 quodam
1874 2397 2222 2447 intellectum
2259 2400 2375 2461 150,

1429 2466 1512 2514 23.
1547 2465 1671 2518 Alb.
1697 2469 1753 2515 et
1771 2464 1934 2515 Pesc.
1956 2465 2166 2530 pariter
2185 2469 2376 2514 contra

1429 2531 1488 2581 S.
1533 2532 1881 2582 rebellarunt
1928 2534 2049 2590 151,
2091 2537 2137 2581 1.
2215 2538 2378 2581 uates

1429 2604 1526 2649 aut
1570 2600 1808 2649 Seuerus
1851 2602 1974 2665 ipse
2013 2600 2081 2649 de
2118 2600 2376 2662 mathesi,

1427 2682 1539 2730 qua
1564 2667 1813 2717 callebat
1836 2667 1977 2731 (151,
2003 2668 2080 2732 9),
2119 2668 2379 2718 dixerant

1425 2735 1584 2784 Pesc.
1609 2750 1790 2798 neque
1814 2738 2006 2785 uiuum
2029 2750 2206 2799 neque
2231 2751 2372 2785 mor-

1423 2807 1577 2851 tuum
1611 2804 1669 2852 in
1703 2808 2043 2867 potestatem
2080 2802 2204 2851 Seu.
2242 2818 2376 2853 uen-

1424 2876 1604 2919 turum
1630 2872 1742 2931 151,
1771 2872 1821 2920 8.
1859 2872 2022 2923 Pesc.
2048 2869 2231 2920 omnia
2255 2885 2372 2919 cor—

1422 2939 1680 3001 rexisset,
1707 2939 1756 2987 si
1775 2954 1955 2989 rerum
1975 2939 2186 3003 potitus
2207 2942 2366 2997 esset,

1424 3020 1567 3070 quae
1604 3003 1656 3055 S.
1695 3006 1790 3055 uel
1825 3021 1934 3055 non
1968 3006 2154 3070 potuit
2191 3020 2366 3055 emen·

1422 3074 1554 3123 dare
1592 3072 1684 3121 uel
1719 3073 1898 3123 noluit
1935 3076 2050 3134 153,
2077 3073 2128 3123 8.
2161 3087 2366 3137 *uersus

1423 3140 1702 3205 quosdam,
1741 3141 1940 3205 quibus
1975 3142 2138 3189 Pesc.
2175 3140 2366 3189 lauda·

1419 3210 1604 3272 batur,
1652 3208 1780 3259 Seu.
1827 3208 1982 3258 eradi
2026 3208 2204 3257 noluit
2252 3210 2364 3270 153,

1421 3278 1504 3330 23.
1543 3277 1600 3325 in
1625 3275 1854 3339 Illyrico
1892 3276 1960 3325 ab
1988 3275 2236 3325 exercitu
2269 3278 2364 3324 im-

1418 3349 1646 3408 perator
1682 3343 1999 3408 appellatus
2038 3344 2154 3404 154,
2181 3345 2228 3393 6.
2269 3343 2364 3392 Se—

1416 3413 1542 3461 ueri
1587 3410 1798 3461 Caesar
1830 3411 1956 3461 Alb.
2003 3410 2110 3459 fuit
2156 3412 2277 3469 154,
2314 3414 2361 3461 8.

1419 3479 1544 3529 Seu.
1601 3484 1748 3529 sorte
1809 3477 2045 3542 quadam
2101 3477 2362 3528 laudatus

1421 3549 1534 3611 154,
1563 3549 1652 3608 143
1683 3548 1762 3597 16.
1808 3548 1938 3595 Seu.
1975 3544 2120 3610 apud
2155 3546 2361 3595 milites
