2517 3884
393 178 517 243 170
634 182 879 247 ,FLAVll
922 180 1172 238 VOPISGI
1215 180 1649 249 AVRELIANVS.
1736 181 1795 241 C.
1836 184 1921 237 49.
1965 182 2050 238 50.

285 349 374 413 49
517 348 882 428 Displicebat
913 348 986 415 ei,
1033 366 1166 408 cum
1200 354 1362 407 esset
1391 346 1635 415 Romae,
1681 344 1951 411 habitare
1978 349 2041 409 in
2074 348 2327 419 Palatio,

390 454 458 497 ac
501 435 694 512 magis
735 432 1007 512 placebat
1043 434 1108 492 in
1147 432 1340 493 hortis
1383 431 1625 492 Sallusti
1667 431 1766 492 uel
1808 434 1885 491 in'
1913 432 2201 493 Domitiae
2233 436 2325 492 ui·-

321 532 352 581 2
391 537 553 581 uere.
631 518 1030 579 miliarensem
1091 516 1347 595 denique
1390 516 1690 595 porticum
1727 518 1790 575 in
1833 516 2022 577 hortis
2050 516 2328 597 ,Sallusti

388 604 648 671 ornauit,
691 604 753 664 in
787 620 900 679 qua
932 601 1148 661 cotidie
1190 609 1247 661 et
1291 618 1480 678 equos
1512 607 1571 661 et
1600 618 1665 660 se
1695 599 2006 678 fatigabat,
2052 604 2327 679 quamuis

319 699 352 750 3
390 694 550 749 esset
579 705 700 747 non
731 686 922 747 bonae
960 684 1334 747 ualetudinis.
1398 703 1612 746 seruos
1644 692 1703 745 et
1731 686 2033 747 ministros
2064 704 2324 765 peccan-
2380 702 2408 744 5

385 782 478 834 tes
510 789 714 832 coram
744 789 808 831 sc
839 770 1006 830 caedi
1035 770 1305 840 iubebat,
1344 776 1407 831 ut
1437 769 1709 849 plerique
1739 769 1971 839 dicunt,
2019 788 2199 831 causa
2232 780 2347 841 tea

317 870 352 918 4
387 857 618 919 nendae
661 856 1023 923 seueritatis,
1067 863 1131 915 ut
1161 855 1291 923 alii,
1346 854 1541 915 studio
1584 853 1968 915 crudelitatis,
2045 854 2326 916 ancillam

388 959 583 1009 suam,
627 958 778 1019 quae
811 940 1165 1001 adulterium
1197 958 1331 1000 cum
1364 956 1657 999 conseruo
1690 957 1797 999 suo
1829 940 2082 1009 fecerat,
2127 941 2325 1017 capite

320 1039 353 1089 5
385 1027 640 1105 puniuit.
718 1025 938 1086 multos
983 1042 1196 1085 seruos
1239 1042 1312 1083 ex
1342 1022 1567 1083 familia
1608 1023 1849 1101 propria
1894 1026 1995 1100 qui
2024 1041 2323 1102 peccaue-

321 1123 352 1170 6
387 1117 522 1170 rant
562 1108 794 1187 legibus
836 1108 1164 1169 audiendos
1205 1108 1442 1169 iudiciis
1483 1106 1735 1186 publicis
1776 1107 1956 1168 dedit.
2032 1109 2324 1169 Senatum
2354 1124 2403 1164 10

385 1196 512 1255 siue
565 1192 906 1255 senaculum
960 1195 1248 1253 matronis
1290 1192 1463 1253 reddi
1510 1192 1805 1253 uoluerat:
1867 1194 1948 1251 ita
1991 1200 2059 1253 ut
2087 1194 2325 1270 primae

321 1293 351 1341 7
385 1277 504 1339 illic
546 1296 698 1355 quae
739 1277 1070 1341 sacerdotia
1103 1284 1313 1338 senatu
1344 1282 1585 1337 auctore
1617 1278 1997 1337 meruissent.
2070 1277 2325 1341 Calceos

387 1363 600 1423 mullos
651 1370 710 1423 et
761 1380 970 1423 cereos
1025 1370 1083 1422 et
1127 1361 1293 1422 albos
1339 1368 1400 1421 et
1442 1360 1791 1421 hederacios
1836 1362 1985 1421 uiris
2038 1361 2323 1421 omnibus

385 1447 546 1515 tulit,
609 1446 960 1507 mulieribus
1001 1445 1278 1523 reliquid.
1354 1463 1634 1505 cursores
1679 1463 1749 1504 eo
1792 1444 1997 1505 habitu
2039 1464 2157 1524 quo
2189 1446 2323 1523 ipse
2414 1513 2421 1517 ,

321 1547 354 1595 8
385 1531 642 1593 hahebat
684 1531 1059 1591 senatoribus
1103 1532 1462 1591 concessit.
1497 1528 1903 1591 concubinas
1888 1547 2181 1609 ingenuas
2212 1530 2399 1591 lia-15

385 1616 514 1675 beri
543 1614 749 1676 uetuit.
796 1614 1204 1676 eunuchorum
1232 1614 1476 1676 modum
1506 1632 1617 1693 pro
1650 1614 1963 1676 senatoriis
1991 1615 2321 1694 professio-

385 1699 560 1759 nibus
603 1701 836 1769 statuit,
896 1700 1120 1759 idcirco
1172 1699 1330 1778 quod
1376 1698 1447 1759 ad
1480 1700 1745 1777 ingentia
1784 1700 1976 1777 pretia
2004 1702 2323 1777 peruenis-

318 1800 350 1849 9
387 1778 536 1844 se'nt.
615 1782 727 1843 Vas
771 1786 1001 1861 argenti
1043 1786 1168 1844 eius
1208 1790 1532 1881 numquam
1547 1746 1816 1860 ⁰triginta
1844 1782 2029 1844 libras
2060 1785 2317 1846 transiit.

388 1869 730 1928 conuiuium
761 1868 835 1928 de
867 1870 1149 1929 assaturis
1180 1869 1437 1927 maxime
1477 1868 1605 1927 l'uit.
1682 1869 1822 1928 uino
1854 1884 2029 1929 russo
2061 1870 2320 1927 maxime

281 1954 369 2019 50
385 1953 710 2014 delectatus
741 1959 850 2013 est.
884 1953 1180 2013 medicum
1211 1951 1286 2011 ad
1318 1970 1402 2022 se,
1438 1969 1573 2011 cum
1604 1959 1957 2029 aegrotaret,
1982 1970 2317 2051 numquam
2346 1967 2398 2009 20

317 2054 350 2101 2
384 2038 624 2098 uocauit
664 2037 771 2097 sed
813 2039 941 2117 ipse
983 2056 1048 2098 se
1090 2037 1289 2097 inedia
1340 2037 1662 2115 praecipue
1702 2034 1996 2097 curabat.
2044 2038 2218 2097 uxori
2262 2044 2321 2096 et
2496 2050 2511 2112 ι

317 2139 350 2187 3
387 2121 534 2183 filiae
566 2139 828 2184 annuum
858 2119 1263 2201 sigillaricium
1293 2122 1464 2198 quasi
1493 2122 1768 2199 priuatus
1798 2122 2069 2181 instituit.
2120 2122 2339 2182 seruis

383 2208 505 2265 suis
534 2213 734 2267 uestes
767 2206 1004 2267 easdem
1027 2209 1355 2285 imperator
1387 2223 1534 2305 quas
1566 2212 1627 2264 et
1646 2206 1917 2284 priuatus
1948 2204 2110 2265 dedit
2140 2224 2315 2283 prae-

381 2297 476 2351 ter
515 2290 662 2351 duos
705 2309 912 2360 seneS,
973 2289 1192 2370 quibus
1244 2292 1416 2389 quasi
1456 2289 1685 2350 libertis
1726 2288 2048 2368 plurimum
2086 2289 2311 2359 detulit,

381 2376 700 2434 Antistium
729 2381 790 2434 et
819 2374 1131 2444 Gillonem,
1176 2378 1283 2449 qui
1313 2381 1449 2453 post
1481 2392 1615 2433 eum
1648 2392 1719 2433 ex
1751 2379 1990 2435 senatus
2020 2375 2313 2434 sententia
2341 2388 2393 2429 25

313 2474 349 2523 4
386 2475 561 2517 manu
589 2460 755 2518 missi
788 2465 942 2519 sunt.
991 2466 1118 2519 erat
1160 2458 1399 2535 quidem
1431 2476 1603 2519 rarus
1632 2459 1694 2517 in
1726 2457 2161 2536 uoluptatibuS,
2212 2456 2317 2518 sed

381 2542 534 2601 miro
582 2542 760 2601 modo
801 2543 996 2602 mimis
1043 2540 1478 2609 delectabatur,
1542 2533 2073 2603 uehementissime
2116 2550 2315 2603 autem

382 2624 705 2686 delectatus
747 2633 837 2686 est
867 2626 1136 2705 Fagone,
1199 2628 1303 2703 qui
1344 2642 1535 2703 usque
1579 2645 1649 2686 eo
1681 2626 1931 2687 multum
1964 2627 2227 2687 comedit
2254 2634 2316 2686 ut

380 2728 507 2771 uno
531 2710 628 2770 die
661 2719 794 2772 ante
825 2728 1092 2771 mensam
1126 2712 1254 2771 eius
1286 2728 1500 2789 aprum
1530 2712 1828 2788 integrum
1858 2718 2098 2772 centum
2129 2729 2314 2790 panes

382 2812 699 2855 ueruecem
731 2802 791 2856 et
817 2794 1148 2874 porcellum
1179 2796 1549 2865 comederet,
1611 2794 1843 2855 biberet
1886 2804 2083 2857 autem
2114 2796 2389 2856 infun-so

313 2898 347 2947 5
383 2879 584 2940 dibulo
628 2879 901 2958 adposito
941 2880 1077 2959 plus
1117 2898 1278 2941 orca.
1354 2878 1578 2939 Habuit
1616 2887 1854 2957 tempus
1882 2887 2124 2959 praeter
2160 2879 2312 2939 sedi-

381 2966 588 3025 tiones·
635 2965 919 3043 quasdam
978 2964 1333 3025 domesticas
1405 2965 1959 3025 fortunatissimum.
2046 2964 2313 3043 Populus

385 3066 522 3108 eum
550 3048 854 3109 Romanus
887 3050 1124 3117 amauit,
1159 3054 1399 3110 senatus
1430 3055 1489 3109 et
1517 3049 1731 3108 timuit.

517 3165 548 3214 5
574 3179 734 3215 seruo
758 3166 826 3216 M
955 3168 988 3216 8
1013 3166 1200 3216 fecera
1223 3163 1299 3215 P¹
1439 3167 1471 3216 9
1497 3170 1554 3216 et
1580 3164 1789 3215 familia.
1813 3164 1918 3215 BP
1940 3180 1969 3215 e
1996 3164 2125 3215 fam.
2152 3165 2219 3214 M

383 3232 446 3280 13
471 3245 698 3283 caereos
723 3233 828 3282 BP
947 3233 1236 3299 ederaeios
1263 3232 1365 3283 BP
1509 3234 1573 3284 15
1595 3233 1831 3298 ingenus
1855 3228 1982 3283 B¹P
2140 3236 2203 3282 19
2227 3246 2311 3282 as-

383 3294 645 3360 salutaris
669 3300 722 3349 B
868 3301 993 3350 rufo
1017 3300 1085 3350 M
1237 3302 1305 3351 20
1330 3315 1389 3351 se
1415 3314 1508 3353 om.
1534 3300 1587 3351 B
1712 3302 1778 3351 22
1804 3314 2008 3349 annum
2030 3298 2201 3349 BPM
2218 3315 2311 3351 an-

380 3378 548 3417 nuum
571 3365 700 3414 liber
723 3366 976 3418 Beroaldi
1075 3369 1142 3417 24
1167 3366 1395 3417 dettulit
1420 3366 1471 3417 B
1583 3368 1649 3417 25
1675 3367 1770 3431 qui
1792 3383 1887 3419 om.
1912 3367 2081 3417 BPM
2190 3382 2311 3416 sen-

379 3431 618 3481 tentiam
638 3432 743 3482 BP
841 3436 907 3483 28
935 3434 1182 3499 fagoriae
1206 3434 1312 3485 BP
1330 3450 1423 3487 em.
1448 3433 1491 3484 S
1590 3437 1657 3485 30
1679 3434 1960 3484 berbicem
1983 3432 2193 3496 BP(M)

381 3496 738 3561 portellumB
797 3500 1019 3551 uiueret
1032 3500 1152 3551 BP¹
1225 3504 1290 3552 31
1304 3498 1549 3567 praeter]
1564 3498 1695 3568 131*ss
1764 3504 1831 3552 33
1842 3499 2316 3553 autemR.eumM
