<?xml version="1.0" encoding="UTF-8"?>
<!DOCTYPE html PUBLIC "-//W3C//DTD XHTML 1.0 Transitional//EN"
    "http://www.w3.org/TR/xhtml1/DTD/xhtml1-transitional.dtd">
<html xmlns="http://www.w3.org/1999/xhtml" xml:lang="en" lang="en">
 <head>
  <title>
</title>
<meta http-equiv="Content-Type" content="text/html;charset=utf-8" />
  <meta name='ocr-system' content='tesseract 3.04.00' />
  <meta name='ocr-capabilities' content='ocr_page ocr_carea ocr_par ocr_line ocrx_word'/>
</head>
<body>
  <div class='ocr_page' id='page_1' title='image "./scriptoreshisto02petegoog_0214.png"; bbox 0 0 2517 3884; ppageno 0'>
   <div class='ocr_carea' id='block_1_1' title="bbox 515 990 1893 1331">
    <p class='ocr_par' dir='ltr' id='par_1_1' title="bbox 515 990 1893 1331">
     <span class='ocr_line' id='line_1_1' title="bbox 529 990 1893 1093; baseline 0.004 -6"><span class='ocrx_word' id='word_1_1' title='bbox 529 990 1409 1089; x_wconf 76' lang='lat' dir='ltr'><strong>ANTONINVS</strong></span> <span class='ocrx_word' id='word_1_2' title='bbox 1500 992 1893 1093; x_wconf 83' lang='lat' dir='ltr'><strong>GETA</strong></span> 
     </span>
     <span class='ocr_line' id='line_1_2' title="bbox 515 1196 1664 1331; baseline 0.001 -46"><span class='ocrx_word' id='word_1_3' title='bbox 515 1196 518 1199; x_wconf 76' lang='grc'><strong><em>’</em></strong></span> <span class='ocrx_word' id='word_1_4' title='bbox 755 1210 1045 1331; x_wconf 73' lang='lat' dir='ltr'><strong>AELn</strong></span> <span class='ocrx_word' id='word_1_5' title='bbox 1101 1210 1664 1295; x_wconf 68' lang='lat' dir='ltr'><strong>SPARTIAM..</strong></span> 
     </span>
    </p>
   </div>
   <div class='ocr_carea' id='block_1_2' title="bbox 161 1497 2261 3107">
    <p class='ocr_par' dir='ltr' id='par_1_2' title="bbox 243 1497 2247 1665">
     <span class='ocr_line' id='line_1_3' title="bbox 375 1497 2247 1580; baseline 0.001 -19"><span class='ocrx_word' id='word_1_6' title='bbox 375 1502 543 1571; x_wconf 90' lang='lat' dir='ltr'><strong>Scio,</strong></span> <span class='ocrx_word' id='word_1_7' title='bbox 592 1502 977 1562; x_wconf 82' lang='lat' dir='ltr'><strong>Constantine</strong></span> <span class='ocrx_word' id='word_1_8' title='bbox 1009 1505 1307 1580; x_wconf 82' lang='lat' dir='ltr'><strong>Auguste,</strong></span> <span class='ocrx_word' id='word_1_9' title='bbox 1355 1510 1411 1562; x_wconf 79' lang='lat' dir='ltr'><strong>et</strong></span> <span class='ocrx_word' id='word_1_10' title='bbox 1458 1497 1677 1562; x_wconf 84' lang='lat' dir='ltr'><strong>multos</strong></span> <span class='ocrx_word' id='word_1_11' title='bbox 1721 1508 1781 1561; x_wconf 92' lang='lat' dir='ltr'><strong>et</strong></span> <span class='ocrx_word' id='word_1_12' title='bbox 1811 1500 2186 1563; x_wconf 87' lang='lat' dir='ltr'><strong>clementiam</strong></span> <span class='ocrx_word' id='word_1_13' title='bbox 2224 1508 2247 1568; x_wconf 93' lang='grc'>]</span> 
     </span>
     <span class='ocr_line' id='line_1_4' title="bbox 243 1588 2185 1665; baseline 0.001 -19"><span class='ocrx_word' id='word_1_14' title='bbox 243 1595 413 1647; x_wconf 79' lang='lat' dir='ltr'><strong>tuam</strong></span> <span class='ocrx_word' id='word_1_15' title='bbox 444 1588 855 1663; x_wconf 83' lang='lat' dir='ltr'><strong>quaestionem</strong></span> <span class='ocrx_word' id='word_1_16' title='bbox 888 1605 1134 1647; x_wconf 85' lang='lat' dir='ltr'><strong>mouere</strong></span> <span class='ocrx_word' id='word_1_17' title='bbox 1165 1606 1378 1665; x_wconf 89' lang='lat' dir='ltr'><strong>posse,</strong></span> <span class='ocrx_word' id='word_1_18' title='bbox 1414 1606 1521 1647; x_wconf 88' lang='lat' dir='ltr'><strong>cur</strong></span> <span class='ocrx_word' id='word_1_19' title='bbox 1553 1589 1732 1647; x_wconf 87' lang='lat' dir='ltr'><strong>etiam</strong></span> <span class='ocrx_word' id='word_1_20' title='bbox 1763 1588 1910 1647; x_wconf 86' lang='lat' dir='ltr'><strong>Geta</strong></span> <span class='ocrx_word' id='word_1_21' title='bbox 1939 1589 2185 1649; x_wconf 88' lang='lat' dir='ltr'><strong>Antoni-</strong></span> 
     </span>
    </p>

    <p class='ocr_par' dir='ltr' id='par_1_3' title="bbox 183 1671 2256 1920">
     <span class='ocr_line' id='line_1_5' title="bbox 183 1671 2187 1751; baseline 0 -19"><span class='ocrx_word' id='word_1_22' title='bbox 183 1693 211 1732; x_wconf 90' lang='lat'>5</span> <span class='ocrx_word' id='word_1_23' title='bbox 241 1690 364 1732; x_wconf 89' lang='lat' dir='ltr'><strong>nus</strong></span> <span class='ocrx_word' id='word_1_24' title='bbox 397 1689 428 1730; x_wconf 86' lang='lat' dir='ltr'><strong>a</strong></span> <span class='ocrx_word' id='word_1_25' title='bbox 459 1689 558 1731; x_wconf 91' lang='lat' dir='ltr'><strong>me</strong></span> <span class='ocrx_word' id='word_1_26' title='bbox 587 1671 875 1732; x_wconf 81' lang='lat' dir='ltr'><strong>tradatur.</strong></span> <span class='ocrx_word' id='word_1_27' title='bbox 939 1672 1013 1731; x_wconf 89' lang='lat' dir='ltr'><strong>de</strong></span> <span class='ocrx_word' id='word_1_28' title='bbox 1045 1674 1216 1733; x_wconf 90' lang='lat' dir='ltr'><strong>cuius</strong></span> <span class='ocrx_word' id='word_1_29' title='bbox 1244 1674 1596 1751; x_wconf 85' lang='lat' dir='ltr'><strong>priusquam</strong></span> <span class='ocrx_word' id='word_1_30' title='bbox 1624 1673 1724 1732; x_wconf 93' lang='lat' dir='ltr'><strong>uel</strong></span> <span class='ocrx_word' id='word_1_31' title='bbox 1756 1674 1877 1731; x_wconf 90' lang='lat' dir='ltr'><strong>uita</strong></span> <span class='ocrx_word' id='word_1_32' title='bbox 1910 1672 2005 1731; x_wconf 87' lang='lat' dir='ltr'><strong>uel</strong></span> <span class='ocrx_word' id='word_1_33' title='bbox 2037 1691 2187 1733; x_wconf 91' lang='lat' dir='ltr'><strong>nece</strong></span> 
     </span>
     <span class='ocr_line' id='line_1_6' title="bbox 242 1754 2189 1835; baseline 0.001 -20"><span class='ocrx_word' id='word_1_34' title='bbox 242 1757 462 1825; x_wconf 84' lang='lat' dir='ltr'><strong>dicam,</strong></span> <span class='ocrx_word' id='word_1_35' title='bbox 498 1754 808 1823; x_wconf 84' lang='lat' dir='ltr'><strong>disseram,</strong></span> <span class='ocrx_word' id='word_1_36' title='bbox 843 1774 950 1816; x_wconf 92' lang='lat' dir='ltr'><strong>cur</strong></span> <span class='ocrx_word' id='word_1_37' title='bbox 982 1764 1040 1816; x_wconf 91' lang='lat' dir='ltr'><strong>et</strong></span> <span class='ocrx_word' id='word_1_38' title='bbox 1067 1758 1185 1835; x_wconf 89' lang='lat' dir='ltr'><strong>ipsi</strong></span> <span class='ocrx_word' id='word_1_39' title='bbox 1213 1759 1512 1817; x_wconf 79' lang='lat' dir='ltr'><strong>Antonino</strong></span> <span class='ocrx_word' id='word_1_40' title='bbox 1558 1775 1587 1817; x_wconf 84' lang='lat' dir='ltr'><strong>a</strong></span> <span class='ocrx_word' id='word_1_41' title='bbox 1622 1756 1849 1817; x_wconf 89' lang='lat' dir='ltr'><strong>Seuero</strong></span> <span class='ocrx_word' id='word_1_42' title='bbox 1895 1763 2067 1835; x_wconf 84' lang='lat' dir='ltr'><strong>patre</strong></span> <span class='ocrx_word' id='word_1_43' title='bbox 2112 1760 2189 1819; x_wconf 88' lang='lat' dir='ltr'><strong>sit</strong></span> 
     </span>
     <span class='ocr_line' id='line_1_7' title="bbox 243 1839 2256 1920; baseline 0.001 -19"><span class='ocrx_word' id='word_1_44' title='bbox 243 1858 471 1901; x_wconf 89' lang='lat' dir='ltr'><strong>nomen</strong></span> <span class='ocrx_word' id='word_1_45' title='bbox 513 1839 866 1920; x_wconf 82' lang='lat' dir='ltr'><strong>adpositum.</strong></span> <span class='ocrx_word' id='word_1_46' title='bbox 939 1858 1137 1918; x_wconf 87' lang='lat' dir='ltr'><strong>neque</strong></span> <span class='ocrx_word' id='word_1_47' title='bbox 1183 1844 1341 1902; x_wconf 88' lang='lat' dir='ltr'><strong>enim</strong></span> <span class='ocrx_word' id='word_1_48' title='bbox 1382 1842 1570 1903; x_wconf 89' lang='lat' dir='ltr'><strong>multa</strong></span> <span class='ocrx_word' id='word_1_49' title='bbox 1623 1844 1685 1901; x_wconf 89' lang='lat' dir='ltr'><strong>in</strong></span> <span class='ocrx_word' id='word_1_50' title='bbox 1731 1843 1857 1901; x_wconf 90' lang='lat' dir='ltr'><strong>eius</strong></span> <span class='ocrx_word' id='word_1_51' title='bbox 1896 1843 2016 1901; x_wconf 88' lang='lat' dir='ltr'><strong>uita</strong></span> <span class='ocrx_word' id='word_1_52' title='bbox 2072 1842 2188 1903; x_wconf 85' lang='lat' dir='ltr'><strong>dici</strong></span> <span class='ocrx_word' id='word_1_53' title='bbox 2224 1858 2256 1904; x_wconf 77' lang='lat'><strong>2</strong></span> 
     </span>
    </p>

    <p class='ocr_par' dir='ltr' id='par_1_4' title="bbox 177 1925 2257 2089">
     <span class='ocr_line' id='line_1_8' title="bbox 177 1925 2189 2005; baseline 0 -20"><span class='ocrx_word' id='word_1_54' title='bbox 177 1934 183 1938; x_wconf 85' lang='grc'><strong>’</strong></span> <span class='ocrx_word' id='word_1_55' title='bbox 241 1931 500 2005; x_wconf 85' lang='lat' dir='ltr'><strong>possunt</strong></span> <span class='ocrx_word' id='word_1_56' title='bbox 542 1927 646 2003; x_wconf 90' lang='lat' dir='ltr'><strong>qui</strong></span> <span class='ocrx_word' id='word_1_57' title='bbox 696 1928 866 2004; x_wconf 86' lang='lat' dir='ltr'><strong>prius</strong></span> <span class='ocrx_word' id='word_1_58' title='bbox 917 1925 1100 1987; x_wconf 88' lang='lat' dir='ltr'><strong>rebus</strong></span> <span class='ocrx_word' id='word_1_59' title='bbox 1138 1925 1413 1986; x_wconf 84' lang='lat' dir='ltr'><strong>humanis</strong></span> <span class='ocrx_word' id='word_1_60' title='bbox 1467 1932 1781 2004; x_wconf 85' lang='lat' dir='ltr'><strong>exemptus</strong></span> <span class='ocrx_word' id='word_1_61' title='bbox 1835 1934 1951 1994; x_wconf 89' lang='lat' dir='ltr'><strong>est,</strong></span> <span class='ocrx_word' id='word_1_62' title='bbox 2013 1945 2189 2005; x_wconf 86' lang='lat' dir='ltr'><strong>quam</strong></span> 
     </span>
     <span class='ocr_line' id='line_1_9' title="bbox 244 2010 2257 2089; baseline 0.001 -19"><span class='ocrx_word' id='word_1_63' title='bbox 244 2029 386 2070; x_wconf 88' lang='lat' dir='ltr'><strong>cum</strong></span> <span class='ocrx_word' id='word_1_64' title='bbox 417 2011 606 2070; x_wconf 81' lang='lat' dir='ltr'><strong>fratre</strong></span> <span class='ocrx_word' id='word_1_65' title='bbox 639 2016 874 2071; x_wconf 86' lang='lat' dir='ltr'><strong>teneret</strong></span> <span class='ocrx_word' id='word_1_66' title='bbox 901 2012 1240 2089; x_wconf 86' lang='lat' dir='ltr'><strong>imperium.</strong></span> <span class='ocrx_word' id='word_1_67' title='bbox 1278 2011 1601 2089; x_wconf 88' lang='lat' dir='ltr'><strong>Septimius</strong></span> <span class='ocrx_word' id='word_1_68' title='bbox 1633 2010 1897 2071; x_wconf 88' lang='lat' dir='ltr'><strong>Seuerus</strong></span> <span class='ocrx_word' id='word_1_69' title='bbox 1931 2010 2188 2087; x_wconf 87' lang='lat' dir='ltr'><strong>quodam</strong></span> <span class='ocrx_word' id='word_1_70' title='bbox 2226 2028 2257 2073; x_wconf 84' lang='lat'><strong>3</strong></span> 
     </span>
    </p>

    <p class='ocr_par' dir='ltr' id='par_1_5' title="bbox 161 2094 2261 2514">
     <span class='ocr_line' id='line_1_10' title="bbox 161 2094 2190 2173; baseline 0 -19"><span class='ocrx_word' id='word_1_71' title='bbox 161 2116 218 2155; x_wconf 78' lang='grc' dir='ltr'><strong>ιο</strong></span> <span class='ocrx_word' id='word_1_72' title='bbox 243 2102 524 2173; x_wconf 84' lang='lat' dir='ltr'><strong>tempore</strong></span> <span class='ocrx_word' id='word_1_73' title='bbox 557 2113 694 2155; x_wconf 92' lang='lat' dir='ltr'><strong>cum</strong></span> <span class='ocrx_word' id='word_1_74' title='bbox 725 2094 1123 2156; x_wconf 88' lang='lat' dir='ltr'><strong>consuluisset</strong></span> <span class='ocrx_word' id='word_1_75' title='bbox 1154 2114 1222 2155; x_wconf 83' lang='lat' dir='ltr'><strong>ac</strong></span> <span class='ocrx_word' id='word_1_76' title='bbox 1251 2098 1533 2173; x_wconf 88' lang='lat' dir='ltr'><strong>petisset,</strong></span> <span class='ocrx_word' id='word_1_77' title='bbox 1582 2102 1648 2154; x_wconf 90' lang='lat' dir='ltr'><strong>ut</strong></span> <span class='ocrx_word' id='word_1_78' title='bbox 1678 2094 1790 2155; x_wconf 90' lang='lat' dir='ltr'><strong>sibi</strong></span> <span class='ocrx_word' id='word_1_79' title='bbox 1819 2095 2190 2156; x_wconf 83' lang='lat' dir='ltr'><strong>indicaretur</strong></span> 
     </span>
     <span class='ocr_line' id='line_1_11' title="bbox 247 2178 2189 2257; baseline 0.001 -18"><span class='ocrx_word' id='word_1_80' title='bbox 247 2198 368 2257; x_wconf 90' lang='lat' dir='ltr'><strong>quo</strong></span> <span class='ocrx_word' id='word_1_81' title='bbox 403 2187 564 2240; x_wconf 89' lang='lat' dir='ltr'><strong>esset</strong></span> <span class='ocrx_word' id='word_1_82' title='bbox 595 2198 943 2241; x_wconf 83' lang='lat' dir='ltr'><strong>successore</strong></span> <span class='ocrx_word' id='word_1_83' title='bbox 983 2183 1340 2249; x_wconf 79' lang='lat' dir='ltr'><strong>moriturUS,</strong></span> <span class='ocrx_word' id='word_1_84' title='bbox 1384 2182 1444 2239; x_wconf 92' lang='lat' dir='ltr'><strong>in</strong></span> <span class='ocrx_word' id='word_1_85' title='bbox 1484 2182 1710 2240; x_wconf 89' lang='lat' dir='ltr'><strong>somnis</strong></span> <span class='ocrx_word' id='word_1_86' title='bbox 1751 2178 1901 2239; x_wconf 89' lang='lat' dir='ltr'><strong>uidit</strong></span> <span class='ocrx_word' id='word_1_87' title='bbox 1939 2181 2189 2241; x_wconf 89' lang='lat' dir='ltr'><strong>Antoni-</strong></span> 
     </span>
     <span class='ocr_line' id='line_1_12' title="bbox 244 2263 2261 2348; baseline 0.001 -23"><span class='ocrx_word' id='word_1_88' title='bbox 244 2284 396 2326; x_wconf 88' lang='lat' dir='ltr'><strong>num</strong></span> <span class='ocrx_word' id='word_1_89' title='bbox 429 2263 546 2325; x_wconf 85' lang='lat' dir='ltr'><strong>sibi</strong></span> <span class='ocrx_word' id='word_1_90' title='bbox 575 2284 1019 2326; x_wconf 90' lang='lat' dir='ltr'><strong>successurum..</strong></span> <span class='ocrx_word' id='word_1_91' title='bbox 1081 2283 1264 2348; x_wconf 75' lang='lat' dir='ltr'><strong>quare</strong></span> <span class='ocrx_word' id='word_1_92' title='bbox 1308 2266 1508 2325; x_wconf 86' lang='lat' dir='ltr'><strong>statim</strong></span> <span class='ocrx_word' id='word_1_93' title='bbox 1549 2264 1622 2324; x_wconf 87' lang='lat' dir='ltr'><strong>ad</strong></span> <span class='ocrx_word' id='word_1_94' title='bbox 1652 2264 1869 2324; x_wconf 85' lang='lat' dir='ltr'><strong>milites</strong></span> <span class='ocrx_word' id='word_1_95' title='bbox 1897 2267 2193 2343; x_wconf 88' lang='lat' dir='ltr'><strong>processit</strong></span> <span class='ocrx_word' id='word_1_96' title='bbox 2226 2282 2261 2329; x_wconf 83' lang='lat'>4</span> 
     </span>
     <span class='ocr_line' id='line_1_13' title="bbox 248 2349 2191 2420; baseline 0.001 -9"><span class='ocrx_word' id='word_1_97' title='bbox 248 2357 312 2411; x_wconf 89' lang='lat' dir='ltr'><strong>et</strong></span> <span class='ocrx_word' id='word_1_98' title='bbox 351 2350 740 2420; x_wconf 82' lang='lat' dir='ltr'><strong>Bassianum,</strong></span> <span class='ocrx_word' id='word_1_99' title='bbox 784 2349 971 2411; x_wconf 91' lang='lat' dir='ltr'><strong>filium</strong></span> <span class='ocrx_word' id='word_1_100' title='bbox 1013 2352 1303 2411; x_wconf 81' lang='lat' dir='ltr'><strong>maiorem</strong></span> <span class='ocrx_word' id='word_1_101' title='bbox 1356 2356 1529 2418; x_wconf 86' lang='lat' dir='ltr'><strong>natu,</strong></span> <span class='ocrx_word' id='word_1_102' title='bbox 1573 2350 1839 2410; x_wconf 90' lang='lat' dir='ltr'><strong>Marcum</strong></span> <span class='ocrx_word' id='word_1_103' title='bbox 1881 2350 2191 2412; x_wconf 88' lang='lat' dir='ltr'><strong>Aurelium</strong></span> 
     </span>
     <span class='ocr_line' id='line_1_14' title="bbox 247 2434 2259 2514; baseline 0 -18"><span class='ocrx_word' id='word_1_104' title='bbox 247 2436 616 2496; x_wconf 85' lang='lat' dir='ltr'><strong>Antoninum</strong></span> <span class='ocrx_word' id='word_1_105' title='bbox 648 2434 990 2513; x_wconf 79' lang='lat' dir='ltr'><strong>appellauit.</strong></span> <span class='ocrx_word' id='word_1_106' title='bbox 1056 2454 1186 2495; x_wconf 88' lang='lat' dir='ltr'><strong>cum</strong></span> <span class='ocrx_word' id='word_1_107' title='bbox 1218 2435 1281 2494; x_wconf 91' lang='lat' dir='ltr'><strong>id</strong></span> <span class='ocrx_word' id='word_1_108' title='bbox 1310 2435 1581 2503; x_wconf 84' lang='lat' dir='ltr'><strong>fecisset,</strong></span> <span class='ocrx_word' id='word_1_109' title='bbox 1616 2434 1715 2496; x_wconf 89' lang='lat' dir='ltr'><strong>uel</strong></span> <span class='ocrx_word' id='word_1_110' title='bbox 1748 2441 1999 2513; x_wconf 84' lang='lat' dir='ltr'><strong>paterna</strong></span> <span class='ocrx_word' id='word_1_111' title='bbox 2030 2438 2188 2514; x_wconf 87' lang='lat' dir='ltr'><strong>cogi·</strong></span> <span class='ocrx_word' id='word_1_112' title='bbox 2228 2450 2259 2501; x_wconf 90' lang='lat'>5</span> 
     </span>
    </p>

    <p class='ocr_par' dir='ltr' id='par_1_6' title="bbox 169 2519 2255 2938">
     <span class='ocr_line' id='line_1_15' title="bbox 169 2519 2185 2619; baseline 0.002 -41"><span class='ocrx_word' id='word_1_113' title='bbox 169 2539 222 2580; x_wconf 83' lang='lat'><strong>15</strong></span> <span class='ocrx_word' id='word_1_114' title='bbox 247 2522 480 2582; x_wconf 81' lang='lat' dir='ltr'><strong>tatione</strong></span> <span class='ocrx_word' id='word_1_115' title='bbox 509 2519 628 2590; x_wconf 89' lang='lat' dir='ltr'><strong>uel,</strong></span> <span class='ocrx_word' id='word_1_116' title='bbox 667 2527 734 2579; x_wconf 92' lang='lat' dir='ltr'><strong>ut</strong></span> <span class='ocrx_word' id='word_1_117' title='bbox 766 2520 1022 2619; x_wconf 44' lang='lat' dir='ltr'><strong>quidam·</strong></span> <span class='ocrx_word' id='word_1_118' title='bbox 1035 2520 1260 2589; x_wconf 88' lang='lat' dir='ltr'><strong>dicunt,</strong></span> <span class='ocrx_word' id='word_1_119' title='bbox 1296 2540 1328 2580; x_wconf 83' lang='lat' dir='ltr'><strong>a</strong></span> <span class='ocrx_word' id='word_1_120' title='bbox 1359 2519 1507 2581; x_wconf 86' lang='lat' dir='ltr'><strong>Iulia</strong></span> <span class='ocrx_word' id='word_1_121' title='bbox 1536 2538 1725 2580; x_wconf 88' lang='lat' dir='ltr'><strong>uxore</strong></span> <span class='ocrx_word' id='word_1_122' title='bbox 1770 2524 2185 2590; x_wconf 83' lang='lat' dir='ltr'><strong>commonituS,</strong></span> 
     </span>
     <span class='ocr_line' id='line_1_16' title="bbox 250 2604 2189 2685; baseline 0 -20"><span class='ocrx_word' id='word_1_123' title='bbox 250 2622 405 2682; x_wconf 89' lang='lat' dir='ltr'><strong>quae</strong></span> <span class='ocrx_word' id='word_1_124' title='bbox 435 2622 623 2682; x_wconf 85' lang='lat' dir='ltr'><strong>gnara</strong></span> <span class='ocrx_word' id='word_1_125' title='bbox 655 2612 783 2664; x_wconf 85' lang='lat' dir='ltr'><strong>erat</strong></span> <span class='ocrx_word' id='word_1_126' title='bbox 812 2607 1059 2674; x_wconf 88' lang='lat' dir='ltr'><strong>somnii,</strong></span> <span class='ocrx_word' id='word_1_127' title='bbox 1107 2606 1267 2681; x_wconf 88' lang='lat' dir='ltr'><strong>quod</strong></span> <span class='ocrx_word' id='word_1_128' title='bbox 1299 2606 1518 2665; x_wconf 90' lang='lat' dir='ltr'><strong>minori</strong></span> <span class='ocrx_word' id='word_1_129' title='bbox 1561 2606 1681 2665; x_wconf 88' lang='lat' dir='ltr'><strong>filio</strong></span> <span class='ocrx_word' id='word_1_130' title='bbox 1727 2604 1843 2665; x_wconf 92' lang='lat' dir='ltr'><strong>hoc</strong></span> <span class='ocrx_word' id='word_1_131' title='bbox 1874 2605 2075 2666; x_wconf 85' lang='lat' dir='ltr'><strong>facto</strong></span> <span class='ocrx_word' id='word_1_132' title='bbox 2059 2625 2189 2685; x_wconf 78' lang='lat' dir='ltr'><strong>lpse</strong></span> 
     </span>
     <span class='ocr_line' id='line_1_17' title="bbox 247 2689 2186 2769; baseline -0.001 -18"><span class='ocrx_word' id='word_1_133' title='bbox 247 2689 688 2751; x_wconf 83' lang='lat' dir='ltr'><strong>interclusisset</strong></span> <span class='ocrx_word' id='word_1_134' title='bbox 719 2690 940 2750; x_wconf 88' lang='lat' dir='ltr'><strong>aditum</strong></span> <span class='ocrx_word' id='word_1_135' title='bbox 971 2689 1336 2769; x_wconf 84' lang='lat' dir='ltr'><strong>imperandi,</strong></span> <span class='ocrx_word' id='word_1_136' title='bbox 1385 2692 1561 2751; x_wconf 84' lang='lat' dir='ltr'><strong>etiam</strong></span> <span class='ocrx_word' id='word_1_137' title='bbox 1604 2690 1846 2757; x_wconf 83' lang='lat' dir='ltr'><strong>Getam,</strong></span> <span class='ocrx_word' id='word_1_138' title='bbox 1893 2692 2186 2749; x_wconf 87' lang='lat' dir='ltr'><strong>minorem</strong></span> 
     </span>
     <span class='ocr_line' id='line_1_18' title="bbox 251 2764 2255 2852; baseline 0.001 -18"><span class='ocrx_word' id='word_1_139' title='bbox 251 2774 457 2843; x_wconf 86' lang='lat' dir='ltr'><strong>filium,</strong></span> <span class='ocrx_word' id='word_1_140' title='bbox 491 2764 856 2835; x_wconf 80' lang='lat' dir='ltr'><strong>Antoninum</strong></span> <span class='ocrx_word' id='word_1_141' title='bbox 886 2776 1090 2835; x_wconf 86' lang='lat' dir='ltr'><strong>uocari</strong></span> <span class='ocrx_word' id='word_1_142' title='bbox 1123 2776 1313 2835; x_wconf 90' lang='lat' dir='ltr'><strong>iussit.</strong></span> <span class='ocrx_word' id='word_1_143' title='bbox 1385 2775 1591 2850; x_wconf 87' lang='lat' dir='ltr'><strong>itaque</strong></span> <span class='ocrx_word' id='word_1_144' title='bbox 1623 2792 1861 2852; x_wconf 86' lang='lat' dir='ltr'><strong>semper</strong></span> <span class='ocrx_word' id='word_1_145' title='bbox 1904 2773 1977 2833; x_wconf 82' lang='lat' dir='ltr'><strong>ab</strong></span> <span class='ocrx_word' id='word_1_146' title='bbox 2011 2792 2081 2833; x_wconf 94' lang='lat' dir='ltr'><strong>eo</strong></span> <span class='ocrx_word' id='word_1_147' title='bbox 2124 2776 2186 2835; x_wconf 92' lang='lat' dir='ltr'><strong>in</strong></span> <span class='ocrx_word' id='word_1_148' title='bbox 2222 2790 2255 2837; x_wconf 83' lang='lat'>6</span> 
     </span>
     <span class='ocr_line' id='line_1_19' title="bbox 255 2857 2183 2938; baseline 0 -19"><span class='ocrx_word' id='word_1_149' title='bbox 255 2859 530 2938; x_wconf 82' lang='lat' dir='ltr'><strong>epistulis</strong></span> <span class='ocrx_word' id='word_1_150' title='bbox 575 2858 971 2920; x_wconf 76' lang='lat' dir='ltr'><strong>familiaribus</strong></span> <span class='ocrx_word' id='word_1_151' title='bbox 1025 2860 1216 2920; x_wconf 85' lang='lat' dir='ltr'><strong>dictus</strong></span> <span class='ocrx_word' id='word_1_152' title='bbox 1271 2866 1389 2927; x_wconf 85' lang='lat' dir='ltr'><strong>est,</strong></span> <span class='ocrx_word' id='word_1_153' title='bbox 1436 2876 1573 2919; x_wconf 87' lang='lat' dir='ltr'><strong>cum</strong></span> <span class='ocrx_word' id='word_1_154' title='bbox 1618 2860 1669 2919; x_wconf 93' lang='lat' dir='ltr'><strong>si</strong></span> <span class='ocrx_word' id='word_1_155' title='bbox 1720 2858 1878 2917; x_wconf 86' lang='lat' dir='ltr'><strong>forte</strong></span> <span class='ocrx_word' id='word_1_156' title='bbox 1931 2857 2183 2927; x_wconf 88' lang='lat' dir='ltr'><strong>abesset,</strong></span> 
     </span>
    </p>

    <p class='ocr_par' dir='ltr' id='par_1_7' title="bbox 181 2942 2257 3107">
     <span class='ocr_line' id='line_1_20' title="bbox 181 2942 2257 3007; baseline 0.003 -7"><span class='ocrx_word' id='word_1_157' title='bbox 181 2962 232 3001; x_wconf 83' lang='lat'><strong>20</strong></span> <span class='ocrx_word' id='word_1_158' title='bbox 259 2945 580 3006; x_wconf 87' lang='lat' dir='ltr'><strong>scriberet:</strong></span> <span class='ocrx_word' id='word_1_159' title='bbox 617 2942 902 3005; x_wconf 82' lang='lat' dir='ltr'><strong>‘Salutate</strong></span> <span class='ocrx_word' id='word_1_160' title='bbox 930 2946 1263 3005; x_wconf 85' lang='lat' dir='ltr'><strong>Antoninos</strong></span> <span class='ocrx_word' id='word_1_161' title='bbox 1295 2944 1445 3006; x_wconf 84' lang='lat' dir='ltr'><strong>filios</strong></span> <span class='ocrx_word' id='word_1_162' title='bbox 1478 2949 1535 3003; x_wconf 91' lang='lat' dir='ltr'><strong>et</strong></span> <span class='ocrx_word' id='word_1_163' title='bbox 1567 2961 1948 3004; x_wconf 87' lang='lat' dir='ltr'><strong>successores</strong></span> <span class='ocrx_word' id='word_1_164' title='bbox 1971 2945 2162 3005; x_wconf 82' lang='lat' dir='ltr'><strong>meos&#39;</strong></span> <span class='ocrx_word' id='word_1_165' title='bbox 2169 2992 2182 3005; x_wconf 90' lang='lat'>.</span> <span class='ocrx_word' id='word_1_166' title='bbox 2225 2959 2257 3007; x_wconf 82' lang='grc'>7</span> 
     </span>
     <span class='ocr_line' id='line_1_21' title="bbox 257 3026 2188 3107; baseline 0.001 -18"><span class='ocrx_word' id='word_1_167' title='bbox 257 3030 355 3090; x_wconf 88' lang='lat' dir='ltr'><strong>sed</strong></span> <span class='ocrx_word' id='word_1_168' title='bbox 389 3027 540 3090; x_wconf 88' lang='lat' dir='ltr'><strong>nihil</strong></span> <span class='ocrx_word' id='word_1_169' title='bbox 575 3028 763 3089; x_wconf 83' lang='lat' dir='ltr'><strong>ualuit</strong></span> <span class='ocrx_word' id='word_1_170' title='bbox 791 3032 980 3107; x_wconf 86' lang='lat' dir='ltr'><strong>patris</strong></span> <span class='ocrx_word' id='word_1_171' title='bbox 1013 3031 1237 3099; x_wconf 84' lang='lat' dir='ltr'><strong>cantic,</strong></span> <span class='ocrx_word' id='word_1_172' title='bbox 1273 3047 1407 3088; x_wconf 87' lang='lat' dir='ltr'><strong>nam</strong></span> <span class='ocrx_word' id='word_1_173' title='bbox 1456 3030 1510 3088; x_wconf 91' lang='lat' dir='ltr'><strong>ei</strong></span> <span class='ocrx_word' id='word_1_174' title='bbox 1553 3026 1716 3089; x_wconf 89' lang='lat' dir='ltr'><strong>solus</strong></span> <span class='ocrx_word' id='word_1_175' title='bbox 1755 3026 1856 3087; x_wconf 90' lang='lat' dir='ltr'><strong>ille</strong></span> <span class='ocrx_word' id='word_1_176' title='bbox 1899 3032 2188 3091; x_wconf 87' lang='lat' dir='ltr'><strong>successit</strong></span> 
     </span>
    </p>
   </div>
   <div class='ocr_carea' id='block_1_3' title="bbox 257 3281 2197 3551">
    <p class='ocr_par' dir='ltr' id='par_1_8' title="bbox 257 3281 2193 3551">
     <span class='ocr_line' id='line_1_22' title="bbox 356 3281 2193 3349; baseline -0.001 -17"><span class='ocrx_word' id='word_1_177' title='bbox 356 3287 381 3332; x_wconf 93' lang='lat'>1</span> <span class='ocrx_word' id='word_1_178' title='bbox 407 3284 615 3348; x_wconf 85' lang='lat' dir='ltr'><strong>incipit</strong></span> <span class='ocrx_word' id='word_1_179' title='bbox 641 3282 942 3333; x_wconf 84' lang='lat' dir='ltr'><strong>antoninus</strong></span> <span class='ocrx_word' id='word_1_180' title='bbox 967 3288 1098 3349; x_wconf 83' lang='lat' dir='ltr'><strong>geta</strong></span> <span class='ocrx_word' id='word_1_181' title='bbox 1127 3282 1373 3333; x_wconf 81' lang='lat' dir='ltr'><strong>feliciter</strong></span> <span class='ocrx_word' id='word_1_182' title='bbox 1397 3281 1499 3330; x_wconf 92' lang='lat' dir='ltr'><strong>BP</strong></span> <span class='ocrx_word' id='word_1_183' title='bbox 1542 3282 1853 3333; x_wconf 85' lang='lat' dir='ltr'><strong>Antoninus</strong></span> <span class='ocrx_word' id='word_1_184' title='bbox 1881 3282 2023 3333; x_wconf 80' lang='lat' dir='ltr'><strong>Geta</strong></span> <span class='ocrx_word' id='word_1_185' title='bbox 2050 3284 2193 3331; x_wconf 88' lang='lat' dir='ltr'><strong>eius-</strong></span> 
     </span>
     <span class='ocr_line' id='line_1_23' title="bbox 259 3348 2197 3415; baseline 0 -17"><span class='ocrx_word' id='word_1_186' title='bbox 259 3350 376 3400; x_wconf 83' lang='lat' dir='ltr'><strong>dem</strong></span> <span class='ocrx_word' id='word_1_187' title='bbox 401 3350 690 3415; x_wconf 81' lang='lat' dir='ltr'><strong>Spartiani</strong></span> <span class='ocrx_word' id='word_1_188' title='bbox 715 3351 780 3399; x_wconf 87' lang='grc' dir='ltr'><em>Μ</em></span> <span class='ocrx_word' id='word_1_189' title='bbox 822 3350 894 3399; x_wconf 81' lang='lat' dir='ltr'><strong>ad</strong></span> <span class='ocrx_word' id='word_1_190' title='bbox 919 3352 1333 3401; x_wconf 85' lang='lat' dir='ltr'><strong>constantinum</strong></span> <span class='ocrx_word' id='word_1_191' title='bbox 1357 3365 1481 3414; x_wconf 83' lang='lat' dir='ltr'><strong>aug.</strong></span> <span class='ocrx_word' id='word_1_192' title='bbox 1517 3350 1639 3402; x_wconf 83' lang='lat' dir='ltr'><em>add.</em></span> <span class='ocrx_word' id='word_1_193' title='bbox 1666 3348 1746 3398; x_wconf 69' lang='grc' dir='ltr'><strong>Ρ3</strong></span> <span class='ocrx_word' id='word_1_194' title='bbox 1891 3354 1919 3399; x_wconf 82' lang='grc'>7</span> <span class='ocrx_word' id='word_1_195' title='bbox 1952 3352 2073 3399; x_wconf 86' lang='lat' dir='ltr'><strong>uita</strong></span> <span class='ocrx_word' id='word_1_196' title='bbox 2099 3366 2197 3400; x_wconf 83' lang='lat' dir='ltr'><strong>om.</strong></span> 
     </span>
     <span class='ocr_line' id='line_1_24' title="bbox 257 3388 2073 3481; baseline -0.001 -14"><span class='ocrx_word' id='word_1_197' title='bbox 257 3418 382 3468; x_wconf 86' lang='lat' dir='ltr'><strong>BP¹</strong></span> <span class='ocrx_word' id='word_1_198' title='bbox 523 3421 586 3469; x_wconf 81' lang='lat'><strong>12</strong></span> <span class='ocrx_word' id='word_1_199' title='bbox 615 3430 993 3467; x_wconf 85' lang='lat' dir='ltr'><strong>successorum</strong></span> <span class='ocrx_word' id='word_1_200' title='bbox 1017 3420 1067 3467; x_wconf 93' lang='lat' dir='ltr'><em>B</em></span> <span class='ocrx_word' id='word_1_201' title='bbox 1207 3420 1273 3467; x_wconf 82' lang='lat'><strong>14</strong></span> <span class='ocrx_word' id='word_1_202' title='bbox 1299 3388 1461 3481; x_wconf 64' lang='lat' dir='ltr'><strong>quode</strong></span> <span class='ocrx_word' id='word_1_203' title='bbox 1468 3418 1629 3467; x_wconf 90' lang='lat' dir='ltr'><strong>BPM</strong></span> <span class='ocrx_word' id='word_1_204' title='bbox 1654 3433 1777 3466; x_wconf 90' lang='lat' dir='ltr'><strong>cum</strong></span> <span class='ocrx_word' id='word_1_205' title='bbox 1802 3417 1861 3467; x_wconf 86' lang='lat' dir='ltr'><strong>id</strong></span> <span class='ocrx_word' id='word_1_206' title='bbox 1883 3420 2073 3481; x_wconf 77' lang='lat' dir='ltr'><strong>scripsi</strong></span> 
     </span>
     <span class='ocr_line' id='line_1_25' title="bbox 259 3483 2088 3551; baseline -0.001 -16"><span class='ocrx_word' id='word_1_207' title='bbox 259 3491 314 3535; x_wconf 84' lang='lat' dir='ltr'><strong>et</strong></span> <span class='ocrx_word' id='word_1_208' title='bbox 337 3488 504 3537; x_wconf 89' lang='lat' dir='ltr'><strong>BPM</strong></span> <span class='ocrx_word' id='word_1_209' title='bbox 521 3486 615 3537; x_wconf 83' lang='lat' dir='ltr'><strong>uel</strong></span> <span class='ocrx_word' id='word_1_210' title='bbox 637 3488 826 3551; x_wconf 74' lang='lat' dir='ltr'><strong>scripsi</strong></span> <span class='ocrx_word' id='word_1_211' title='bbox 849 3486 1043 3550; x_wconf 84' lang='lat' dir='ltr'><strong>(Iord.)</strong></span> <span class='ocrx_word' id='word_1_212' title='bbox 1184 3489 1248 3536; x_wconf 87' lang='grc'><strong>19</strong></span> <span class='ocrx_word' id='word_1_213' title='bbox 1283 3485 1466 3534; x_wconf 87' lang='lat' dir='ltr'><strong>dictus</strong></span> <span class='ocrx_word' id='word_1_214' title='bbox 1493 3490 1578 3534; x_wconf 85' lang='lat' dir='ltr'><strong>est</strong></span> <span class='ocrx_word' id='word_1_215' title='bbox 1602 3486 1915 3535; x_wconf 79' lang='lat' dir='ltr'><strong>Antoninus</strong></span> <span class='ocrx_word' id='word_1_216' title='bbox 1942 3483 2088 3533; x_wconf 78' lang='lat' dir='ltr'><strong>P³M</strong></span> 
     </span>
    </p>
   </div>
   <div class='ocr_carea' id='block_1_4' title="bbox 325 3566 1791 3639">
    <p class='ocr_par' dir='ltr' id='par_1_9' title="bbox 325 3566 1791 3639">
     <span class='ocr_line' id='line_1_26' title="bbox 325 3566 1791 3639; baseline -0.006 -1"><span class='ocrx_word' id='word_1_217' title='bbox 325 3604 533 3639; x_wconf 71' lang='lat' dir='ltr'><strong>sempr.</strong></span> <span class='ocrx_word' id='word_1_218' title='bbox 559 3604 709 3639; x_wconf 59' lang='lat' dir='ltr'><strong>msrr.</strong></span> <span class='ocrx_word' id='word_1_219' title='bbox 731 3602 862 3637; x_wconf 66' lang='lat' dir='ltr'><strong>Ave.</strong></span> <span class='ocrx_word' id='word_1_220' title='bbox 895 3588 937 3639; x_wconf 91' lang='lat'><strong>1.</strong></span> <span class='ocrx_word' id='word_1_221' title='bbox 1710 3566 1791 3629; x_wconf 78' lang='grc'><strong>12</strong></span> 
     </span>
    </p>
   </div>
  </div>
 </body>
</html>
