2517 3884
513 177 885 260 AN'ronvs
928 174 1448 264 nEmoeABAtvs
1496 166 1595 264 c,
1643 211 1883 266 22-25,
2054 201 2186 267 219

229 387 467 448 semper
499 369 786 430 exhibuit.
821 387 1214 432 murenarum
1244 369 1499 434 lactibus
1530 379 1590 433 et
1618 371 1901 454 luporum
1930 375 1995 435 in
2016 373 2165 436 locis

230 455 686 517 mediterraneis
718 457 975 516 rusticos
1005 458 1188 534 pauit.
2103 515 2109 519 .

355 541 560 601 Pisces
589 558 832 620 semper
859 542 1031 620 quasi
1060 543 1121 600 in
1154 541 1382 602 marina
1426 557 1581 619 aqua
1623 560 1760 604 cum
1804 543 2006 606 colore
2049 563 2160 609 suo
2178 540 2303 606 24·

227 622 428 686 co'ctos
459 625 774 686 conditura
805 633 1019 686 ueneta
1049 626 1325 686 comedit.
1388 630 1810 689 momentarias
1854 628 1928 690 de
1960 639 2161 691 rosato

167 723 199 766 s
227 718 285 771 et
314 712 470 771 rosis
502 712 756 788 piscinas
785 710 1056 771 ‘exhibuit
1087 718 1146 770 et
1187 711 1335 770 lauit
1376 714 1514 772 cuin
1556 714 1833 774 omnibus
1877 715 2000 775 suis
2042 715 2163 776 cal-

225 795 422 872 darias
465 795 540 855 de
583 795 772 856 nardo
801 795 1130 856 exhibens.
1203 795 1365 855 idem
1403 797 1465 856 in
1510 796 1773 858 lucernis
1825 797 2160 862 balsamum

225 880 512 940 exhibuit.
576 881 736 940 idem
766 880 1050 941 mulieres
1082 899 1407 959 numquam
1438 883 1681 962 iterauit
1722 891 1961 962 praeter
2005 904 2157 946 uxo·
2198 897 2233 949 2

222 983 370 1026 rem.
427 965 738 1044 lupanaria
768 965 930 1026 domi
959 967 1168 1026 amieis
1200 965 1518 1026 clientibus
1550 974 1609 1027 et
1638 971 1835 1028 seruis
1868 969 2155 1031 exhibuit.

219 1050 382 1110 idem
411 1067 740 1126 numquam
773 1051 968 1110 minus
1001 1058 1241 1111 centum
1274 1052 1565 1111 sestertiis
1598 1055 1863 1122 cenauit,
1909 1054 2023 1115 hoc
2070 1061 2161 1116 est
2194 1069 2229 1118 3

143 1150 196 1190 ιο
221 1136 458 1212 argenti
498 1135 668 1195 libris
713 1136 974 1212 triginta.
1059 1135 1376 1214 aliquando
1430 1143 1631 1197 autem
1681 1137 1875 1198 tribus
1916 1139 2161 1200 milibus

221 1221 571 1280 sestertium
632 1221 868 1280 cenauit
925 1220 1199 1280 omnibus
1259 1223 1595 1299 supputatis
1654 1239 1807 1298 quae
1866 1224 2162 1301 inpendit.

221 1321 402 1364 cenas
447 1322 594 1364 uero
639 1311 699 1364 et
739 1304 953 1366 Vitellii
995 1313 1055 1364 et
1094 1306 1283 1384 Apicii
1326 1307 1487 1366 uicit.
1570 1308 1769 1386 pisces
1828 1325 1861 1366 e
1916 1310 2163 1373 uiuariis
2198 1323 2235 1372 4

223 1391 350 1450 suis
381 1389 583 1450 bubus
615 1390 810 1450 traxit.
874 1409 985 1468 per
1015 1389 1331 1450 macellum
1378 1393 1674 1454 transiens
1716 1392 2163 1454 mendicitatem

167 1551 173 1556 .
219 1475 526 1552 publicam
558 1475 738 1534 fleuit.
815 1477 1108 1554 parasitos
1153 1475 1227 1534 ad
1269 1483 1462 1536 rotam
1504 1478 1809 1555 aquariam
1852 1476 2072 1555 ligabat
2104 1485 2163 1539 et
2198 1491 2233 1543 5

144 1572 196 1614 15
224 1578 360 1620 cum
393 1556 688 1636 uertigine
720 1559 832 1619 sub
876 1565 1058 1636 aquas
1089 1560 1362 1621 mittebat
1389 1579 1723 1641 rursusque
1766 1564 1829 1623 in
1858 1567 2165 1625 'summum

221 1644 580 1706 reuoluebat
630 1661 852 1723 eosque
901 1645 1162 1705 Ixionios
1214 1647 1437 1706 amicos
1491 1649 1750 1708 uocauit.
1834 1651 2047 1709 strauit
2102 1657 2163 1709 et
2198 1663 2232 1712 6

221 1731 380 1790 saxis
426 1729 913 1790 Lacedaemoniis
955 1748 1022 1789 ac
1054 1730 1499 1809 Porphyreticis
1542 1731 1769 1810 plateas
1808 1733 1870 1792 in
1911 1732 2159 1804 Palatio,

222 1831 372 1891 quas
402 1815 830 1876 Antoninianas
859 1817 1114 1875 uocauit.
1179 1833 1332 1892 quae
1378 1835 1518 1876 saxa
1562 1833 1753 1892 usque
1786 1816 1860 1877 ad
1892 1826 2161 1880 nostram

221 1901 574 1960 memoriam
607 1905 985 1968 manserunt,
1035 1898 1161 1960 sed*
1185 1917 1381 1979 nuper
1428 1908 1597 1961 eruta
1639 1909 1699 1962 et
1729 1909 1967 1963 exsecta
1996 1911 2156 1964 sunt.

59 2059 62 2061 Α
142 1999 198 2040 20
225 1986 618 2064 constituerat
649 1992 706 2042 et
737 1982 1076 2044 columnam
1108 2003 1289 2046 unam
1320 1984 1463 2044 dare
1494 1987 1827 2061 ingentem,
1873 1987 1947 2046 ad
1979 2004 2159 2063 quam
2183 2003 2228 2054 -7

223 2068 650 2151 ascenderetur
678 2070 1060 2138 intrinsecus,
1109 2071 1188 2128 ita
1221 2076 1286 2129 ut
1327 2071 1666 2129 in.summo
1707 2053 2163 2148 Heliogabalum
2270 2069 2273 2074 ’

224 2153 404 2214 deum
436 2152 784 2222 collocaret,
832 2153 937 2214 sed
967 2160 1196 2214 tantum
1229 2171 1438 2212 saxum
1471 2171 1590 2213 non
1621 2155 1881 2223 inuenit,
1928 2173 2065 2216 cum
2096 2157 2158 2216 id

161 2261 168 2265 ·
224 2239 300 2300 de
329 2237 637 2300 Thebaide
667 2238 903 2299 adferre
935 2240 1239 2314 cogitaret.

350 2323 568 2384 Ebrios
607 2325 828 2386 amicos
867 2323 1223 2402 plerumque
1266 2321 1581 2383 claudebat
1633 2331 1691 2384 et
1731 2322 1929 2384 subito
1980 2331 2157 2385 nocte
2174 2325 2263 2392 25

143 2424 200 2466 25
223 2408 430 2470 leones
463 2415 520 2468 et
549 2407 867 2487 leopardos
899 2415 957 2468 et
985 2426 1160 2468 ursos
1192 2414 1529 2469 exarmatos
1570 2408 1934 2478 inminebat,
1970 2411 2053 2471 ita
2096 2419 2164 2472 ut

227 2494 631 2574 expergefacti
661 2494 721 2551 in
753 2491 1030 2553 cubiculo
1063 2493 1271 2553 eodem
1305 2493 1514 2554 leones
1544 2513 1716 2554 ursos
1758 2494 1981 2574 pardos
2024 2512 2164 2556 cum

223 2577 384 2646 luce,
425 2577 524 2637 uel
557 2576 716 2653 quod
748 2583 838 2636 est
867 2579 1112 2654 grauius
1145 2583 1321 2653 nocte
1352 2580 1724 2650 inuenirent,
1770 2599 1844 2640 ex
1881 2597 2000 2658 quo
2033 2581 2161 2660 ple-

224 2665 399 2740 rique
433 2662 749 2722 exanimati
782 2669 937 2722 sunt.
1013 2661 1216 2721 multis
1264 2662 1573 2734 uilioribus
1605 2667 1807 2726 amicis
1840 2666 2015 2726 folles
2048 2685 2159 2744 pro
2195 2684 2227 2732 2

225 2747 512 2808 accubitis
544 2744 849 2806 sternebat
880 2763 1102 2824 eosque
1143 2746 1394 2808 reflabat
1437 2748 1869 2826 prandentibus
1902 2749 2045 2818 illis,
2080 2752 2164 2811 ita
2207 2767 2211 2773 ·

153 2849 205 2889 ao
230 2843 294 2893 ut
323 2829 679 2912 plerumque
710 2830 908 2892 subito
939 2831 1052 2892 sub
1077 2834 1299 2892 mensis
1324 2834 1740 2893 inuenirentur
1770 2834 2156 2912 prandentes,
2283 2912 2287 2917 .

227 2919 454 2995 primus
485 2915 743 2994 denique
773 2918 1005 2978 inuenit
1033 2919 1243 2978 simma
1282 2919 1345 2978 in
1387 2924 1551 2979 terra
1582 2925 1883 2986 sternere,
1933 2937 2056 2978 non
2097 2921 2163 2978 in
2196 2939 2231 2988 3

326 3089 359 3137 3
387 3085 570 3138 colere
593 3084 700 3134 BP
829 3087 866 3135 4
886 3085 1278 3136 momentarios
1301 3085 1353 3135 B
1489 3087 1521 3136 5
1544 3085 1690 3136 uiuit
1714 3086 1817 3135 BP
1836 3086 1981 3136 bibit
2006 3086 2071 3138 M
2088 3085 2173 3138 la·

229 3153 310 3202 uit
331 3156 530 3218 scripsi
685 3151 960 3204 caldarios
984 3154 1035 3203 B
1062 3154 1310 3204 caldaria
1336 3153 1401 3202 M
1554 3156 1587 3204 8
1612 3154 1889 3218 lupinaria
1915 3153 1965 3203 B
2107 3159 2172 3206 10

229 3221 384 3272 libris
408 3220 680 3286 trecentis
705 3221 746 3270 Ο
883 3223 944 3272 11
971 3223 1250 3272 sestertiis
1276 3221 1443 3271 BPM
1592 3225 1653 3272 12
1678 3222 1823 3272 uiuit
1846 3222 1951 3272 BP
2084 3238 2173 3274 se-

227 3289 458 3340 uiuariti
485 3289 587 3338 BP
632 3305 700 3348 ex
723 3289 956 3339 uiuariis
979 3291 1048 3340 M
1181 3291 1242 3338 16
1269 3289 1496 3340 uocauit
1522 3305 1663 3356 quae
1690 3307 1827 3341 saxa
1854 3292 2058 3341 strauit
2085 3290 2135 3340 B
2152 3289 2170 3324 ¹

328 3361 393 3408 19
420 3356 638 3406 erudite
669 3355 716 3404 B
749 3356 1056 3423 erulsdellss
1079 3359 1129 3408 P
1173 3362 1334 3407 eruta
1360 3362 1418 3408 et
1442 3357 1575 3424 Eyn'.
1715 3361 1783 3411 20
1807 3359 1956 3410 clare
1981 3359 2033 3409 B

229 3458 299 3506 22·
324 3456 385 3507 id
411 3457 481 3507 de
505 3419 771 3508 δεπῑιαίἓὲ
791 3459 844 3507 Β
1001 3459 1068 3509 28
1100 3459 1260 3510 multi
1283 3457 1410 3510 BP¹
1436 3475 1575 3512 corr.
1602 3459 1682 3516 1²3
1840 3463 1909 3513 29
1932 3461 2172 3520 reflauat
2273 3490 2278 3493 -

227 3524 328 3573 BP
465 3527 528 3575 31
556 3525 769 3577 simmia
791 3524 874 3575 B¹
908 3541 1065 3592 syme.
1088 3527 1156 3577 M
1164 3533 1168 3538 ’
