<?xml version="1.0" encoding="UTF-8"?>
<!DOCTYPE html PUBLIC "-//W3C//DTD XHTML 1.0 Transitional//EN"
    "http://www.w3.org/TR/xhtml1/DTD/xhtml1-transitional.dtd">
<html xmlns="http://www.w3.org/1999/xhtml" xml:lang="en" lang="en">
 <head>
  <title>
</title>
<meta http-equiv="Content-Type" content="text/html;charset=utf-8" />
  <meta name='ocr-system' content='tesseract 3.04.00' />
  <meta name='ocr-capabilities' content='ocr_page ocr_carea ocr_par ocr_line ocrx_word'/>
</head>
<body>
  <div class='ocr_page' id='page_1' title='image "./scriptoreshisto02petegoog_0338.png"; bbox 0 0 2517 3884; ppageno 0'>
   <div class='ocr_carea' id='block_1_1' title="bbox 738 166 2150 231">
    <p class='ocr_par' dir='ltr' id='par_1_1' title="bbox 738 166 2150 231">
     <span class='ocr_line' id='line_1_1' title="bbox 738 166 2150 231; baseline 0.003 -4"><span class='ocrx_word' id='word_1_1' title='bbox 738 171 1041 229; x_wconf 83' lang='grc' dir='ltr'><strong>ΜΑΧΙΜΙΝΙ</strong></span> <span class='ocrx_word' id='word_1_2' title='bbox 1084 172 1233 229; x_wconf 85' lang='lat' dir='ltr'><strong>DVO.</strong></span> <span class='ocrx_word' id='word_1_3' title='bbox 1320 171 1375 228; x_wconf 89' lang='lat' dir='ltr'><strong>C.</strong></span> <span class='ocrx_word' id='word_1_4' title='bbox 1405 176 1492 227; x_wconf 85' lang='lat'><strong>27.</strong></span> <span class='ocrx_word' id='word_1_5' title='bbox 1525 174 1609 228; x_wconf 84' lang='lat'><strong>28.</strong></span> <span class='ocrx_word' id='word_1_6' title='bbox 2066 166 2150 231; x_wconf 78' lang='lat'><strong>23</strong></span> 
     </span>
    </p>
   </div>
   <div class='ocr_carea' id='block_1_2' title="bbox 210 335 2218 673">
    <p class='ocr_par' dir='ltr' id='par_1_2' title="bbox 210 335 2218 673">
     <span class='ocr_line' id='line_1_2' title="bbox 212 335 2218 408; baseline 0.001 -9"><span class='ocrx_word' id='word_1_7' title='bbox 212 339 523 401; x_wconf 87' lang='lat' dir='ltr'><strong>dicuntur:</strong></span> <span class='ocrx_word' id='word_1_8' title='bbox 600 338 967 401; x_wconf 82' lang='lat' dir='ltr'><strong>monolinum</strong></span> <span class='ocrx_word' id='word_1_9' title='bbox 1028 337 1102 398; x_wconf 89' lang='lat' dir='ltr'><strong>de</strong></span> <span class='ocrx_word' id='word_1_10' title='bbox 1162 335 1314 399; x_wconf 86' lang='lat' dir='ltr'><strong>albis</strong></span> <span class='ocrx_word' id='word_1_11' title='bbox 1358 355 1602 408; x_wconf 90' lang='lat' dir='ltr'><strong>nouem,</strong></span> <span class='ocrx_word' id='word_1_12' title='bbox 1667 339 1983 403; x_wconf 89' lang='lat' dir='ltr'><strong>reticulum</strong></span> <span class='ocrx_word' id='word_1_13' title='bbox 2012 357 2147 403; x_wconf 84' lang='lat' dir='ltr'><strong>cum</strong></span> <span class='ocrx_word' id='word_1_14' title='bbox 2185 352 2218 401; x_wconf 84' lang='lat'>8</span> 
     </span>
     <span class='ocr_line' id='line_1_3' title="bbox 210 422 2143 504; baseline 0.001 -19"><span class='ocrx_word' id='word_1_15' title='bbox 210 425 472 504; x_wconf 82' lang='lat' dir='ltr'><strong>prasinis</strong></span> <span class='ocrx_word' id='word_1_16' title='bbox 502 423 817 492; x_wconf 77' lang='lat' dir='ltr'><strong>undecim,</strong></span> <span class='ocrx_word' id='word_1_17' title='bbox 862 422 1350 485; x_wconf 70' lang='lat' dir='ltr'><strong>dextrocherium</strong></span> <span class='ocrx_word' id='word_1_18' title='bbox 1391 442 1525 485; x_wconf 91' lang='lat' dir='ltr'><strong>cum</strong></span> <span class='ocrx_word' id='word_1_19' title='bbox 1557 422 1768 503; x_wconf 89' lang='lat' dir='ltr'><strong>copula</strong></span> <span class='ocrx_word' id='word_1_20' title='bbox 1800 424 1873 485; x_wconf 87' lang='lat' dir='ltr'><strong>de</strong></span> <span class='ocrx_word' id='word_1_21' title='bbox 1902 424 2143 504; x_wconf 78' lang='lat' dir='ltr'><strong>hyacin-</strong></span> 
     </span>
     <span class='ocr_line' id='line_1_4' title="bbox 210 509 2145 609; baseline 0.002 -39"><span class='ocrx_word' id='word_1_22' title='bbox 210 509 329 571; x_wconf 85' lang='lat' dir='ltr'><strong>this</strong></span> <span class='ocrx_word' id='word_1_23' title='bbox 371 516 651 609; x_wconf 78' lang='lat' dir='ltr'><strong>quattuor</strong></span> <span class='ocrx_word' id='word_1_24' title='bbox 691 515 933 588; x_wconf 89' lang='lat' dir='ltr'><strong>praeter</strong></span> <span class='ocrx_word' id='word_1_25' title='bbox 973 515 1175 569; x_wconf 89' lang='lat' dir='ltr'><strong>uestes</strong></span> <span class='ocrx_word' id='word_1_26' title='bbox 1219 517 1454 571; x_wconf 84' lang='lat' dir='ltr'><strong>auratas</strong></span> <span class='ocrx_word' id='word_1_27' title='bbox 1497 517 1556 569; x_wconf 91' lang='lat' dir='ltr'><strong>et</strong></span> <span class='ocrx_word' id='word_1_28' title='bbox 1594 511 1848 587; x_wconf 83' lang='lat' dir='ltr'><strong>gemmis</strong></span> <span class='ocrx_word' id='word_1_29' title='bbox 1905 518 2145 573; x_wconf 86' lang='lat' dir='ltr'><strong>ornatas</strong></span> 
     </span>
     <span class='ocr_line' id='line_1_5' title="bbox 211 592 1302 673; baseline 0 -18"><span class='ocrx_word' id='word_1_30' title='bbox 211 603 531 672; x_wconf 86' lang='lat' dir='ltr'><strong>ceteraque</strong></span> <span class='ocrx_word' id='word_1_31' title='bbox 558 594 817 672; x_wconf 84' lang='lat' dir='ltr'><strong>insignia</strong></span> <span class='ocrx_word' id='word_1_32' title='bbox 846 592 1302 673; x_wconf 85' lang='lat' dir='ltr'><strong>sponsaliorum</strong></span> 
     </span>
    </p>
   </div>
   <div class='ocr_carea' id='block_1_3' title="bbox 157 676 2348 759">
    <p class='ocr_par' dir='ltr' id='par_1_3' title="bbox 157 676 2348 759">
     <span class='ocr_line' id='line_1_6' title="bbox 157 676 2348 759; baseline 0.001 -22"><span class='ocrx_word' id='word_1_33' title='bbox 157 698 186 737; x_wconf 76' lang='lat'><strong>5</strong></span> <span class='ocrx_word' id='word_1_34' title='bbox 337 678 707 741; x_wconf 85' lang='lat' dir='ltr'><strong>Adulescens</strong></span> <span class='ocrx_word' id='word_1_35' title='bbox 748 687 944 740; x_wconf 89' lang='lat' dir='ltr'><strong>autem</strong></span> <span class='ocrx_word' id='word_1_36' title='bbox 983 681 1114 759; x_wconf 87' lang='lat' dir='ltr'><strong>ipse</strong></span> <span class='ocrx_word' id='word_1_37' title='bbox 1152 680 1505 741; x_wconf 82' lang='lat' dir='ltr'><strong>Maximinus</strong></span> <span class='ocrx_word' id='word_1_38' title='bbox 1548 678 1864 758; x_wconf 80' lang='lat' dir='ltr'><strong>superbiae</strong></span> <span class='ocrx_word' id='word_1_39' title='bbox 1907 681 2062 741; x_wconf 84' lang='lat' dir='ltr'><strong>fuit</strong></span> <span class='ocrx_word' id='word_1_40' title='bbox 2045 676 2348 759; x_wconf 82' lang='lat' dir='ltr'><strong>1n-28(2)</strong></span> 
     </span>
    </p>
   </div>
   <div class='ocr_carea' id='block_1_4' title="bbox 129 763 2214 2802">
    <p class='ocr_par' dir='ltr' id='par_1_4' title="bbox 129 763 2214 2802">
     <span class='ocr_line' id='line_1_7' title="bbox 210 763 2141 844; baseline 0 -17"><span class='ocrx_word' id='word_1_41' title='bbox 210 763 671 835; x_wconf 88' lang='lat' dir='ltr'><strong>solentissimae,</strong></span> <span class='ocrx_word' id='word_1_42' title='bbox 708 766 789 827; x_wconf 88' lang='lat' dir='ltr'><strong>ita</strong></span> <span class='ocrx_word' id='word_1_43' title='bbox 822 772 889 825; x_wconf 86' lang='lat' dir='ltr'><strong>ut</strong></span> <span class='ocrx_word' id='word_1_44' title='bbox 920 763 1117 833; x_wconf 87' lang='lat' dir='ltr'><strong>etiam,</strong></span> <span class='ocrx_word' id='word_1_45' title='bbox 1154 783 1291 825; x_wconf 89' lang='lat' dir='ltr'><strong>cum</strong></span> <span class='ocrx_word' id='word_1_46' title='bbox 1319 772 1490 844; x_wconf 88' lang='lat' dir='ltr'><strong>pater</strong></span> <span class='ocrx_word' id='word_1_47' title='bbox 1519 784 1678 834; x_wconf 82' lang='lat' dir='ltr'><strong>suuS,</strong></span> <span class='ocrx_word' id='word_1_48' title='bbox 1717 765 1895 827; x_wconf 87' lang='lat' dir='ltr'><strong>homo</strong></span> <span class='ocrx_word' id='word_1_49' title='bbox 1927 766 2141 827; x_wconf 89' lang='lat' dir='ltr'><strong>crude·</strong></span> 
     </span>
     <span class='ocr_line' id='line_1_8' title="bbox 206 848 2142 929; baseline 0.001 -18"><span class='ocrx_word' id='word_1_50' title='bbox 206 850 503 922; x_wconf 60' lang='lat' dir='ltr'><strong>lissimns.</strong></span> <span class='ocrx_word' id='word_1_51' title='bbox 564 849 867 929; x_wconf 84' lang='lat' dir='ltr'><strong>plerisque</strong></span> <span class='ocrx_word' id='word_1_52' title='bbox 911 848 1216 910; x_wconf 85' lang='lat' dir='ltr'><strong>honoratis</strong></span> <span class='ocrx_word' id='word_1_53' title='bbox 1256 849 1639 928; x_wconf 80' lang='lat' dir='ltr'><strong>adsurgeret,</strong></span> <span class='ocrx_word' id='word_1_54' title='bbox 1701 849 1799 911; x_wconf 94' lang='lat' dir='ltr'><strong>ille</strong></span> <span class='ocrx_word' id='word_1_55' title='bbox 1831 850 2142 921; x_wconf 82' lang='lat' dir='ltr'><strong>resideret,</strong></span> 
     </span>
     <span class='ocr_line' id='line_1_9' title="bbox 206 933 2212 1015; baseline 0 -20"><span class='ocrx_word' id='word_1_56' title='bbox 206 937 367 996; x_wconf 91' lang='lat' dir='ltr'><strong>uitae</strong></span> <span class='ocrx_word' id='word_1_57' title='bbox 399 934 694 1003; x_wconf 87' lang='lat' dir='ltr'><strong>laetioris,</strong></span> <span class='ocrx_word' id='word_1_58' title='bbox 728 936 854 995; x_wconf 89' lang='lat' dir='ltr'><strong>uini</strong></span> <span class='ocrx_word' id='word_1_59' title='bbox 882 935 1298 1015; x_wconf 83' lang='lat' dir='ltr'><strong>parcissimus,</strong></span> <span class='ocrx_word' id='word_1_60' title='bbox 1333 933 1451 995; x_wconf 90' lang='lat' dir='ltr'><strong>cibi</strong></span> <span class='ocrx_word' id='word_1_61' title='bbox 1481 935 1718 1004; x_wconf 89' lang='lat' dir='ltr'><strong>auidus,</strong></span> <span class='ocrx_word' id='word_1_62' title='bbox 1755 937 2009 997; x_wconf 88' lang='lat' dir='ltr'><strong>maxime</strong></span> <span class='ocrx_word' id='word_1_63' title='bbox 2041 936 2141 998; x_wconf 90' lang='lat' dir='ltr'><strong>sil·</strong></span> <span class='ocrx_word' id='word_1_64' title='bbox 2181 948 2212 996; x_wconf 80' lang='lat'>2</span> 
     </span>
     <span class='ocr_line' id='line_1_10' title="bbox 208 1021 2146 1099; baseline 0.002 -19"><span class='ocrx_word' id='word_1_65' title='bbox 208 1021 459 1090; x_wconf 87' lang='lat' dir='ltr'><strong>uestris,</strong></span> <span class='ocrx_word' id='word_1_66' title='bbox 521 1021 605 1081; x_wconf 88' lang='lat' dir='ltr'><strong>ita</strong></span> <span class='ocrx_word' id='word_1_67' title='bbox 644 1029 711 1080; x_wconf 91' lang='lat' dir='ltr'><strong>ut</strong></span> <span class='ocrx_word' id='word_1_68' title='bbox 756 1021 997 1080; x_wconf 89' lang='lat' dir='ltr'><strong>nonnisi</strong></span> <span class='ocrx_word' id='word_1_69' title='bbox 1037 1038 1329 1098; x_wconf 87' lang='lat' dir='ltr'><strong>aprunam</strong></span> <span class='ocrx_word' id='word_1_70' title='bbox 1371 1028 1578 1081; x_wconf 85' lang='lat' dir='ltr'><strong>anates</strong></span> <span class='ocrx_word' id='word_1_71' title='bbox 1619 1038 1802 1099; x_wconf 82' lang='lat' dir='ltr'><strong>grues</strong></span> <span class='ocrx_word' id='word_1_72' title='bbox 1846 1029 1905 1082; x_wconf 86' lang='lat' dir='ltr'><strong>et</strong></span> <span class='ocrx_word' id='word_1_73' title='bbox 1946 1024 2146 1083; x_wconf 84' lang='lat' dir='ltr'><strong>omnia</strong></span> 
     </span>
     <span class='ocr_line' id='line_1_11' title="bbox 134 1103 2214 1185; baseline 0.003 -23"><span class='ocrx_word' id='word_1_74' title='bbox 134 1124 183 1163; x_wconf 80' lang='grc' dir='ltr'><strong>ιο</strong></span> <span class='ocrx_word' id='word_1_75' title='bbox 209 1107 446 1185; x_wconf 89' lang='lat' dir='ltr'><strong>captiua</strong></span> <span class='ocrx_word' id='word_1_76' title='bbox 478 1104 702 1165; x_wconf 81' lang='lat' dir='ltr'><strong>ederet.</strong></span> <span class='ocrx_word' id='word_1_77' title='bbox 778 1103 1149 1171; x_wconf 75' lang='lat' dir='ltr'><strong>Infamabant</strong></span> <span class='ocrx_word' id='word_1_78' title='bbox 1200 1122 1338 1166; x_wconf 90' lang='lat' dir='ltr'><strong>eum</strong></span> <span class='ocrx_word' id='word_1_79' title='bbox 1369 1104 1446 1165; x_wconf 91' lang='lat' dir='ltr'><strong>ob</strong></span> <span class='ocrx_word' id='word_1_80' title='bbox 1477 1106 1720 1166; x_wconf 86' lang='lat' dir='ltr'><strong>nimiam</strong></span> <span class='ocrx_word' id='word_1_81' title='bbox 1752 1105 2142 1185; x_wconf 89' lang='lat' dir='ltr'><strong>pulchritudi-</strong></span> <span class='ocrx_word' id='word_1_82' title='bbox 2181 1120 2214 1168; x_wconf 84' lang='lat'><strong>3</strong></span> 
     </span>
     <span class='ocr_line' id='line_1_12' title="bbox 206 1189 2143 1253; baseline 0.001 -2"><span class='ocrx_word' id='word_1_83' title='bbox 206 1208 349 1251; x_wconf 90' lang='lat' dir='ltr'><strong>nem</strong></span> <span class='ocrx_word' id='word_1_84' title='bbox 393 1191 570 1251; x_wconf 87' lang='lat' dir='ltr'><strong>amici</strong></span> <span class='ocrx_word' id='word_1_85' title='bbox 602 1189 851 1251; x_wconf 88' lang='lat' dir='ltr'><strong>Maximi</strong></span> <span class='ocrx_word' id='word_1_86' title='bbox 891 1197 950 1250; x_wconf 90' lang='lat' dir='ltr'><strong>et</strong></span> <span class='ocrx_word' id='word_1_87' title='bbox 978 1189 1212 1251; x_wconf 85' lang='lat' dir='ltr'><strong>Balbini</strong></span> <span class='ocrx_word' id='word_1_88' title='bbox 1254 1197 1314 1251; x_wconf 89' lang='lat' dir='ltr'><strong>et</strong></span> <span class='ocrx_word' id='word_1_89' title='bbox 1345 1189 1628 1253; x_wconf 84' lang='lat' dir='ltr'><strong>Gordiani</strong></span> <span class='ocrx_word' id='word_1_90' title='bbox 1671 1198 1732 1251; x_wconf 91' lang='lat' dir='ltr'><strong>et</strong></span> <span class='ocrx_word' id='word_1_91' title='bbox 1762 1192 2017 1253; x_wconf 82' lang='lat' dir='ltr'><strong>maxime</strong></span> <span class='ocrx_word' id='word_1_92' title='bbox 2049 1210 2143 1253; x_wconf 89' lang='lat' dir='ltr'><strong>se-</strong></span> 
     </span>
     <span class='ocr_line' id='line_1_13' title="bbox 206 1273 2142 1355; baseline 0.001 -19"><span class='ocrx_word' id='word_1_93' title='bbox 206 1284 470 1344; x_wconf 87' lang='lat' dir='ltr'><strong>natores,</strong></span> <span class='ocrx_word' id='word_1_94' title='bbox 518 1276 618 1351; x_wconf 90' lang='lat' dir='ltr'><strong>qui</strong></span> <span class='ocrx_word' id='word_1_95' title='bbox 650 1276 913 1354; x_wconf 87' lang='lat' dir='ltr'><strong>speciem</strong></span> <span class='ocrx_word' id='word_1_96' title='bbox 942 1273 1107 1335; x_wconf 85' lang='lat' dir='ltr'><strong>illam</strong></span> <span class='ocrx_word' id='word_1_97' title='bbox 1148 1273 1314 1336; x_wconf 90' lang='lat' dir='ltr'><strong>uelut</strong></span> <span class='ocrx_word' id='word_1_98' title='bbox 1354 1274 1640 1337; x_wconf 84' lang='lat' dir='ltr'><strong>diuinitus</strong></span> <span class='ocrx_word' id='word_1_99' title='bbox 1685 1274 1914 1355; x_wconf 86' lang='lat' dir='ltr'><strong>lapsam</strong></span> <span class='ocrx_word' id='word_1_100' title='bbox 1943 1278 2142 1337; x_wconf 84' lang='lat' dir='ltr'><strong>incor-</strong></span> 
     </span>
     <span class='ocr_line' id='line_1_14' title="bbox 206 1359 2214 1440; baseline 0 -17"><span class='ocrx_word' id='word_1_101' title='bbox 206 1368 449 1440; x_wconf 88' lang='lat' dir='ltr'><strong>ruptam</strong></span> <span class='ocrx_word' id='word_1_102' title='bbox 493 1361 625 1423; x_wconf 86' lang='lat' dir='ltr'><strong>e&#39;sse</strong></span> <span class='ocrx_word' id='word_1_103' title='bbox 666 1359 1005 1421; x_wconf 86' lang='lat' dir='ltr'><strong>noluerunt.</strong></span> <span class='ocrx_word' id='word_1_104' title='bbox 1088 1359 1344 1437; x_wconf 86' lang='lat' dir='ltr'><strong>denique</strong></span> <span class='ocrx_word' id='word_1_105' title='bbox 1387 1359 1488 1421; x_wconf 87' lang='lat' dir='ltr'><strong>illo</strong></span> <span class='ocrx_word' id='word_1_106' title='bbox 1542 1367 1816 1439; x_wconf 89' lang='lat' dir='ltr'><strong>tempore</strong></span> <span class='ocrx_word' id='word_1_107' title='bbox 1859 1378 1976 1437; x_wconf 87' lang='lat' dir='ltr'><strong>quo</strong></span> <span class='ocrx_word' id='word_1_108' title='bbox 2028 1362 2143 1423; x_wconf 89' lang='lat' dir='ltr'><strong>cir·</strong></span> <span class='ocrx_word' id='word_1_109' title='bbox 2181 1374 2214 1422; x_wconf 85' lang='lat'>4</span> 
     </span>
     <span class='ocr_line' id='line_1_15' title="bbox 208 1444 2139 1524; baseline 0.001 -17"><span class='ocrx_word' id='word_1_110' title='bbox 208 1463 345 1507; x_wconf 89' lang='lat' dir='ltr'><strong>cum</strong></span> <span class='ocrx_word' id='word_1_111' title='bbox 374 1444 703 1524; x_wconf 83' lang='lat' dir='ltr'><strong>Aquileiam</strong></span> <span class='ocrx_word' id='word_1_112' title='bbox 732 1464 937 1506; x_wconf 90' lang='lat' dir='ltr'><strong>muros</strong></span> <span class='ocrx_word' id='word_1_113' title='bbox 978 1445 1340 1507; x_wconf 88' lang='lat' dir='ltr'><strong>circumiens</strong></span> <span class='ocrx_word' id='word_1_114' title='bbox 1381 1463 1519 1506; x_wconf 89' lang='lat' dir='ltr'><strong>cum</strong></span> <span class='ocrx_word' id='word_1_115' title='bbox 1562 1454 1732 1524; x_wconf 88' lang='lat' dir='ltr'><strong>patre</strong></span> <span class='ocrx_word' id='word_1_116' title='bbox 1777 1445 2139 1509; x_wconf 86' lang='lat' dir='ltr'><strong>deditionem</strong></span> 
     </span>
     <span class='ocr_line' id='line_1_16' title="bbox 132 1527 2140 1610; baseline 0.002 -22"><span class='ocrx_word' id='word_1_117' title='bbox 132 1550 183 1590; x_wconf 82' lang='lat'><strong>1⁵</strong></span> <span class='ocrx_word' id='word_1_118' title='bbox 210 1530 379 1593; x_wconf 86' lang='lat' dir='ltr'><strong>urbis</strong></span> <span class='ocrx_word' id='word_1_119' title='bbox 407 1529 667 1609; x_wconf 87' lang='lat' dir='ltr'><strong>petebat,</strong></span> <span class='ocrx_word' id='word_1_120' title='bbox 712 1529 861 1591; x_wconf 88' lang='lat' dir='ltr'><strong>nibil</strong></span> <span class='ocrx_word' id='word_1_121' title='bbox 891 1527 1048 1591; x_wconf 91' lang='lat' dir='ltr'><strong>aliud</strong></span> <span class='ocrx_word' id='word_1_122' title='bbox 1090 1530 1145 1591; x_wconf 91' lang='lat' dir='ltr'><strong>ei</strong></span> <span class='ocrx_word' id='word_1_123' title='bbox 1184 1546 1360 1607; x_wconf 87' lang='lat' dir='ltr'><strong>quam</strong></span> <span class='ocrx_word' id='word_1_124' title='bbox 1405 1532 1722 1610; x_wconf 88' lang='lat' dir='ltr'><strong>spurcities</strong></span> <span class='ocrx_word' id='word_1_125' title='bbox 1753 1530 1983 1592; x_wconf 88' lang='lat' dir='ltr'><strong>obiecta</strong></span> <span class='ocrx_word' id='word_1_126' title='bbox 2027 1540 2140 1601; x_wconf 89' lang='lat' dir='ltr'><strong>est,</strong></span> 
     </span>
     <span class='ocr_line' id='line_1_17' title="bbox 206 1613 2210 1695; baseline 0.001 -19"><span class='ocrx_word' id='word_1_127' title='bbox 206 1635 359 1695; x_wconf 86' lang='lat' dir='ltr'><strong>quae</strong></span> <span class='ocrx_word' id='word_1_128' title='bbox 412 1614 596 1693; x_wconf 86' lang='lat' dir='ltr'><strong>longe·</strong></span> <span class='ocrx_word' id='word_1_129' title='bbox 642 1614 716 1676; x_wconf 89' lang='lat' dir='ltr'><strong>ab</strong></span> <span class='ocrx_word' id='word_1_130' title='bbox 768 1613 927 1677; x_wconf 89' lang='lat' dir='ltr'><strong>illius</strong></span> <span class='ocrx_word' id='word_1_131' title='bbox 977 1616 1093 1675; x_wconf 77' lang='lat' dir='ltr'><strong>fuit</strong></span> <span class='ocrx_word' id='word_1_132' title='bbox 1141 1616 1280 1675; x_wconf 87' lang='lat' dir='ltr'><strong>uita.</strong></span> <span class='ocrx_word' id='word_1_133' title='bbox 1358 1615 1630 1677; x_wconf 87' lang='lat' dir='ltr'><strong>uestibus</strong></span> <span class='ocrx_word' id='word_1_134' title='bbox 1670 1623 1794 1680; x_wconf 87' lang='lat' dir='ltr'><strong>tam</strong></span> <span class='ocrx_word' id='word_1_135' title='bbox 1822 1617 2142 1678; x_wconf 85' lang='lat' dir='ltr'><strong>adcuratus</strong></span> <span class='ocrx_word' id='word_1_136' title='bbox 2179 1630 2210 1678; x_wconf 85' lang='lat'>5</span> 
     </span>
     <span class='ocr_line' id='line_1_18' title="bbox 206 1699 2211 1781; baseline -0 -19"><span class='ocrx_word' id='word_1_137' title='bbox 206 1702 317 1762; x_wconf 88' lang='lat' dir='ltr'><strong>suit</strong></span> <span class='ocrx_word' id='word_1_138' title='bbox 344 1706 415 1760; x_wconf 89' lang='lat' dir='ltr'><strong>ut</strong></span> <span class='ocrx_word' id='word_1_139' title='bbox 443 1699 605 1761; x_wconf 89' lang='lat' dir='ltr'><strong>nulla</strong></span> <span class='ocrx_word' id='word_1_140' title='bbox 636 1699 852 1761; x_wconf 88' lang='lat' dir='ltr'><strong>mulier</strong></span> <span class='ocrx_word' id='word_1_141' title='bbox 900 1700 1145 1760; x_wconf 87' lang='lat' dir='ltr'><strong>nitidior</strong></span> <span class='ocrx_word' id='word_1_142' title='bbox 1186 1708 1347 1761; x_wconf 87' lang='lat' dir='ltr'><strong>esset</strong></span> <span class='ocrx_word' id='word_1_143' title='bbox 1385 1702 1447 1761; x_wconf 89' lang='lat' dir='ltr'><strong>in</strong></span> <span class='ocrx_word' id='word_1_144' title='bbox 1479 1700 1721 1762; x_wconf 87' lang='lat' dir='ltr'><strong>mundo.</strong></span> <span class='ocrx_word' id='word_1_145' title='bbox 1799 1702 2004 1763; x_wconf 87' lang='lat' dir='ltr'><strong>amicis</strong></span> <span class='ocrx_word' id='word_1_146' title='bbox 2035 1720 2141 1781; x_wconf 85' lang='lat' dir='ltr'><strong>pa·</strong></span> <span class='ocrx_word' id='word_1_147' title='bbox 2180 1714 2211 1761; x_wconf 83' lang='lat'><strong>6</strong></span> 
     </span>
     <span class='ocr_line' id='line_1_19' title="bbox 208 1785 2142 1865; baseline 0.001 -19"><span class='ocrx_word' id='word_1_148' title='bbox 208 1788 397 1847; x_wconf 86' lang='lat' dir='ltr'><strong>ternis</strong></span> <span class='ocrx_word' id='word_1_149' title='bbox 427 1785 668 1847; x_wconf 84' lang='lat' dir='ltr'><strong>inmane</strong></span> <span class='ocrx_word' id='word_1_150' title='bbox 698 1790 985 1865; x_wconf 87' lang='lat' dir='ltr'><strong>quantum</strong></span> <span class='ocrx_word' id='word_1_151' title='bbox 1015 1785 1339 1847; x_wconf 87' lang='lat' dir='ltr'><strong>obsecutus</strong></span> <span class='ocrx_word' id='word_1_152' title='bbox 1371 1792 1491 1853; x_wconf 86' lang='lat' dir='ltr'><strong>est,</strong></span> <span class='ocrx_word' id='word_1_153' title='bbox 1536 1785 1640 1847; x_wconf 89' lang='lat' dir='ltr'><strong>sed</strong></span> <span class='ocrx_word' id='word_1_154' title='bbox 1681 1792 1748 1847; x_wconf 86' lang='lat' dir='ltr'><strong>ut</strong></span> <span class='ocrx_word' id='word_1_155' title='bbox 1789 1785 2043 1848; x_wconf 87' lang='lat' dir='ltr'><strong>donaret</strong></span> <span class='ocrx_word' id='word_1_156' title='bbox 2071 1806 2142 1847; x_wconf 90' lang='lat' dir='ltr'><strong>ac</strong></span> 
     </span>
     <span class='ocr_line' id='line_1_20' title="bbox 207 1868 2209 1950; baseline 0.001 -20"><span class='ocrx_word' id='word_1_157' title='bbox 207 1870 549 1949; x_wconf 86' lang='lat' dir='ltr'><strong>largiretur.</strong></span> <span class='ocrx_word' id='word_1_158' title='bbox 626 1888 763 1932; x_wconf 86' lang='lat' dir='ltr'><strong>nam</strong></span> <span class='ocrx_word' id='word_1_159' title='bbox 806 1872 869 1931; x_wconf 86' lang='lat' dir='ltr'><strong>in</strong></span> <span class='ocrx_word' id='word_1_160' title='bbox 908 1868 1366 1931; x_wconf 86' lang='lat' dir='ltr'><strong>salutationibus</strong></span> <span class='ocrx_word' id='word_1_161' title='bbox 1408 1870 1874 1950; x_wconf 86' lang='lat' dir='ltr'><strong>superbissimus</strong></span> <span class='ocrx_word' id='word_1_162' title='bbox 1924 1878 2052 1933; x_wconf 89' lang='lat' dir='ltr'><strong>erat</strong></span> <span class='ocrx_word' id='word_1_163' title='bbox 2085 1880 2143 1933; x_wconf 91' lang='lat' dir='ltr'><strong>et</strong></span> <span class='ocrx_word' id='word_1_164' title='bbox 2179 1884 2209 1933; x_wconf 79' lang='grc'><strong>7</strong></span> 
     </span>
     <span class='ocr_line' id='line_1_21' title="bbox 130 1954 2138 2035; baseline 0.001 -20"><span class='ocrx_word' id='word_1_165' title='bbox 130 1976 183 2015; x_wconf 79' lang='lat'><strong>20</strong></span> <span class='ocrx_word' id='word_1_166' title='bbox 208 1974 451 2017; x_wconf 89' lang='lat' dir='ltr'><strong>manum</strong></span> <span class='ocrx_word' id='word_1_167' title='bbox 478 1954 825 2035; x_wconf 84' lang='lat' dir='ltr'><strong>porrigebat</strong></span> <span class='ocrx_word' id='word_1_168' title='bbox 856 1962 915 2015; x_wconf 86' lang='lat' dir='ltr'><strong>et</strong></span> <span class='ocrx_word' id='word_1_169' title='bbox 942 1972 1138 2033; x_wconf 82' lang='lat' dir='ltr'><strong>genua</strong></span> <span class='ocrx_word' id='word_1_170' title='bbox 1168 1954 1286 2017; x_wconf 88' lang='lat' dir='ltr'><strong>sibi</strong></span> <span class='ocrx_word' id='word_1_171' title='bbox 1315 1956 1572 2017; x_wconf 89' lang='lat' dir='ltr'><strong>osculari</strong></span> <span class='ocrx_word' id='word_1_172' title='bbox 1599 1954 1953 2034; x_wconf 88' lang='lat' dir='ltr'><strong>patiebatur,</strong></span> <span class='ocrx_word' id='word_1_173' title='bbox 1989 1974 2138 2017; x_wconf 91' lang='lat' dir='ltr'><strong>non-</strong></span> 
     </span>
     <span class='ocr_line' id='line_1_22' title="bbox 206 2038 2143 2121; baseline 0 -18"><span class='ocrx_word' id='word_1_174' title='bbox 206 2059 527 2121; x_wconf 85' lang='lat' dir='ltr'><strong>numquam</strong></span> <span class='ocrx_word' id='word_1_175' title='bbox 558 2042 737 2103; x_wconf 87' lang='lat' dir='ltr'><strong>etiam</strong></span> <span class='ocrx_word' id='word_1_176' title='bbox 766 2038 981 2120; x_wconf 90' lang='lat' dir='ltr'><strong>pedes;</strong></span> <span class='ocrx_word' id='word_1_177' title='bbox 1028 2039 1187 2119; x_wconf 90' lang='lat' dir='ltr'><strong>quod</strong></span> <span class='ocrx_word' id='word_1_178' title='bbox 1217 2057 1542 2118; x_wconf 82' lang='lat' dir='ltr'><strong>numquam</strong></span> <span class='ocrx_word' id='word_1_179' title='bbox 1583 2058 1789 2119; x_wconf 89' lang='lat' dir='ltr'><strong>passus</strong></span> <span class='ocrx_word' id='word_1_180' title='bbox 1821 2048 1911 2101; x_wconf 85' lang='lat' dir='ltr'><strong>est</strong></span> <span class='ocrx_word' id='word_1_181' title='bbox 1941 2042 2143 2103; x_wconf 86' lang='lat' dir='ltr'><strong>senior</strong></span> 
     </span>
     <span class='ocr_line' id='line_1_23' title="bbox 208 2124 2142 2205; baseline 0 -17"><span class='ocrx_word' id='word_1_182' title='bbox 208 2126 590 2195; x_wconf 84' lang='lat' dir='ltr'><strong>Maximinus,</strong></span> <span class='ocrx_word' id='word_1_183' title='bbox 653 2126 756 2205; x_wconf 91' lang='lat' dir='ltr'><strong>qui</strong></span> <span class='ocrx_word' id='word_1_184' title='bbox 794 2125 1061 2187; x_wconf 90' lang='lat' dir='ltr'><strong>dicebat:</strong></span> <span class='ocrx_word' id='word_1_185' title='bbox 1111 2124 1225 2194; x_wconf 85' lang='lat' dir='ltr'><strong>„di</strong></span> <span class='ocrx_word' id='word_1_186' title='bbox 1270 2124 1656 2203; x_wconf 85' lang='lat' dir='ltr'><strong>prohibeant,</strong></span> <span class='ocrx_word' id='word_1_187' title='bbox 1719 2132 1786 2186; x_wconf 86' lang='lat' dir='ltr'><strong>ut</strong></span> <span class='ocrx_word' id='word_1_188' title='bbox 1827 2127 2142 2204; x_wconf 89' lang='lat' dir='ltr'><strong>quisquam</strong></span> 
     </span>
     <span class='ocr_line' id='line_1_24' title="bbox 204 2209 2207 2290; baseline 0 -17"><span class='ocrx_word' id='word_1_189' title='bbox 204 2213 607 2289; x_wconf 79' lang='lat' dir='ltr'><strong>ingenuorum</strong></span> <span class='ocrx_word' id='word_1_190' title='bbox 648 2210 907 2290; x_wconf 90' lang='lat' dir='ltr'><strong>pedibus</strong></span> <span class='ocrx_word' id='word_1_191' title='bbox 948 2211 1099 2271; x_wconf 88' lang='lat' dir='ltr'><strong>meis</strong></span> <span class='ocrx_word' id='word_1_192' title='bbox 1141 2209 1412 2271; x_wconf 88' lang='lat' dir='ltr'><strong>osculum</strong></span> <span class='ocrx_word' id='word_1_193' title='bbox 1466 2211 1670 2289; x_wconf 83' lang='lat' dir='ltr'><strong>figat.“</strong></span> <span class='ocrx_word' id='word_1_194' title='bbox 1743 2210 1818 2271; x_wconf 86' lang='lat' dir='ltr'><strong>Et</strong></span> <span class='ocrx_word' id='word_1_195' title='bbox 1857 2211 2138 2288; x_wconf 87' lang='lat' dir='ltr'><strong>quoniam</strong></span> <span class='ocrx_word' id='word_1_196' title='bbox 2175 2225 2207 2273; x_wconf 86' lang='lat'>8</span> 
     </span>
     <span class='ocr_line' id='line_1_25' title="bbox 207 2294 2138 2375; baseline 0 -18"><span class='ocrx_word' id='word_1_197' title='bbox 207 2297 279 2357; x_wconf 89' lang='lat' dir='ltr'><strong>ad</strong></span> <span class='ocrx_word' id='word_1_198' title='bbox 309 2296 698 2359; x_wconf 84' lang='lat' dir='ltr'><strong>Maximinum</strong></span> <span class='ocrx_word' id='word_1_199' title='bbox 742 2297 1044 2357; x_wconf 85' lang='lat' dir='ltr'><strong>seniorem</strong></span> <span class='ocrx_word' id='word_1_200' title='bbox 1084 2297 1480 2366; x_wconf 84' lang='lat' dir='ltr'><strong>reuertimur,</strong></span> <span class='ocrx_word' id='word_1_201' title='bbox 1533 2314 1634 2357; x_wconf 88' lang='lat' dir='ltr'><strong>res</strong></span> <span class='ocrx_word' id='word_1_202' title='bbox 1675 2294 1936 2357; x_wconf 88' lang='lat' dir='ltr'><strong>iucunda</strong></span> <span class='ocrx_word' id='word_1_203' title='bbox 1964 2314 2138 2375; x_wconf 89' lang='lat' dir='ltr'><strong>prae·</strong></span> 
     </span>
     <span class='ocr_line' id='line_1_26' title="bbox 129 2379 2144 2460; baseline 0 -19"><span class='ocrx_word' id='word_1_204' title='bbox 129 2399 183 2441; x_wconf 79' lang='lat'><strong>25</strong></span> <span class='ocrx_word' id='word_1_205' title='bbox 209 2379 498 2443; x_wconf 88' lang='lat' dir='ltr'><strong>tereunda</strong></span> <span class='ocrx_word' id='word_1_206' title='bbox 540 2399 661 2441; x_wconf 88' lang='lat' dir='ltr'><strong>non</strong></span> <span class='ocrx_word' id='word_1_207' title='bbox 692 2389 801 2443; x_wconf 85' lang='lat' dir='ltr'><strong>est.</strong></span> <span class='ocrx_word' id='word_1_208' title='bbox 845 2398 980 2443; x_wconf 88' lang='lat' dir='ltr'><strong>nam</strong></span> <span class='ocrx_word' id='word_1_209' title='bbox 1016 2386 1163 2441; x_wconf 74' lang='lat' dir='ltr'><strong>*cum</strong></span> <span class='ocrx_word' id='word_1_210' title='bbox 1205 2388 1366 2442; x_wconf 88' lang='lat' dir='ltr'><strong>esset</strong></span> <span class='ocrx_word' id='word_1_211' title='bbox 1395 2380 1749 2442; x_wconf 86' lang='lat' dir='ltr'><strong>Maximinus</strong></span> <span class='ocrx_word' id='word_1_212' title='bbox 1779 2380 2032 2460; x_wconf 90' lang='lat' dir='ltr'><strong>pedum,</strong></span> <span class='ocrx_word' id='word_1_213' title='bbox 2077 2388 2144 2441; x_wconf 84' lang='lat' dir='ltr'><strong>ut</strong></span> 
     </span>
     <span class='ocr_line' id='line_1_27' title="bbox 206 2465 2143 2545; baseline 0 -19"><span class='ocrx_word' id='word_1_214' title='bbox 206 2466 494 2536; x_wconf 68' lang='lat' dir='ltr'><strong>dimne,</strong></span> <span class='ocrx_word' id='word_1_215' title='bbox 540 2472 675 2527; x_wconf 88' lang='lat' dir='ltr'><strong>octo</strong></span> <span class='ocrx_word' id='word_1_216' title='bbox 708 2473 767 2526; x_wconf 92' lang='lat' dir='ltr'><strong>et</strong></span> <span class='ocrx_word' id='word_1_217' title='bbox 794 2483 985 2545; x_wconf 91' lang='lat' dir='ltr'><strong>prope</strong></span> <span class='ocrx_word' id='word_1_218' title='bbox 1026 2467 1237 2535; x_wconf 88' lang='lat' dir='ltr'><strong>semis,</strong></span> <span class='ocrx_word' id='word_1_219' title='bbox 1273 2465 1728 2529; x_wconf 84' lang='lat' dir='ltr'><strong>calciamentum</strong></span> <span class='ocrx_word' id='word_1_220' title='bbox 1759 2467 1914 2536; x_wconf 87' lang='lat' dir='ltr'><strong>eius,</strong></span> <span class='ocrx_word' id='word_1_221' title='bbox 1959 2466 2020 2527; x_wconf 91' lang='lat' dir='ltr'><strong>id</strong></span> <span class='ocrx_word' id='word_1_222' title='bbox 2053 2473 2143 2527; x_wconf 84' lang='lat' dir='ltr'><strong>est</strong></span> 
     </span>
     <span class='ocr_line' id='line_1_28' title="bbox 205 2550 2138 2632; baseline -0.001 -19"><span class='ocrx_word' id='word_1_223' title='bbox 205 2568 555 2631; x_wconf 83' lang='lat' dir='ltr'><strong>campagum</strong></span> <span class='ocrx_word' id='word_1_224' title='bbox 585 2552 850 2629; x_wconf 86' lang='lat' dir='ltr'><strong>regium,</strong></span> <span class='ocrx_word' id='word_1_225' title='bbox 896 2551 1134 2630; x_wconf 86' lang='lat' dir='ltr'><strong>quidam</strong></span> <span class='ocrx_word' id='word_1_226' title='bbox 1165 2554 1227 2611; x_wconf 89' lang='lat' dir='ltr'><strong>in</strong></span> <span class='ocrx_word' id='word_1_227' title='bbox 1258 2550 1424 2621; x_wconf 88' lang='lat' dir='ltr'><strong>luco,</strong></span> <span class='ocrx_word' id='word_1_228' title='bbox 1459 2553 1561 2632; x_wconf 90' lang='lat' dir='ltr'><strong>qui</strong></span> <span class='ocrx_word' id='word_1_229' title='bbox 1592 2559 1684 2613; x_wconf 87' lang='lat' dir='ltr'><strong>est</strong></span> <span class='ocrx_word' id='word_1_230' title='bbox 1713 2554 1872 2613; x_wconf 80' lang='lat' dir='ltr'><strong>inter</strong></span> <span class='ocrx_word' id='word_1_231' title='bbox 1899 2552 2138 2631; x_wconf 83' lang='lat' dir='ltr'><strong>Aquile-</strong></span> 
     </span>
     <span class='ocr_line' id='line_1_29' title="bbox 202 2637 2139 2735; baseline 0 -38"><span class='ocrx_word' id='word_1_232' title='bbox 202 2638 323 2699; x_wconf 91' lang='lat' dir='ltr'><strong>iam</strong></span> <span class='ocrx_word' id='word_1_233' title='bbox 384 2642 445 2697; x_wconf 93' lang='lat' dir='ltr'><strong>et</strong></span> <span class='ocrx_word' id='word_1_234' title='bbox 489 2637 753 2735; x_wconf 47' lang='lat' dir='ltr'><strong>Qrciam,</strong></span> <span class='ocrx_word' id='word_1_235' title='bbox 815 2644 1181 2715; x_wconf 83' lang='lat' dir='ltr'><strong>posuerunt,</strong></span> <span class='ocrx_word' id='word_1_236' title='bbox 1242 2637 1403 2716; x_wconf 89' lang='lat' dir='ltr'><strong>quod</strong></span> <span class='ocrx_word' id='word_1_237' title='bbox 1445 2638 1710 2699; x_wconf 84' lang='lat' dir='ltr'><strong>constitit</strong></span> <span class='ocrx_word' id='word_1_238' title='bbox 1752 2638 1906 2715; x_wconf 88' lang='lat' dir='ltr'><strong>pede</strong></span> <span class='ocrx_word' id='word_1_239' title='bbox 1947 2637 2139 2699; x_wconf 87' lang='lat' dir='ltr'><strong>maius</strong></span> 
     </span>
     <span class='ocr_line' id='line_1_30' title="bbox 206 2719 2207 2802; baseline 0.001 -19"><span class='ocrx_word' id='word_1_240' title='bbox 206 2723 394 2783; x_wconf 81' lang='lat' dir='ltr'><strong>fuisse</strong></span> <span class='ocrx_word' id='word_1_241' title='bbox 453 2719 713 2782; x_wconf 89' lang='lat' dir='ltr'><strong>hominis</strong></span> <span class='ocrx_word' id='word_1_242' title='bbox 771 2722 1024 2798; x_wconf 87' lang='lat' dir='ltr'><strong>uestigio</strong></span> <span class='ocrx_word' id='word_1_243' title='bbox 1069 2719 1436 2802; x_wconf 87' lang='lat' dir='ltr'><strong>[mensura].</strong></span> <span class='ocrx_word' id='word_1_244' title='bbox 1515 2722 1673 2783; x_wconf 89' lang='lat' dir='ltr'><strong>unde</strong></span> <span class='ocrx_word' id='word_1_245' title='bbox 1729 2723 1908 2783; x_wconf 90' lang='lat' dir='ltr'><strong>etiam</strong></span> <span class='ocrx_word' id='word_1_246' title='bbox 1957 2720 2138 2799; x_wconf 85' lang='lat' dir='ltr'><strong>uulgo</strong></span> <span class='ocrx_word' id='word_1_247' title='bbox 2175 2738 2207 2785; x_wconf 86' lang='lat'>9</span> 
     </span>
    </p>
   </div>
   <div class='ocr_carea' id='block_1_5' title="bbox 198 2889 2152 3568">
    <p class='ocr_par' dir='ltr' id='par_1_5' title="bbox 198 2889 2152 3568">
     <span class='ocr_line' id='line_1_31' title="bbox 340 2889 2147 2942; baseline 0 -1"><span class='ocrx_word' id='word_1_248' title='bbox 340 2890 369 2941; x_wconf 92' lang='lat'><strong>1</strong></span> <span class='ocrx_word' id='word_1_249' title='bbox 394 2889 691 2940; x_wconf 85' lang='lat' dir='ltr'><strong>monolium</strong></span> <span class='ocrx_word' id='word_1_250' title='bbox 714 2889 877 2940; x_wconf 90' lang='lat' dir='ltr'><strong>BPM</strong></span> <span class='ocrx_word' id='word_1_251' title='bbox 904 2906 996 2940; x_wconf 77' lang='lat' dir='ltr'><strong>em,</strong></span> <span class='ocrx_word' id='word_1_252' title='bbox 1025 2890 1067 2941; x_wconf 81' lang='lat' dir='ltr'><em>C</em></span> <span class='ocrx_word' id='word_1_253' title='bbox 1202 2907 1326 2941; x_wconf 88' lang='lat' dir='ltr'><strong>eum</strong></span> <span class='ocrx_word' id='word_1_254' title='bbox 1348 2893 1530 2942; x_wconf 75' lang='lat' dir='ltr'><strong>addidi</strong></span> <span class='ocrx_word' id='word_1_255' title='bbox 1560 2891 1628 2941; x_wconf 87' lang='lat' dir='ltr'><strong>de</strong></span> <span class='ocrx_word' id='word_1_256' title='bbox 1651 2892 1776 2941; x_wconf 83' lang='lat' dir='ltr'><strong>add.</strong></span> <span class='ocrx_word' id='word_1_257' title='bbox 1801 2890 1866 2941; x_wconf 93' lang='lat' dir='ltr'><strong>M</strong></span> <span class='ocrx_word' id='word_1_258' title='bbox 2000 2892 2031 2939; x_wconf 79' lang='lat'>2</span> <span class='ocrx_word' id='word_1_259' title='bbox 2059 2905 2147 2941; x_wconf 86' lang='lat' dir='ltr'><strong>eo-</strong></span> 
     </span>
     <span class='ocr_line' id='line_1_32' title="bbox 201 2957 2146 3023; baseline -0.001 -15"><span class='ocrx_word' id='word_1_260' title='bbox 201 2958 351 3008; x_wconf 86' lang='lat' dir='ltr'><strong>stula</strong></span> <span class='ocrx_word' id='word_1_261' title='bbox 375 2957 546 3009; x_wconf 90' lang='lat' dir='ltr'><strong>BPM</strong></span> <span class='ocrx_word' id='word_1_262' title='bbox 562 2974 655 3010; x_wconf 85' lang='lat' dir='ltr'><strong>em.</strong></span> <span class='ocrx_word' id='word_1_263' title='bbox 681 2957 721 3009; x_wconf 86' lang='lat' dir='ltr'><strong><em>G</em></strong></span> <span class='ocrx_word' id='word_1_264' title='bbox 877 2957 1175 3009; x_wconf 82' lang='lat' dir='ltr'><strong>iachinctis</strong></span> <span class='ocrx_word' id='word_1_265' title='bbox 1198 2958 1250 3008; x_wconf 90' lang='lat' dir='ltr'><em>B</em></span> <span class='ocrx_word' id='word_1_266' title='bbox 1274 2960 1588 3023; x_wconf 82' lang='lat' dir='ltr'><strong>yachinctis</strong></span> <span class='ocrx_word' id='word_1_267' title='bbox 1615 2960 1664 3008; x_wconf 90' lang='lat' dir='ltr'><em>P</em></span> <span class='ocrx_word' id='word_1_268' title='bbox 1817 2958 1850 3009; x_wconf 88' lang='lat'><strong>3</strong></span> <span class='ocrx_word' id='word_1_269' title='bbox 1876 2963 1932 3008; x_wconf 82' lang='lat' dir='ltr'><strong>et</strong></span> <span class='ocrx_word' id='word_1_270' title='bbox 1959 2972 2146 3007; x_wconf 85' lang='lat' dir='ltr'><strong>omnes</strong></span> 
     </span>
     <span class='ocr_line' id='line_1_33' title="bbox 202 3026 2146 3108; baseline 0.001 -33"><span class='ocrx_word' id='word_1_271' title='bbox 202 3030 435 3108; x_wconf 66' lang='lat' dir='ltr'><strong>auratas</strong></span> <span class='ocrx_word' id='word_1_272' title='bbox 460 3026 513 3075; x_wconf 90' lang='lat' dir='ltr'><em>B</em></span> <span class='ocrx_word' id='word_1_273' title='bbox 560 3030 617 3075; x_wconf 80' lang='lat' dir='ltr'><strong>et</strong></span> <span class='ocrx_word' id='word_1_274' title='bbox 654 3041 841 3076; x_wconf 85' lang='lat' dir='ltr'><strong>omnes</strong></span> <span class='ocrx_word' id='word_1_275' title='bbox 875 3026 1061 3091; x_wconf 86' lang='lat' dir='ltr'><strong>regias</strong></span> <span class='ocrx_word' id='word_1_276' title='bbox 1084 3028 1137 3075; x_wconf 90' lang='lat' dir='ltr'><em>P</em></span> <span class='ocrx_word' id='word_1_277' title='bbox 1158 3026 1209 3089; x_wconf 86' lang='lat' dir='ltr'><strong>(r</strong></span> <span class='ocrx_word' id='word_1_278' title='bbox 1229 3028 1283 3107; x_wconf 54' lang='lat' dir='ltr'><strong>ir}</strong></span> <span class='ocrx_word' id='word_1_279' title='bbox 1307 3026 1437 3108; x_wconf 69' lang='lat' dir='ltr'><strong>rqS.)</strong></span> <span class='ocrx_word' id='word_1_280' title='bbox 1463 3026 1532 3083; x_wconf 88' lang='lat' dir='ltr'><strong>M</strong></span> <span class='ocrx_word' id='word_1_281' title='bbox 1573 3030 1629 3076; x_wconf 81' lang='lat' dir='ltr'><strong>et</strong></span> <span class='ocrx_word' id='word_1_282' title='bbox 1655 3026 1886 3092; x_wconf 81' lang='lat' dir='ltr'><strong>gemmis</strong></span> <span class='ocrx_word' id='word_1_283' title='bbox 1921 3028 2146 3077; x_wconf 81' lang='lat' dir='ltr'><strong>ornatas</strong></span> 
     </span>
     <span class='ocr_line' id='line_1_34' title="bbox 200 3092 2146 3227; baseline -0.001 -15"><span class='ocrx_word' id='word_1_284' title='bbox 200 3110 415 3227; x_wconf 46' lang='grc' dir='ltr'><strong>ἓᾞῧ.</strong></span> <span class='ocrx_word' id='word_1_285' title='bbox 441 3094 998 3225; x_wconf 51' lang='grc' dir='ltr'><strong>ΙονῗίςῃθιθῗιὲΒιξαω</strong></span> <span class='ocrx_word' id='word_1_286' title='bbox 1022 3096 1106 3212; x_wconf 45' lang='grc' dir='ltr'><strong>ἐξ</strong></span> <span class='ocrx_word' id='word_1_287' title='bbox 1132 3092 1818 3213; x_wconf 46' lang='lat' dir='ltr'><strong>mafalifflzluffmenffinlgeMM</strong></span> <span class='ocrx_word' id='word_1_288' title='bbox 1902 3092 2146 3227; x_wconf 45' lang='lat' dir='ltr'><strong>llfiagggss</strong></span> 
     </span>
     <span class='ocr_line' id='line_1_35' title="bbox 198 3227 2152 3296; baseline 0.001 -17"><span class='ocrx_word' id='word_1_289' title='bbox 198 3230 368 3281; x_wconf 80' lang='lat' dir='ltr'><strong>ticies</strong></span> <span class='ocrx_word' id='word_1_290' title='bbox 392 3230 497 3280; x_wconf 90' lang='lat' dir='ltr'><strong>BP</strong></span> <span class='ocrx_word' id='word_1_291' title='bbox 597 3231 661 3279; x_wconf 89' lang='grc'><strong>18</strong></span> <span class='ocrx_word' id='word_1_292' title='bbox 681 3227 764 3295; x_wconf 83' lang='lat' dir='ltr'><strong>ut]</strong></span> <span class='ocrx_word' id='word_1_293' title='bbox 790 3244 856 3280; x_wconf 86' lang='lat' dir='ltr'><strong>us</strong></span> <span class='ocrx_word' id='word_1_294' title='bbox 881 3230 931 3279; x_wconf 91' lang='lat' dir='ltr'><em>B</em></span> <span class='ocrx_word' id='word_1_295' title='bbox 1034 3233 1100 3281; x_wconf 84' lang='lat'><strong>23</strong></span> <span class='ocrx_word' id='word_1_296' title='bbox 1123 3231 1491 3296; x_wconf 86' lang='lat' dir='ltr'><strong>ingeiniorum</strong></span> <span class='ocrx_word' id='word_1_297' title='bbox 1514 3230 1565 3280; x_wconf 93' lang='lat' dir='ltr'><em>B</em></span> <span class='ocrx_word' id='word_1_298' title='bbox 1667 3232 1736 3281; x_wconf 79' lang='lat'><strong>24</strong></span> <span class='ocrx_word' id='word_1_299' title='bbox 1757 3230 2025 3281; x_wconf 80' lang='lat' dir='ltr'><strong>maximas</strong></span> <span class='ocrx_word' id='word_1_300' title='bbox 2049 3230 2152 3281; x_wconf 90' lang='lat' dir='ltr'><strong>BP</strong></span> 
     </span>
     <span class='ocr_line' id='line_1_36' title="bbox 202 3298 2148 3364; baseline -0.001 -15"><span class='ocrx_word' id='word_1_301' title='bbox 202 3298 539 3349; x_wconf 77' lang='lat' dir='ltr'><strong>Maximinas</strong></span> <span class='ocrx_word' id='word_1_302' title='bbox 563 3298 631 3348; x_wconf 93' lang='lat' dir='ltr'><strong>M</strong></span> <span class='ocrx_word' id='word_1_303' title='bbox 671 3298 1030 3349; x_wconf 85' lang='lat' dir='ltr'><strong>Maximinum</strong></span> <span class='ocrx_word' id='word_1_304' title='bbox 1056 3300 1328 3350; x_wconf 86' lang='lat' dir='ltr'><strong>seniorem</strong></span> <span class='ocrx_word' id='word_1_305' title='bbox 1351 3316 1442 3351; x_wconf 86' lang='lat' dir='ltr'><strong>em.</strong></span> <span class='ocrx_word' id='word_1_306' title='bbox 1471 3298 1513 3349; x_wconf 81' lang='lat' dir='ltr'><strong><em>S</em></strong></span> <span class='ocrx_word' id='word_1_307' title='bbox 1679 3298 1954 3349; x_wconf 84' lang='lat' dir='ltr'><strong>iucundae</strong></span> <span class='ocrx_word' id='word_1_308' title='bbox 1989 3313 2148 3364; x_wconf 81' lang='lat' dir='ltr'><strong>prae·</strong></span> 
     </span>
     <span class='ocr_line' id='line_1_37' title="bbox 202 3365 2146 3432; baseline 0 -17"><span class='ocrx_word' id='word_1_309' title='bbox 202 3365 512 3416; x_wconf 83' lang='lat' dir='ltr'><strong>tereundae</strong></span> <span class='ocrx_word' id='word_1_310' title='bbox 537 3382 648 3416; x_wconf 90' lang='lat' dir='ltr'><strong>non</strong></span> <span class='ocrx_word' id='word_1_311' title='bbox 673 3371 802 3416; x_wconf 82' lang='lat' dir='ltr'><strong>sunt</strong></span> <span class='ocrx_word' id='word_1_312' title='bbox 828 3366 889 3416; x_wconf 91' lang='lat' dir='ltr'><strong>M</strong></span> <span class='ocrx_word' id='word_1_313' title='bbox 994 3366 1464 3431; x_wconf 81' lang='lat' dir='ltr'><strong>praetereundum</strong></span> <span class='ocrx_word' id='word_1_314' title='bbox 1486 3366 1590 3417; x_wconf 93' lang='lat' dir='ltr'><strong>BP</strong></span> <span class='ocrx_word' id='word_1_315' title='bbox 1610 3384 1701 3418; x_wconf 87' lang='lat' dir='ltr'><strong>em.</strong></span> <span class='ocrx_word' id='word_1_316' title='bbox 1718 3367 1758 3418; x_wconf 84' lang='lat' dir='ltr'><strong><em>S</em></strong></span> <span class='ocrx_word' id='word_1_317' title='bbox 1849 3366 1915 3417; x_wconf 80' lang='lat'><strong>26</strong></span> <span class='ocrx_word' id='word_1_318' title='bbox 1941 3382 2146 3432; x_wconf 85' lang='lat' dir='ltr'><strong>proepe</strong></span> 
     </span>
     <span class='ocr_line' id='line_1_38' title="bbox 202 3432 2150 3499; baseline -0.001 -15"><span class='ocrx_word' id='word_1_319' title='bbox 202 3432 509 3499; x_wconf 71' lang='lat' dir='ltr'><strong>B¹P(pm&#39;us</strong></span> <span class='ocrx_word' id='word_1_320' title='bbox 529 3449 559 3483; x_wconf 89' lang='lat' dir='ltr'><strong>e</strong></span> <span class='ocrx_word' id='word_1_321' title='bbox 578 3433 811 3499; x_wconf 68' lang='lat' dir='ltr'><strong>supdin.)</strong></span> <span class='ocrx_word' id='word_1_322' title='bbox 904 3436 969 3485; x_wconf 80' lang='lat'><strong>27</strong></span> <span class='ocrx_word' id='word_1_323' title='bbox 994 3436 1145 3487; x_wconf 83' lang='lat' dir='ltr'><strong>inter</strong></span> <span class='ocrx_word' id='word_1_324' title='bbox 1167 3452 1263 3487; x_wconf 88' lang='lat' dir='ltr'><strong>om.</strong></span> <span class='ocrx_word' id='word_1_325' title='bbox 1274 3435 1379 3485; x_wconf 93' lang='lat' dir='ltr'><strong>BP</strong></span> <span class='ocrx_word' id='word_1_326' title='bbox 1466 3436 1533 3487; x_wconf 82' lang='lat'><strong>28</strong></span> <span class='ocrx_word' id='word_1_327' title='bbox 1559 3434 1863 3487; x_wconf 81' lang='lat' dir='ltr'><strong>constatM</strong></span> <span class='ocrx_word' id='word_1_328' title='bbox 1950 3434 2150 3499; x_wconf 83' lang='lat' dir='ltr'><strong>pedem</strong></span> 
     </span>
     <span class='ocr_line' id='line_1_39' title="bbox 204 3501 1789 3568; baseline 0.001 -17"><span class='ocrx_word' id='word_1_329' title='bbox 204 3501 369 3553; x_wconf 86' lang='lat' dir='ltr'><strong>BPM</strong></span> <span class='ocrx_word' id='word_1_330' title='bbox 506 3504 571 3552; x_wconf 80' lang='lat'><strong>29</strong></span> <span class='ocrx_word' id='word_1_331' title='bbox 595 3507 763 3568; x_wconf 81' lang='lat' dir='ltr'><strong>atque</strong></span> <span class='ocrx_word' id='word_1_332' title='bbox 787 3517 1044 3554; x_wconf 84' lang='lat' dir='ltr'><strong>mensura</strong></span> <span class='ocrx_word' id='word_1_333' title='bbox 1068 3504 1136 3554; x_wconf 91' lang='lat' dir='ltr'><strong>M</strong></span> <span class='ocrx_word' id='word_1_334' title='bbox 1152 3519 1413 3555; x_wconf 80' lang='lat' dir='ltr'><strong>mensura</strong></span> <span class='ocrx_word' id='word_1_335' title='bbox 1438 3508 1581 3555; x_wconf 75' lang='lat' dir='ltr'><strong>uncis</strong></span> <span class='ocrx_word' id='word_1_336' title='bbox 1605 3506 1789 3555; x_wconf 79' lang='lat' dir='ltr'><strong>inclusi</strong></span> 
     </span>
    </p>
   </div>
  </div>
 </body>
</html>
