2517 3884
742 186 1049 246 GORDIANI
1093 189 1279 248 TRES.
1368 189 1426 247 C.
1455 193 1693 245 14-17.
1916 188 1922 195 '
2100 182 2187 248 39

319 350 342 362 ‘
373 352 594 415 Fertur
653 361 847 416 autem
904 364 1068 419 tanta
1125 357 1443 420 multitudo
1486 353 1775 420 Gordiani
1819 357 2084 436 partium
2112 355 2176 418 in
2202 351 2285 417 16

243 436 402 498 bello
435 439 752 511 cecidisse,
815 448 908 512 ut,
972 461 1104 517 cum
1149 444 1252 506 diu
1284 445 1618 524 quaesitum
1662 445 1739 505 sit
1770 461 1993 523 corpus
2024 441 2177 503 Gor·

242 523 407 584 diani
436 525 720 595 iunioris,
764 544 884 588 non
925 531 1193 607 potuerit
1230 530 1513 591 inueniri.
1587 528 1701 590 suit
1738 535 2055 609 praeterea
2084 530 2176 590 in·
2217 536 2249 584 2

241 626 413 686 genS,
449 626 603 687 quae
632 628 775 672 raro
803 613 866 673 in
895 614 1091 675 Africa
1125 607 1253 688 est,
1297 621 1649 695 tempestas,
1710 632 1863 696 quae
1896 613 2181 675 Gordiani

185 713 216 754 5
243 695 574 756 exercitum
607 703 746 758 ante
775 695 1002 760 bellum
1031 701 1110 761 ita
1143 700 1456 780 dissipauit
1499 707 1563 761 ut
1598 701 1799 760 minus
1839 699 2040 760 idonei
2070 700 2183 759 mi·

243 779 380 840 lites
407 780 645 860 proelio
675 782 921 860 flerent,
971 791 1148 863 atque
1189 787 1272 846 ita
1301 784 1491 848 facilis
1535 793 1695 846 esset
1724 783 2025 864 Capeliani
2052 785 2179 844 uic·

241 866 415 928 toria.
520 865 669 927 haec
729 868 830 928 ubi
889 872 1183 950 comperit
1245 871 1447 932 senior
1492 870 1858 941 Gordianus,
1922 887 2060 931 cum
2118 870 2181 928 in

239 950 438 1010 Africa
480 951 627 1011 nihil
671 953 984 1032 praesidii,
1031 961 1092 1016 et
1121 975 1154 1018 a
1182 956 1504 1018 Maximino
1544 954 1801 1018 multum
1842 956 2079 1016 timoris
2123 962 2183 1014 et

239 1033 621 1098 fidesPunica
652 1049 1072 1118 perurgueret,
1109 1047 1168 1101 et
1197 1042 1489 1102 acerrime
1522 1039 1877 1119 Capelianus
1906 1041 2177 1110 instaret,

158 1145 214 1186 ιο
239 1119 435 1182 luctus
493 1121 710 1184 deinde
769 1131 1032 1186 mentem
1092 1134 1269 1206 atque
1296 1127 1564 1202 animum
1596 1127 1901 1204 fatigaret,
1964 1124 2181 1202 laqueo

238 1207 422 1266 uitam
455 1206 664 1289 finiuit.
1420 1285 1426 1290 -

367 1291 481 1353 Hic
541 1294 736 1355 exitus
795 1294 1052 1358 duorum
1084 1295 1521 1357 Gordianorum
1582 1296 1723 1364 fuit,
1786 1313 1935 1374 quos
1966 1292 2177 1354 ambos

239 1383 484 1438 senatus
513 1380 808 1457 Augustos
840 1379 1160 1460 appellauit
1191 1388 1250 1442 et
1280 1386 1487 1460 postea
1530 1382 1687 1440 inter
1717 1379 1893 1440 diuos
1922 1378 2173 1440 rettulit.

763 1631 1293 1698 GORDIANVS
1342 1627 1662 1698 IVNIOR

156 1857 211 1898 15
365 1835 478 1898 Hic
509 1835 794 1900 Gordiani
825 1843 1016 1911 senis,
1077 1840 1459 1923 proconsulis
1489 1841 1751 1910 Africae,
1778 1867 1781 1872 ·
1812 1837 2003 1909 filius,
2068 1839 2170 1917 qui
2199 1835 2278 1900 17

237 1941 378 1983 cum
407 1930 577 2002 patre
611 1931 670 1985 et
701 1924 775 1985 ab
803 1927 961 1988 Afris
993 1934 1051 1988 et
1080 1946 1111 1989 a
1144 1928 1665 2005 senatuAugustus
1696 1923 2027 2006 appellatus
2060 1930 2174 1989 est.

236 2004 458 2070 litteris
489 2016 548 2069 et
577 2009 847 2072 moribus
879 2011 1076 2074 clarus
1134 2014 1247 2074 suit
1306 2019 1548 2093 praeter
1604 2009 1997 2072 nobilitatem.
2078 2005 2175 2088 [ut

235 2092 543 2164 nonnulli,
607 2095 681 2157 ab
709 2098 1055 2167 Antoninis,
1113 2105 1181 2158 ut
1208 2097 1481 2177 plurimi,
1544 2096 1617 2158 ab
1647 2096 1918 2158 Antoniis
1948 2090 2173 2172 duxit]

237 2179 290 2238 si
321 2178 564 2256 quidem
617 2189 970 2258 argumento
1001 2182 1074 2244 ad
1120 2182 1491 2263 probandam
1543 2182 1783 2260 generis
1827 2177 2171 2259 qualitatem
2210 2189 2243 2238 2

151 2285 210 2326 20
238 2262 340 2324 alii
381 2262 496 2324 hoc
529 2283 659 2326 esse
691 2261 1004 2337 disserant,
1039 2267 1198 2348 quod
1239 2269 1553 2329 Africanus
1594 2264 1933 2329 Gordianus
1978 2264 2181 2324 senior

237 2346 573 2428 appellatus
625 2359 716 2411 est
746 2354 1100 2430 cognomine
1132 2353 1506 2433 Scipionum,
1542 2349 1701 2430 quod
1730 2349 1974 2411 domum
2002 2348 2179 2409 Pom·

236 2435 516 2514 peianam
567 2437 630 2496 in
661 2435 812 2497 urbe
857 2437 1095 2508 habuit,
1160 2437 1321 2516 quod
1352 2438 1787 2499 Antoninorum
1819 2434 2178 2514 cognomine

239 2535 481 2599 semper
513 2528 606 2581 est
635 2531 1041 2602 nuncupatuS,
1077 2523 1235 2601 quod
1268 2523 1589 2584 Antonium
1619 2521 1805 2583 filium
1839 2538 2010 2582 suurn
2040 2521 2175 2599 ipse

237 2603 560 2682 significari
601 2605 794 2668 uoluit
831 2611 894 2668 in
937 2617 1180 2670 senatu:
1227 2627 1380 2688 quae
1412 2606 1643 2686 singula
1689 2606 1971 2667 uidentur
2001 2605 2173 2666 fami·
2278 2667 2280 2670 Α

155 2709 216 2750 25
243 2688 350 2750 lias
381 2689 714 2770 designare.
792 2693 898 2753 sed
929 2711 1040 2772 ego
1071 2693 1307 2755 Iunium
1340 2693 1599 2756 Cordum
1631 2709 1884 2770 sequor,
1949 2691 2051 2768 qui
2082 2688 2173 2749 di·
2212 2703 2244 2749 3

238 2775 338 2845 cit,
371 2793 445 2836 ex
479 2777 754 2838 omnibus
795 2776 889 2838 his
919 2777 1156 2840 familiis
1189 2779 1627 2840 Gordianorum
1669 2775 1963 2838 coaluisse
1993 2773 2171 2834 nohi-

237 2858 485 2922 litatem.
560 2860 726 2923 Idem
769 2863 950 2942 igitur
1009 2871 1184 2925 natus
1225 2866 1383 2945 patri
1425 2865 1658 2942 primus
1704 2879 1775 2922 ex
1807 2859 1986 2921 Fabia
2019 2858 2171 2919 Ore·
2212 2870 2246 2917 4

1404 3073 1515 3103 anno
1541 3073 1628 3103 uno

376 3117 441 3166 13
460 3123 584 3181 post
605 3117 824 3168 rettulit
846 3116 926 3167 P³
951 3121 1074 3173 add.
1098 3119 1514 3183 imperauerunt
1537 3115 1818 3166 mensibus
1844 3129 1966 3176 sex;
2004 3114 2180 3163 eadem

238 3182 398 3242 uerba
429 3185 553 3235 add.
589 3186 656 3235 M
689 3187 810 3237 Vat.
846 3189 979 3238 1899
1014 3187 1131 3252 (om.
1165 3184 1295 3237 BP¹
1341 3187 1463 3239 Vat.
1496 3184 1650 3248 1898)
1850 3184 1914 3233 14
1948 3178 2180 3233 Gordia-

238 3266 343 3302 nus
367 3252 552 3304 iunior
571 3255 626 3304 in
649 3252 722 3304 Βι
747 3255 873 3305 eet-P
893 3263 1175 3308 atramento
1200 3256 1347 3320 m’yro
1368 3256 1555 3320 pictum
1580 3269 1740 3320 neque
1766 3253 2035 3320 quidquam
2056 3265 2180 3314 spa·

241 3320 302 3369 tii
319 3323 532 3372 uacumn
551 3324 780 3373 relictum
917 3326 980 3374 15
1003 3324 1108 3376 hoc
1131 3322 1252 3374 BP·
1290 3322 1366 3386 (ut
1388 3321 1515 3386 uid.)
1666 3324 1729 3374 17
1754 3323 1817 3372 ut
1842 3316 2093 3371 nonnulli
2114 3343 2182 3352 —

239 3386 400 3438 duxit
422 3391 566 3440 uncis
587 3393 771 3442 inclusi
792 3391 862 3456 cf.
887 3407 932 3442 c.
959 3395 990 3441 9
1027 3408 1189 3458 quam
1211 3396 1275 3442 ut
1298 3389 1550 3442 nonnulli
1573 3391 1640 3441 M
1770 3392 1840 3440 20
1862 3387 2184 3438 desiderant

237 3453 343 3505 BP
361 3456 621 3508 dixerunt
644 3458 712 3509 M
730 3458 1043 3528 edisserant
1068 3462 1112 3513 S
1133 3461 1415 3513 disserant
1431 3462 1620 3523 scripsi
1753 3461 1819 3510 23
1844 3455 2185 3509 Antoninum

238 3526 370 3590 uoly.
511 3527 578 3576 24
603 3526 940 3593 significauit
964 3528 1036 3578 15¹
1174 3532 1240 3580 27
1268 3529 1424 3582 fania
1448 3530 1551 3581 BP
