2517 3884
497 993 1060 1092 D1D1Vs
1146 916 1859 1094 IVLIAst

764 1197 1012 1272 AELI
1069 1197 1625 1330 SPARTIANI

387 1475 568 1536 Didio
599 1469 846 1544 Iuliane,
893 1475 995 1554 qui
1035 1483 1172 1553 post
1201 1474 1574 1536 Pertinacem
1618 1477 1940 1554 imperium
1984 1475 2158 1556 adep·
2195 1473 2227 1535 1

216 1570 316 1622 tus
349 1569 463 1630 est,
497 1579 764 1639 proauus
793 1561 904 1620 fuit
922 1560 1158 1620 Saluius
1187 1559 1469 1631 lulianus,
1502 1561 1594 1621 bis
1625 1560 1853 1632 consul,
1884 1563 2157 1642 praefec-

171 1672 198 1711 5
224 1655 320 1708 tus
349 1645 494 1707 urbi
527 1652 585 1705 et
614 1647 764 1706 iuris
789 1645 1114 1716 consultus,
1151 1646 1310 1724 quod
1335 1648 1523 1724 magis
1547 1665 1683 1707 eum
1704 1645 1965 1708 nobilem
1996 1647 2155 1717 fecit,

219 1740 414 1793 mater
447 1731 621 1792 Clara
648 1730 912 1800 Aemilia,
944 1739 1116 1810 pater
1145 1732 1461 1793 Petronius
1490 1731 1701 1792 Didius
1716 1731 2001 1801 SeueruS,
2032 1733 2152 1792 fra·
2195 1741 2225 1786 2

220 1827 348 1878 tres
379 1816 591 1878 Didius
621 1815 912 1877 Proculus
946 1825 1003 1876 et
1017 1816 1331 1878 Nummius
1359 1817 1627 1886 Albinus,
1663 1816 1995 1878 auunculus
2028 1818 2155 1878 Sal-

219 1905 356 1964 uius
384 1901 684 1970 Iulianus,
717 1921 867 1962 auus
897 1910 1182 1980 paternus
1221 1901 1494 1964 Insubris
1522 1901 1999 1972 MediolanensiS‚
2032 1921 2155 1964 ma—

221 1996 435 2048 ternus
455 1997 540 2046 'ex
567 1986 956 2048 Adrumetina
987 1988 1237 2048 colonia.
1314 1988 1615 2049 Educatus
1647 1995 1736 2047 est
1767 1986 1924 2067 apud
1954 1988 2151 2048 Domi·
2195 1995 2227 2042 3

147 2101 196 2138 10
223 2076 370 2135 tiam
400 2071 718 2143 Lucillam,
765 2080 1018 2132 matrem
1059 2073 1243 2133 Marci
1287 2073 1684 2152 imperatoris.
1759 2074 1917 2132 inter
1949 2073 2159 2151 uiginti
2196 2079 2230 2126 4

221 2161 394 2220 uiros
428 2157 616 2218 lectus
649 2166 740 2219 est
768 2157 1048 2236 suffragio
1080 2159 1290 2219 matris
1320 2158 1521 2218 Marci.
1573 2164 1853 2235 quaestor
1884 2165 2021 2217 ante
2052 2176 2158 2217 an-

221 2262 371 2304 num
401 2260 581 2322 quam
610 2243 872 2321 legitima
905 2252 1065 2303 aetas
1097 2243 1327 2303 sinebat
1358 2242 1701 2320 designatus
1733 2249 1839 2302 est.
1891 2241 2153 2303 aedilita-
2195 2251 2227 2297 5

225 2339 348 2390 tem
401 2327 686 2406 suffragio
737 2329 922 2390 Marci
981 2337 1341 2390 consecutus
1403 2337 1507 2391 est.
1586 2336 1828 2408 praetor
1890 2327 2156 2389 eiusdem

221 2413 504 2492 suffragio
535 2416 665 2476 fuit.
742 2421 878 2494 post
907 2423 1250 2493 praeturam
1283 2415 1505 2492 legioni
1535 2415 1793 2494 praefuit
1824 2415 1886 2474 in
1909 2415 2154 2475 Germa-
2194 2419 2227 2466 6

150 2525 197 2564 15
223 2503 320 2560 nia
380 2501 743 2560 uicensimae
805 2499 1103 2561 secundae
1161 2500 1577 2578 Primigeniae.
1655 2499 1795 2561 inde
1854 2499 2153 2577 Belgicam
2194 2505 2223 2552 7

225 2594 432 2646 3311313
463 2604 531 2646 33
562 2585 664 2645 diu
693 2587 866 2646 rexit.
943 2584 1028 2644 ibi
1059 2583 1330 2656 CauchiS,
1366 2586 1719 2646 Germaniae
1748 2584 2018 2666 populis,
2054 2586 2155 2664 qui

221 2670 418 2731 Albim
449 2670 702 2732 fluuium
745 2669 1129 2742 311301311331,
1195 2671 1651 2750 erumpentibus
1690 2671 1909 2731 restitit
1937 2669 2154 2730 tumul-

221 2758 437 2837 tuariis
479 2756 712 2816 auxiliis
755 2756 1234 2835 prouincialium.
1311 2755 1386 2816 ob
1431 2775 1581 2835 quae
1624 2755 1997 2815 consulatum
2030 2773 2153 2814 133-
2195 2760 2227 2808 8

223 2843 348 2902 ruit
415 2843 759 2902 testimonio
821 2843 1218 2921 imperatoris.
1314 2841 1513 2902 Cattos
1574 2841 1752 2900 etiam
1810 2838 2147 2899 debellauit.

151 2949 199 2988 20
225 2926 366 2988 inde
410 2925 758 2987 Dalmatiam
805 2926 1127 3006 regendam
1172 2929 1401 3005 accepit
1455 2943 1707 3004 eamque
1749 2943 1781 2984 3
1825 2923 2154 2984 confinibus
2193 2931 2226 2978 9

223 3011 498 3074 hostibus
529 3011 876 3072 uindicauit.
940 3019 1076 3091 post
1108 3011 1485 3072 Germaniam
1517 3011 1867 3071 inferiorem
1895 3011 2069 3070 rexit.

327 3253 354 3300 1
391 3249 596 3316 incipit
631 3249 816 3300 didius
848 3250 1091 3300 iulianus
1125 3249 1236 3299 aeli
1273 3248 1543 3315 spartiani
1580 3247 1822 3298 feliciter
1852 3247 1956 3296 BP
2066 3247 2162 3296 Di-

121 3351 129 3359 ·
228 3317 350 3369 dius
374 3319 630 3369 Iulianus
654 3317 802 3369 Aelii
829 3318 1114 3384 Spartia‘ni
1139 3319 1206 3368 M
1338 3317 1409 3367 ad
1436 3316 1832 3367 diocletianum
1866 3319 2163 3379 augustum

225 3389 346 3438 add.
373 3385 512 3438 P³M
643 3389 674 3438 3
697 3386 907 3436 iuliane
932 3386 983 3436 B
1119 3389 1153 3436 4
1177 3387 1359 3437 albius
1382 3385 1485 3435 BP
1529 3385 1748 3436 albinus
1773 3399 1889 3434 eoec.
1942 3383 2165 3433 Salbius

226 3455 292 3504 M
426 3458 488 3506 10
511 3471 758 3505 marcum
779 3454 832 3504 B
970 3456 1030 3506 11
1061 3455 1275 3514 electus
1300 3455 1367 3504 M
1501 3455 1563 3504 15
1586 3451 1844 3502 bellicam
1867 3451 2034 3500 BPM

229 3525 290 3572 17
317 3523 522 3574 albium
545 3523 597 3572 B
623 3523 806 3574 album
830 3524 880 3571 P
1013 3523 1368 3572 tumultuaris
1390 3521 1443 3570 B
