2517 3884
346 206 477 272 226
1076 211 1226 267 AELI
1270 210 1599 266 LAMPRIDH

351 381 612 448 cunctis,
643 379 835 439 'istum
877 376 1245 438 Antoninum
1290 383 1415 438 tam
1456 376 1581 438 uita
1621 374 1836 439 falsum
1884 375 2071 437 fuisse
2114 393 2296 454 quam

349 465 616 526 nomine.

251 545 340 611 34
485 548 702 609 Mirum
733 548 988 608 fortasse
1019 545 1280 625 cuipiam
1308 544 1603 615 uideatur,
1632 545 2025 606 Constantine
2039 565 2295 609 uenera-

353 632 524 704 bilis,
583 632 744 711 quod
784 631 934 693 haec
978 631 1212 702 cladeS,
1259 648 1439 709 quam
1483 626 1722 700 rettuli‘
1776 630 1907 692 loco
1948 633 2295 711 principum

353 720 570 787 fuerit,
618 724 678 778 et
718 715 960 794 quidem
1003 733 1193 796 prope
1222 717 1515 777 triennio,
1561 717 1642 776 ita
1672 707 1851 776 nemo
1881 717 1943 776 in
1974 734 2041 776 re
2067 735 2128 796 p.
2162 723 2295 778 tum
2352 735 2383 775 5

351 805 468 865 fuit
509 804 615 882 qui
656 803 840 862 istum
885 821 918 862 a
949 800 1377 879 gubernaculis
1418 801 1721 861 Romanae
1750 801 2077 864 maiestatis
2107 800 2295 862 abdu-

353 895 547 958 ceret,
605 903 743 947 cum
797 886 1024 950 Neroni
1067 885 1299 947 Vitellio
1344 885 1643 964 Caligulae
1695 887 2033 962 ceterisque
2072 879 2295 948 huius-

283 984 315 1030 2
351 972 516 1034 modi
545 988 874 1072 numquam
903 971 1279 1052 tyrannicida
1309 970 1585 1033 defuerit.
1648 970 1753 1030 sed
1784 972 2048 1050 primum
2096 972 2292 1032 omni-

353 1075 456 1120 um
508 1059 640 1136 ipse
695 1058 933 1117 ueniam
979 1064 1152 1136 peto,
1211 1055 1372 1134 quod
1418 1053 1569 1116 haec
1622 1071 1772 1132 quae
1816 1055 1973 1135 apud
2017 1054 2295 1118 diuersos

352 1144 600 1226 repperi
628 1142 846 1203 litteris
874 1140 1112 1212 tradidi,
1146 1159 1284 1202 cum
1324 1139 1509 1201 multa
1551 1139 1805 1220 inproba
1844 1142 2190 1203 reticuerim
2232 1148 2294 1202 et
2322 1161 2375 1200 10

285 1238 318 1287 3
355 1245 510 1307 quae
551 1246 627 1288 ne
672 1228 788 1288 dici
828 1226 1070 1306 quidem
1115 1227 1244 1286 sine
1284 1225 1545 1286 maximo
1598 1223 1831 1305 pudore
1872 1233 2146 1304 possunt.
2222 1243 2295 1286 ea

354 1329 506 1374 uero
553 1329 705 1390 quae
749 1311 872 1372 dixi
911 1317 1232 1391 praetextu
1276 1309 1608 1372 uerborum
1652 1309 1948 1381 adhibito,
2005 1317 2295 1388 quantum

282 1409 316 1456 4
349 1398 542 1478 potui,
577 1399 720 1458 texi.
784 1396 1000 1457 deinde
1029 1395 1176 1456 illud
1209 1393 1368 1474 quod
1399 1391 1719 1456 clementia
1764 1401 1865 1458 tua
1906 1395 2061 1458 solet
2088 1396 2293 1456 dicere

353 1481 582 1543 credidi
635 1499 770 1542 esse
810 1481 1285 1560 respiciendum:
1334 1479 1792 1560 ‘Imperatorem
1846 1499 1976 1542 esse
2016 1482 2294 1542 fortunae

284 1578 316 1625 5
354 1572 488 1628 est’.
554 1583 694 1627 nam
726 1571 785 1625 ct
813 1566 1018 1626 minus
1044 1564 1185 1625 boni
1217 1581 1393 1642 reges
1422 1565 1669 1625 fuerunt
1700 1573 1761 1626 et
1787 1567 2051 1644 pessimi.
2106 1582 2287 1643 agen-
2320 1584 2374 1626 15

353 1651 498 1712 dum
545 1668 690 1711 uero
736 1649 895 1726 quod
941 1651 1133 1729 pietas
1164 1655 1269 1710 tua
1308 1648 1461 1708 solet
1490 1648 1724 1718 dicere,
1771 1658 1836 1710 ut
1878 1652 1997 1711 sint
2035 1651 2293 1729 imperio

353 1736 518 1814 digni
549 1751 702 1812 quos
733 1735 820 1793 ad
846 1733 1098 1812 regendi
1127 1735 1549 1794 necessitatem
1590 1735 1687 1794 uis
1715 1733 1914 1794 fatalis
1954 1733 2291 1795 adduxerit.

284 1831 315 1878 6
353 1821 426 1882 Et
458 1821 738 1898 quoniam
769 1818 866 1879 hic
897 1819 1146 1880 ultimus
1176 1819 1614 1880 Antoninorum
1654 1819 1796 1888 fuit,
1841 1835 2037 1895 neque
2078 1826 2295 1898 postea

353 1905 468 1966 hoc
519 1907 758 1965 nomen
791 1905 854 1965 in
893 1903 1052 1983 rep.
1101 1903 1236 1964 loco
1284 1904 1627 1983 principum
1678 1904 2124 1982 frequentatum
2180 1912 2291 1974 est,

353 1991 532 2050 etiam
571 1988 720 2049 illud
765 1988 1102 2052 addendum
1145 1995 1267 2058 est,
1322 2006 1400 2048 ne
1455 1990 1589 2065 quis
1643 2007 1813 2050 error
1844 1989 2103 2058 oriatur,
2152 2007 2289 2050 cum
2318 2009 2373 2050 20

352 2075 504 2136 duos
537 2074 870 2135 Gordianos
912 2091 1162 2136 narrare
1206 2091 1499 2154 coepero,
1544 2079 1883 2153 patrem'et
1923 2073 2142 2143 filium,
2186 2076 2293 2154 qui

351 2178 417 2221 se
451 2159 526 2220 de
557 2161 993 2232 Antoninorum
1023 2176 1247 2237 genere
1280 2158 1398 2218 dici
1430 2157 1740 2219 uolebant:
1802 2176 1925 2218 non
1964 2176 2188 2220 nornen
2227 2160 2293 2220 in

283 2258 312 2304 7
352 2243 472 2305 illis
501 2246 766 2325 primum
795 2245 908 2306 fuit
937 2244 1044 2305 sed
1073 2261 1462 2324 praenomen.
1527 2243 1759 2313 deinde,
1794 2244 1950 2304 utin
1982 2243 2291 2322 plerisque

352 2328 524 2389 libris
553 2329 816 2398 inueni0,
847 2329 1090 2392 Antonii
1119 2327 1264 2389 dicti
1294 2334 1453 2396 sunt,
1486 2345 1608 2390 non
1639 2329 1938 2388 Antonini.

245 2411 334 2478 35
480 2412 641 2473 Haec
673 2420 815 2473 sunt
843 2412 918 2472 de
948 2412 1351 2490 Heliogabalo,
1386 2414 1553 2472 cuius
1584 2413 1770 2473 uitam
1801 2430 1897 2472 me
1927 2413 2183 2473 inuitum
2229 2419 2289 2472 et
2315 2433 2369 2473 25

349 2503 778 2558 retractantem
809 2515 882 2556 ex
916 2496 1160 2558 Graecis
1189 2496 1537 2574 Latinisque
1568 2496 1879 2559 collectam
1922 2497 2187 2558 scribere
2214 2515 2288 2556 ac

350 2581 462 2642 tihi
515 2581 733 2642 offerre
791 2580 1066 2650 uoluisti,
1128 2600 1267 2642 cum
1314 2583 1435 2660 ,iam
1490 2581 1743 2642 aliorum
1785 2588 1921 2642 ante
1951 2581 2285 2643 tulerimuS.

282 2681 314 2728 2
353 2666 620 2728 scribere
653 2674 850 2727 autem
881 2666 1082 2728 ordiar
1126 2667 1229 2743 qui
1270 2672 1409 2745 post
1450 2674 1796 2744 sequentur.
1860 2684 2115 2744 quorum
2154 2665 2290 2728 Ale-

353 2752 579 2814 xander
610 2753 871 2851 optimus
917 2757 1142 2814 etcum
1177 2769 1323 2812 cura
1364 2751 1662 2812 dicendus¹
1696 2761 1787 2814 est
1829 2769 2123 2813 annorum
2168 2758 2290 2812 tre-

355 2836 546 2898 decim
577 2839 891 2916 princepS‚
936 2843 1263 2898 semestres
1292 2835 1395 2896 alii
1435 2844 1495 2897 et
1526 2838 1626 2897 uix
1660 2837 1843 2897 annui
1876 2844 1934 2898 et
1963 2837 2135 2906 bimi,
2169 2838 2288 2897 Au·
2316 2858 2370 2899 30

351 2921 616 2983 relianus
659 2923 1022 3002 praecipuus
1069 2921 1372 2982 ethorum
1414 2923 1681 3005 omnium
1722 2922 1907 2983 decus
1953 2928 2161 2983 auctor
2204 2924 2292 2986 tui

281 3025 316 3073 3
353 3008 592 3086 generis
633 3005 932 3070 Claudius
1014 3007 1087 3067 de
1141 3023 1258 3086 quo
1312 3023 1543 3068 uereor
1583 3007 1657 3068 ad
1710 3005 2084 3068 clementiam
2126 3014 2291 3068 tuam

455 3195 487 3243 5
510 3208 668 3244 nemo
691 3194 780 3244 uir
804 3209 871 3260 ep
894 3199 1011 3244 tum
1034 3193 1194 3244 BPV
1212 3209 1373 3245 nemo
1398 3194 1660 3244 inuentus
1684 3193 1751 3244 M
1768 3209 1859 3244 em.
1884 3193 2199 3257 Bernhardy

350 3262 418 3311 14
443 3261 748 3312 credidisse
772 3261 1130 3312 reficiendum
1150 3262 1321 3314 BPM
1338 3279 1427 3316 em.
1452 3263 1662 3312 Lectius
1788 3263 1852 3312 16
1878 3259 2036 3328 quos]
2067 3259 2215 3326 quod
2238 3261 2293 3310 B

455 3331 518 3382 17
545 3329 617 3380 ad
641 3346 735 3383 om.
759 3328 889 3380 BP¹
915 3333 1036 3384 add.
1063 3329 1213 3380 P³M
1321 3332 1387 3382 23
1412 3331 1645 3396 primum
1670 3345 1765 3384 om.
1788 3327 1875 3378 Ρ1
1988 3344 2292 3394 pronomen

347 3397 452 3448 BP
600 3415 777 3450 1n.om
804 3398 874 3448 M
1025 3400 1092 3451 24
1114 3395 1364 3464 Antonii]
1392 3398 1645 3449 antonini
1669 3396 1751 3446 B¹
1798 3399 1992 3448 antoni
2013 3399 2067 3446 P
2224 3399 2293 3447 2⁷

349 3466 551 3518 afferre
575 3467 644 3517 Μ
769 3468 836 3516 29
858 3481 994 3516 uera
1015 3455 1187 3518 BPM
1201 3482 1295 3517 em.
1324 3467 1414 3517 Gr.
1548 3474 1674 3532 post
1697 3465 1967 3516 dicendus
1999 3467 2123 3519 add.
2147 3463 2300 3516 P³M

349 3535 658 3586 assertione
764 3531 870 3600 est]
901 3538 960 3586 et
980 3534 1149 3586 BPM
1169 3551 1258 3589 em.
1288 3535 1436 3587 Iord.
1542 3535 1826 3585 tredecem
1846 3533 1951 3584 BP
2049 3535 2115 3585 32
2144 3531 2291 3599 quod
