<?xml version="1.0" encoding="UTF-8"?>
<!DOCTYPE html PUBLIC "-//W3C//DTD XHTML 1.0 Transitional//EN"
    "http://www.w3.org/TR/xhtml1/DTD/xhtml1-transitional.dtd">
<html xmlns="http://www.w3.org/1999/xhtml" xml:lang="en" lang="en">
 <head>
  <title>
</title>
<meta http-equiv="Content-Type" content="text/html;charset=utf-8" />
  <meta name='ocr-system' content='tesseract 3.04.00' />
  <meta name='ocr-capabilities' content='ocr_page ocr_carea ocr_par ocr_line ocrx_word'/>
</head>
<body>
  <div class='ocr_page' id='page_1' title='image "./scriptoreshisto02petegoog_0307.png"; bbox 0 0 2517 3884; ppageno 0'>
   <div class='ocr_carea' id='block_1_1' title="bbox 383 165 1667 230">
    <p class='ocr_par' dir='ltr' id='par_1_1' title="bbox 383 165 1667 230">
     <span class='ocr_line' id='line_1_1' title="bbox 383 165 1667 230; baseline 0.003 -6"><span class='ocrx_word' id='word_1_1' title='bbox 383 221 392 224; x_wconf 83' lang='lat'>-</span> <span class='ocrx_word' id='word_1_2' title='bbox 413 165 544 230; x_wconf 82' lang='grc'>270</span> <span class='ocrx_word' id='word_1_3' title='bbox 1119 171 1293 228; x_wconf 86' lang='lat' dir='ltr'>AELll</span> <span class='ocrx_word' id='word_1_4' title='bbox 1335 172 1667 230; x_wconf 85' lang='lat' dir='ltr'><strong>LAMPRIDII</strong></span> 
     </span>
    </p>
   </div>
   <div class='ocr_carea' id='block_1_2' title="bbox 301 337 2455 3146">
    <p class='ocr_par' dir='ltr' id='par_1_2' title="bbox 416 337 2363 509">
     <span class='ocr_line' id='line_1_2' title="bbox 419 337 2362 421; baseline 0 -18"><span class='ocrx_word' id='word_1_5' title='bbox 419 346 696 403; x_wconf 88' lang='lat' dir='ltr'>namenta</span> <span class='ocrx_word' id='word_1_6' title='bbox 739 338 981 400; x_wconf 89' lang='lat' dir='ltr'>decreta</span> <span class='ocrx_word' id='word_1_7' title='bbox 1023 345 1180 407; x_wconf 91' lang='lat' dir='ltr'>sunt,</span> <span class='ocrx_word' id='word_1_8' title='bbox 1227 337 1443 400; x_wconf 86' lang='lat' dir='ltr'>additis</span> <span class='ocrx_word' id='word_1_9' title='bbox 1476 340 1653 400; x_wconf 89' lang='lat' dir='ltr'>etiam</span> <span class='ocrx_word' id='word_1_10' title='bbox 1684 338 2033 401; x_wconf 80' lang='lat' dir='ltr'><strong>sacerdotiis</strong></span> <span class='ocrx_word' id='word_1_11' title='bbox 2074 347 2139 402; x_wconf 88' lang='lat' dir='ltr'>et</span> <span class='ocrx_word' id='word_1_12' title='bbox 2180 359 2362 421; x_wconf 85' lang='lat' dir='ltr'>agro-</span> 
     </span>
     <span class='ocr_line' id='line_1_3' title="bbox 416 423 2363 509; baseline 0.001 -23"><span class='ocrx_word' id='word_1_13' title='bbox 416 445 550 487; x_wconf 89' lang='lat' dir='ltr'>rum</span> <span class='ocrx_word' id='word_1_14' title='bbox 594 423 1077 504; x_wconf 86' lang='lat' dir='ltr'>possessionibus</span> <span class='ocrx_word' id='word_1_15' title='bbox 1131 425 1185 484; x_wconf 92' lang='lat' dir='ltr'>is</span> <span class='ocrx_word' id='word_1_16' title='bbox 1227 424 1331 503; x_wconf 87' lang='lat' dir='ltr'>qui</span> <span class='ocrx_word' id='word_1_17' title='bbox 1374 432 1545 484; x_wconf 86' lang='lat' dir='ltr'>erant</span> <span class='ocrx_word' id='word_1_18' title='bbox 1584 442 1879 504; x_wconf 80' lang='lat' dir='ltr'>pauperes</span> <span class='ocrx_word' id='word_1_19' title='bbox 1935 432 1997 509; x_wconf 77' lang='lat' dir='ltr'>et</span> <span class='ocrx_word' id='word_1_20' title='bbox 2044 444 2195 488; x_wconf 89' lang='lat' dir='ltr'>aeuo</span> <span class='ocrx_word' id='word_1_21' title='bbox 2235 429 2363 488; x_wconf 89' lang='lat' dir='ltr'>iam</span> 
     </span>
    </p>

    <p class='ocr_par' dir='ltr' id='par_1_3' title="bbox 350 509 2455 760">
     <span class='ocr_line' id='line_1_4' title="bbox 350 509 2362 590; baseline 0.001 -20"><span class='ocrx_word' id='word_1_22' title='bbox 350 521 383 570; x_wconf 84' lang='lat'><strong>3</strong></span> <span class='ocrx_word' id='word_1_23' title='bbox 419 529 652 590; x_wconf 81' lang='lat' dir='ltr'>graues,</span> <span class='ocrx_word' id='word_1_24' title='bbox 716 511 986 588; x_wconf 88' lang='lat' dir='ltr'>captiuos</span> <span class='ocrx_word' id='word_1_25' title='bbox 1016 509 1391 578; x_wconf 81' lang='lat' dir='ltr'>diuersarum</span> <span class='ocrx_word' id='word_1_26' title='bbox 1420 510 1727 570; x_wconf 84' lang='lat' dir='ltr'>nationum</span> <span class='ocrx_word' id='word_1_27' title='bbox 1756 511 1963 570; x_wconf 85' lang='lat' dir='ltr'>amicis</span> <span class='ocrx_word' id='word_1_28' title='bbox 1994 509 2271 582; x_wconf 87' lang='lat' dir='ltr'>donauit,</span> <span class='ocrx_word' id='word_1_29' title='bbox 2304 514 2362 572; x_wconf 90' lang='lat' dir='ltr'>si</span> 
     </span>
     <span class='ocr_line' id='line_1_5' title="bbox 416 593 2363 674; baseline -0.001 -17"><span class='ocrx_word' id='word_1_30' title='bbox 416 602 580 657; x_wconf 88' lang='lat' dir='ltr'>aetas</span> <span class='ocrx_word' id='word_1_31' title='bbox 621 593 868 674; x_wconf 87' lang='lat' dir='ltr'>puerilis</span> <span class='ocrx_word' id='word_1_32' title='bbox 898 601 999 654; x_wconf 86' lang='lat' dir='ltr'>aut</span> <span class='ocrx_word' id='word_1_33' title='bbox 1037 593 1330 654; x_wconf 89' lang='lat' dir='ltr'>iuuenalis</span> <span class='ocrx_word' id='word_1_34' title='bbox 1371 596 1674 673; x_wconf 86' lang='lat' dir='ltr'>permisit,</span> <span class='ocrx_word' id='word_1_35' title='bbox 1719 595 1771 655; x_wconf 88' lang='lat' dir='ltr'>si</span> <span class='ocrx_word' id='word_1_36' title='bbox 1816 596 1919 672; x_wconf 90' lang='lat' dir='ltr'>qui</span> <span class='ocrx_word' id='word_1_37' title='bbox 1962 602 2159 657; x_wconf 88' lang='lat' dir='ltr'>tamen</span> <span class='ocrx_word' id='word_1_38' title='bbox 2200 598 2363 674; x_wconf 87' lang='lat' dir='ltr'>regii</span> 
     </span>
     <span class='ocr_line' id='line_1_6' title="bbox 415 678 2455 760; baseline -0.002 -18"><span class='ocrx_word' id='word_1_39' title='bbox 415 688 516 742; x_wconf 90' lang='lat' dir='ltr'>aut</span> <span class='ocrx_word' id='word_1_40' title='bbox 556 678 880 740; x_wconf 80' lang='lat' dir='ltr'>nobiliores</span> <span class='ocrx_word' id='word_1_41' title='bbox 921 680 1196 748; x_wconf 81' lang='lat' dir='ltr'>fuerunt,</span> <span class='ocrx_word' id='word_1_42' title='bbox 1245 696 1351 739; x_wconf 89' lang='lat' dir='ltr'>eos</span> <span class='ocrx_word' id='word_1_43' title='bbox 1392 678 1654 750; x_wconf 89' lang='lat' dir='ltr'>militiae,</span> <span class='ocrx_word' id='word_1_44' title='bbox 1687 697 1810 740; x_wconf 90' lang='lat' dir='ltr'>non</span> <span class='ocrx_word' id='word_1_45' title='bbox 1858 686 2055 741; x_wconf 87' lang='lat' dir='ltr'>tamen</span> <span class='ocrx_word' id='word_1_46' title='bbox 2098 699 2359 760; x_wconf 86' lang='lat' dir='ltr'>magnae</span> <span class='ocrx_word' id='word_1_47' title='bbox 2424 699 2455 738; x_wconf 89' lang='lat'><strong>5</strong></span> 
     </span>
    </p>

    <p class='ocr_par' dir='ltr' id='par_1_4' title="bbox 345 763 2363 1091">
     <span class='ocr_line' id='line_1_7' title="bbox 345 763 2363 845; baseline 0.001 -21"><span class='ocrx_word' id='word_1_48' title='bbox 345 776 380 824; x_wconf 89' lang='lat'><strong>4</strong></span> <span class='ocrx_word' id='word_1_49' title='bbox 414 766 738 845; x_wconf 86' lang='lat' dir='ltr'>deputauit.</span> <span class='ocrx_word' id='word_1_50' title='bbox 813 763 940 825; x_wconf 85' lang='lat' dir='ltr'>sola</span> <span class='ocrx_word' id='word_1_51' title='bbox 981 783 1132 844; x_wconf 88' lang='lat' dir='ltr'>quae</span> <span class='ocrx_word' id='word_1_52' title='bbox 1173 763 1248 824; x_wconf 92' lang='lat' dir='ltr'>de</span> <span class='ocrx_word' id='word_1_53' title='bbox 1289 763 1775 842; x_wconf 68' lang='lat' dir='ltr'>hostibuS,capta</span> <span class='ocrx_word' id='word_1_54' title='bbox 1818 772 1993 834; x_wconf 88' lang='lat' dir='ltr'>sunt,</span> <span class='ocrx_word' id='word_1_55' title='bbox 2033 764 2363 828; x_wconf 83' lang='lat' dir='ltr'>limitaneis</span> 
     </span>
     <span class='ocr_line' id='line_1_8' title="bbox 413 848 2357 920; baseline 0.001 -8"><span class='ocrx_word' id='word_1_56' title='bbox 413 851 666 912; x_wconf 85' lang='lat' dir='ltr'>ducibus</span> <span class='ocrx_word' id='word_1_57' title='bbox 699 857 758 910; x_wconf 91' lang='lat' dir='ltr'>et</span> <span class='ocrx_word' id='word_1_58' title='bbox 787 848 1071 910; x_wconf 87' lang='lat' dir='ltr'>militibus</span> <span class='ocrx_word' id='word_1_59' title='bbox 1101 848 1362 918; x_wconf 89' lang='lat' dir='ltr'>donauit,</span> <span class='ocrx_word' id='word_1_60' title='bbox 1395 851 1477 910; x_wconf 90' lang='lat' dir='ltr'>ita</span> <span class='ocrx_word' id='word_1_61' title='bbox 1505 856 1571 910; x_wconf 90' lang='lat' dir='ltr'>ut</span> <span class='ocrx_word' id='word_1_62' title='bbox 1602 868 1813 910; x_wconf 90' lang='lat' dir='ltr'>eorum</span> <span class='ocrx_word' id='word_1_63' title='bbox 1842 858 2061 920; x_wconf 87' lang='lat' dir='ltr'>essent,</span> <span class='ocrx_word' id='word_1_64' title='bbox 2098 853 2149 911; x_wconf 91' lang='lat' dir='ltr'>si</span> <span class='ocrx_word' id='word_1_65' title='bbox 2174 850 2357 914; x_wconf 89' lang='lat' dir='ltr'>here-</span> 
     </span>
     <span class='ocr_line' id='line_1_9' title="bbox 415 933 2355 1015; baseline 0.001 -18"><span class='ocrx_word' id='word_1_66' title='bbox 415 937 520 998; x_wconf 92' lang='lat' dir='ltr'>des</span> <span class='ocrx_word' id='word_1_67' title='bbox 552 953 761 996; x_wconf 90' lang='lat' dir='ltr'>eorum</span> <span class='ocrx_word' id='word_1_68' title='bbox 791 933 1144 1004; x_wconf 81' lang='lat' dir='ltr'>militarent,</span> <span class='ocrx_word' id='word_1_69' title='bbox 1193 952 1307 994; x_wconf 87' lang='lat' dir='ltr'>nec</span> <span class='ocrx_word' id='word_1_70' title='bbox 1334 949 1615 1012; x_wconf 89' lang='lat' dir='ltr'>umquam</span> <span class='ocrx_word' id='word_1_71' title='bbox 1658 935 1731 996; x_wconf 91' lang='lat' dir='ltr'>ad</span> <span class='ocrx_word' id='word_1_72' title='bbox 1772 937 2043 1014; x_wconf 90' lang='lat' dir='ltr'>priuatos</span> <span class='ocrx_word' id='word_1_73' title='bbox 2082 937 2355 1015; x_wconf 87' lang='lat' dir='ltr'>pertine—</span> 
     </span>
     <span class='ocr_line' id='line_1_10' title="bbox 411 1016 2357 1091; baseline 0.001 -9"><span class='ocrx_word' id='word_1_74' title='bbox 411 1027 567 1091; x_wconf 88' lang='lat' dir='ltr'>rent,</span> <span class='ocrx_word' id='word_1_75' title='bbox 604 1020 826 1090; x_wconf 85' lang='lat' dir='ltr'>dicenS,</span> <span class='ocrx_word' id='word_1_76' title='bbox 862 1021 1144 1080; x_wconf 87' lang='lat' dir='ltr'>attentius</span> <span class='ocrx_word' id='word_1_77' title='bbox 1187 1037 1291 1079; x_wconf 90' lang='lat' dir='ltr'>eos</span> <span class='ocrx_word' id='word_1_78' title='bbox 1322 1016 1705 1088; x_wconf 85' lang='lat' dir='ltr'>militaturos,</span> <span class='ocrx_word' id='word_1_79' title='bbox 1752 1021 1802 1080; x_wconf 90' lang='lat' dir='ltr'>si</span> <span class='ocrx_word' id='word_1_80' title='bbox 1846 1022 2021 1081; x_wconf 89' lang='lat' dir='ltr'>etiam</span> <span class='ocrx_word' id='word_1_81' title='bbox 2064 1039 2169 1082; x_wconf 88' lang='lat' dir='ltr'>sua</span> <span class='ocrx_word' id='word_1_82' title='bbox 2210 1040 2357 1084; x_wconf 90' lang='lat' dir='ltr'>rura</span> 
     </span>
    </p>

    <p class='ocr_par' dir='ltr' id='par_1_5' title="bbox 344 1103 2449 1439">
     <span class='ocr_line' id='line_1_11' title="bbox 344 1103 2449 1176; baseline 0.001 -13"><span class='ocrx_word' id='word_1_83' title='bbox 344 1114 376 1163; x_wconf 86' lang='lat'>5</span> <span class='ocrx_word' id='word_1_84' title='bbox 413 1106 827 1167; x_wconf 79' lang='lat' dir='ltr'>defenderent.</span> <span class='ocrx_word' id='word_1_85' title='bbox 899 1103 1126 1166; x_wconf 86' lang='lat' dir='ltr'>addidit</span> <span class='ocrx_word' id='word_1_86' title='bbox 1169 1122 1314 1164; x_wconf 90' lang='lat' dir='ltr'>sane</span> <span class='ocrx_word' id='word_1_87' title='bbox 1352 1103 1447 1164; x_wconf 88' lang='lat' dir='ltr'>his</span> <span class='ocrx_word' id='word_1_88' title='bbox 1490 1112 1549 1165; x_wconf 90' lang='lat' dir='ltr'>et</span> <span class='ocrx_word' id='word_1_89' title='bbox 1588 1104 1865 1166; x_wconf 84' lang='lat' dir='ltr'>animalia</span> <span class='ocrx_word' id='word_1_90' title='bbox 1908 1113 1969 1166; x_wconf 87' lang='lat' dir='ltr'>et</span> <span class='ocrx_word' id='word_1_91' title='bbox 1998 1125 2237 1176; x_wconf 79' lang='lat' dir='ltr'>seruoS,</span> <span class='ocrx_word' id='word_1_92' title='bbox 2288 1114 2358 1167; x_wconf 92' lang='lat' dir='ltr'>ut</span> <span class='ocrx_word' id='word_1_93' title='bbox 2390 1125 2449 1165; x_wconf 88' lang='lat'>10</span> 
     </span>
     <span class='ocr_line' id='line_1_12' title="bbox 412 1188 2352 1272; baseline 0 -20"><span class='ocrx_word' id='word_1_94' title='bbox 412 1199 658 1272; x_wconf 90' lang='lat' dir='ltr'>possent</span> <span class='ocrx_word' id='word_1_95' title='bbox 699 1189 899 1251; x_wconf 84' lang='lat' dir='ltr'>colere</span> <span class='ocrx_word' id='word_1_96' title='bbox 943 1188 1100 1268; x_wconf 90' lang='lat' dir='ltr'>quod</span> <span class='ocrx_word' id='word_1_97' title='bbox 1143 1196 1531 1268; x_wconf 84' lang='lat' dir='ltr'>acceperant,</span> <span class='ocrx_word' id='word_1_98' title='bbox 1577 1208 1655 1250; x_wconf 90' lang='lat' dir='ltr'>ne</span> <span class='ocrx_word' id='word_1_99' title='bbox 1694 1208 1807 1269; x_wconf 89' lang='lat' dir='ltr'>per</span> <span class='ocrx_word' id='word_1_100' title='bbox 1848 1192 2112 1270; x_wconf 90' lang='lat' dir='ltr'>inopiam</span> <span class='ocrx_word' id='word_1_101' title='bbox 2153 1191 2352 1252; x_wconf 89' lang='lat' dir='ltr'>homi-</span> 
     </span>
     <span class='ocr_line' id='line_1_13' title="bbox 412 1274 2354 1355; baseline -0.001 -16"><span class='ocrx_word' id='word_1_102' title='bbox 412 1296 558 1339; x_wconf 91' lang='lat' dir='ltr'>num</span> <span class='ocrx_word' id='word_1_103' title='bbox 587 1275 686 1337; x_wconf 91' lang='lat' dir='ltr'>uel</span> <span class='ocrx_word' id='word_1_104' title='bbox 714 1294 824 1355; x_wconf 90' lang='lat' dir='ltr'>per</span> <span class='ocrx_word' id='word_1_105' title='bbox 855 1281 1227 1337; x_wconf 88' lang='lat' dir='ltr'>senectutem</span> <span class='ocrx_word' id='word_1_106' title='bbox 1254 1274 1691 1353; x_wconf 86' lang='lat' dir='ltr'>possidentium</span> <span class='ocrx_word' id='word_1_107' title='bbox 1734 1274 2162 1336; x_wconf 76' lang='lat' dir='ltr'>desererentur</span> <span class='ocrx_word' id='word_1_108' title='bbox 2204 1295 2354 1338; x_wconf 89' lang='lat' dir='ltr'>rura</span> 
     </span>
     <span class='ocr_line' id='line_1_14' title="bbox 410 1358 2038 1439; baseline -0.002 -15"><span class='ocrx_word' id='word_1_109' title='bbox 410 1364 606 1424; x_wconf 90' lang='lat' dir='ltr'>uicina</span> <span class='ocrx_word' id='word_1_110' title='bbox 639 1359 973 1428; x_wconf 84' lang='lat' dir='ltr'>barbariae,</span> <span class='ocrx_word' id='word_1_111' title='bbox 1007 1359 1165 1439; x_wconf 87' lang='lat' dir='ltr'>quod</span> <span class='ocrx_word' id='word_1_112' title='bbox 1194 1361 1613 1438; x_wconf 90' lang='lat' dir='ltr'>turpissimum</span> <span class='ocrx_word' id='word_1_113' title='bbox 1639 1358 1741 1420; x_wconf 90' lang='lat' dir='ltr'>ille</span> <span class='ocrx_word' id='word_1_114' title='bbox 1765 1359 2038 1422; x_wconf 87' lang='lat' dir='ltr'>ducebat.</span> 
     </span>
    </p>

    <p class='ocr_par' dir='ltr' id='par_1_6' title="bbox 305 1445 2440 1782">
     <span class='ocr_line' id='line_1_15' title="bbox 305 1445 2351 1526; baseline -0.001 -16"><span class='ocrx_word' id='word_1_115' title='bbox 305 1445 390 1526; x_wconf 82' lang='lat'>59</span> <span class='ocrx_word' id='word_1_116' title='bbox 537 1447 679 1507; x_wconf 91' lang='lat' dir='ltr'>Post</span> <span class='ocrx_word' id='word_1_117' title='bbox 706 1445 855 1506; x_wconf 86' lang='lat' dir='ltr'>haec</span> <span class='ocrx_word' id='word_1_118' title='bbox 886 1463 1023 1506; x_wconf 90' lang='lat' dir='ltr'>cum</span> <span class='ocrx_word' id='word_1_119' title='bbox 1051 1446 1284 1523; x_wconf 84' lang='lat' dir='ltr'>ingenti</span> <span class='ocrx_word' id='word_1_120' title='bbox 1314 1463 1519 1506; x_wconf 86' lang='lat' dir='ltr'>amore</span> <span class='ocrx_word' id='word_1_121' title='bbox 1551 1445 1709 1524; x_wconf 84' lang='lat' dir='ltr'>apud</span> <span class='ocrx_word' id='word_1_122' title='bbox 1747 1445 2035 1525; x_wconf 90' lang='lat' dir='ltr'>populum</span> <span class='ocrx_word' id='word_1_123' title='bbox 2078 1453 2137 1506; x_wconf 91' lang='lat' dir='ltr'>et</span> <span class='ocrx_word' id='word_1_124' title='bbox 2174 1465 2351 1508; x_wconf 89' lang='lat' dir='ltr'>sena·</span> 
     </span>
     <span class='ocr_line' id='line_1_16' title="bbox 409 1529 2440 1608; baseline 0 -16"><span class='ocrx_word' id='word_1_125' title='bbox 409 1539 538 1594; x_wconf 89' lang='lat' dir='ltr'>tum</span> <span class='ocrx_word' id='word_1_126' title='bbox 581 1532 844 1599; x_wconf 88' lang='lat' dir='ltr'>uiueret,</span> <span class='ocrx_word' id='word_1_127' title='bbox 892 1537 952 1589; x_wconf 90' lang='lat' dir='ltr'>et</span> <span class='ocrx_word' id='word_1_128' title='bbox 991 1529 1373 1608; x_wconf 88' lang='lat' dir='ltr'>sperantibus</span> <span class='ocrx_word' id='word_1_129' title='bbox 1414 1532 1728 1592; x_wconf 89' lang='lat' dir='ltr'>uictoriam</span> <span class='ocrx_word' id='word_1_130' title='bbox 1772 1532 2001 1593; x_wconf 89' lang='lat' dir='ltr'>cunctis</span> <span class='ocrx_word' id='word_1_131' title='bbox 2043 1539 2103 1591; x_wconf 91' lang='lat' dir='ltr'>et</span> <span class='ocrx_word' id='word_1_132' title='bbox 2140 1532 2350 1594; x_wconf 86' lang='lat' dir='ltr'>inuitis</span> <span class='ocrx_word' id='word_1_133' title='bbox 2380 1550 2440 1592; x_wconf 83' lang='lat'>15</span> 
     </span>
     <span class='ocr_line' id='line_1_17' title="bbox 411 1613 2346 1696; baseline 0 -18"><span class='ocrx_word' id='word_1_134' title='bbox 411 1635 550 1678; x_wconf 89' lang='lat' dir='ltr'>eum</span> <span class='ocrx_word' id='word_1_135' title='bbox 593 1613 1028 1676; x_wconf 87' lang='lat' dir='ltr'>dimittentibus</span> <span class='ocrx_word' id='word_1_136' title='bbox 1070 1614 1142 1674; x_wconf 85' lang='lat' dir='ltr'>ad</span> <span class='ocrx_word' id='word_1_137' title='bbox 1188 1614 1608 1676; x_wconf 88' lang='lat' dir='ltr'>Germanicum</span> <span class='ocrx_word' id='word_1_138' title='bbox 1637 1614 1863 1677; x_wconf 90' lang='lat' dir='ltr'>bellum</span> <span class='ocrx_word' id='word_1_139' title='bbox 1892 1617 2202 1696; x_wconf 80' lang='lat' dir='ltr'>profectus</span> <span class='ocrx_word' id='word_1_140' title='bbox 2236 1625 2346 1687; x_wconf 89' lang='lat' dir='ltr'>est,</span> 
     </span>
     <span class='ocr_line' id='line_1_18' title="bbox 411 1700 2351 1782; baseline 0.001 -20"><span class='ocrx_word' id='word_1_141' title='bbox 411 1700 841 1762; x_wconf 80' lang='lat' dir='ltr'>deducentibus</span> <span class='ocrx_word' id='word_1_142' title='bbox 871 1700 1102 1760; x_wconf 90' lang='lat' dir='ltr'>cunctis</span> <span class='ocrx_word' id='word_1_143' title='bbox 1130 1717 1242 1778; x_wconf 92' lang='lat' dir='ltr'>per</span> <span class='ocrx_word' id='word_1_144' title='bbox 1274 1707 1511 1760; x_wconf 89' lang='lat' dir='ltr'>centum</span> <span class='ocrx_word' id='word_1_145' title='bbox 1542 1708 1604 1761; x_wconf 90' lang='lat' dir='ltr'>et</span> <span class='ocrx_word' id='word_1_146' title='bbox 1634 1707 1875 1762; x_wconf 88' lang='lat' dir='ltr'>centum</span> <span class='ocrx_word' id='word_1_147' title='bbox 1920 1703 2351 1782; x_wconf 87' lang='lat' dir='ltr'>quinquaginta</span> 
     </span>
    </p>

    <p class='ocr_par' dir='ltr' id='par_1_7' title="bbox 342 1785 2349 1866">
     <span class='ocr_line' id='line_1_19' title="bbox 342 1785 2349 1866; baseline 0.001 -22"><span class='ocrx_word' id='word_1_148' title='bbox 342 1796 372 1844; x_wconf 82' lang='lat'>2</span> <span class='ocrx_word' id='word_1_149' title='bbox 409 1785 589 1847; x_wconf 90' lang='lat' dir='ltr'>milia.</span> <span class='ocrx_word' id='word_1_150' title='bbox 667 1793 794 1846; x_wconf 90' lang='lat' dir='ltr'>erat</span> <span class='ocrx_word' id='word_1_151' title='bbox 845 1791 1042 1846; x_wconf 89' lang='lat' dir='ltr'>autem</span> <span class='ocrx_word' id='word_1_152' title='bbox 1083 1785 1503 1862; x_wconf 83' lang='lat' dir='ltr'>grauissimum</span> <span class='ocrx_word' id='word_1_153' title='bbox 1535 1786 1625 1847; x_wconf 92' lang='lat' dir='ltr'>rei</span> <span class='ocrx_word' id='word_1_154' title='bbox 1658 1804 1717 1864; x_wconf 89' lang='lat' dir='ltr'>p.</span> <span class='ocrx_word' id='word_1_155' title='bbox 1764 1793 1939 1866; x_wconf 88' lang='lat' dir='ltr'>atque</span> <span class='ocrx_word' id='word_1_156' title='bbox 1990 1788 2137 1866; x_wconf 90' lang='lat' dir='ltr'>ipsi,</span> <span class='ocrx_word' id='word_1_157' title='bbox 2185 1786 2349 1864; x_wconf 92' lang='lat' dir='ltr'>quod</span> 
     </span>
    </p>

    <p class='ocr_par' dir='ltr' id='par_1_8' title="bbox 341 1868 2431 2121">
     <span class='ocr_line' id='line_1_20' title="bbox 341 1868 2345 1952; baseline 0 -20"><span class='ocrx_word' id='word_1_158' title='bbox 341 1882 374 1932; x_wconf 86' lang='lat'>3</span> <span class='ocrx_word' id='word_1_159' title='bbox 411 1871 852 1932; x_wconf 87' lang='lat' dir='ltr'>Germanorum</span> <span class='ocrx_word' id='word_1_160' title='bbox 880 1868 1311 1932; x_wconf 85' lang='lat' dir='ltr'>uastationibus</span> <span class='ocrx_word' id='word_1_161' title='bbox 1343 1868 1528 1931; x_wconf 89' lang='lat' dir='ltr'>Gallia</span> <span class='ocrx_word' id='word_1_162' title='bbox 1560 1870 1972 1950; x_wconf 89' lang='lat' dir='ltr'>diripiebatur.</span> <span class='ocrx_word' id='word_1_163' title='bbox 2017 1871 2345 1952; x_wconf 88' lang='lat' dir='ltr'>pudorem-</span> 
     </span>
     <span class='ocr_line' id='line_1_21' title="bbox 411 1953 2431 2035; baseline -0.001 -17"><span class='ocrx_word' id='word_1_164' title='bbox 411 1974 528 2035; x_wconf 86' lang='lat' dir='ltr'>que</span> <span class='ocrx_word' id='word_1_165' title='bbox 561 1954 844 2033; x_wconf 85' lang='lat' dir='ltr'>augebat,</span> <span class='ocrx_word' id='word_1_166' title='bbox 891 1955 1048 2034; x_wconf 91' lang='lat' dir='ltr'>quod</span> <span class='ocrx_word' id='word_1_167' title='bbox 1091 1955 1265 2016; x_wconf 90' lang='lat' dir='ltr'>uictis</span> <span class='ocrx_word' id='word_1_168' title='bbox 1305 1956 1423 2016; x_wconf 90' lang='lat' dir='ltr'>iam</span> <span class='ocrx_word' id='word_1_169' title='bbox 1454 1953 1691 2016; x_wconf 89' lang='lat' dir='ltr'>Parthis</span> <span class='ocrx_word' id='word_1_170' title='bbox 1722 1975 1791 2016; x_wconf 85' lang='lat' dir='ltr'>ea</span> <span class='ocrx_word' id='word_1_171' title='bbox 1820 1957 1981 2018; x_wconf 85' lang='lat' dir='ltr'>natio</span> <span class='ocrx_word' id='word_1_172' title='bbox 2010 1957 2344 2019; x_wconf 88' lang='lat' dir='ltr'>inminebat</span> <span class='ocrx_word' id='word_1_173' title='bbox 2370 1975 2431 2016; x_wconf 83' lang='lat'>20</span> 
     </span>
     <span class='ocr_line' id='line_1_22' title="bbox 407 2039 2346 2121; baseline 0 -17"><span class='ocrx_word' id='word_1_174' title='bbox 407 2044 501 2104; x_wconf 86' lang='lat' dir='ltr'>rei</span> <span class='ocrx_word' id='word_1_175' title='bbox 523 2039 800 2121; x_wconf 88' lang='lat' dir='ltr'>publicae</span> <span class='ocrx_word' id='word_1_176' title='bbox 833 2039 1201 2109; x_wconf 88' lang='lat' dir='ltr'>ceruicibus,</span> <span class='ocrx_word' id='word_1_177' title='bbox 1257 2058 1411 2119; x_wconf 87' lang='lat' dir='ltr'>quae</span> <span class='ocrx_word' id='word_1_178' title='bbox 1467 2058 1706 2120; x_wconf 89' lang='lat' dir='ltr'>semper</span> <span class='ocrx_word' id='word_1_179' title='bbox 1762 2043 1939 2102; x_wconf 85' lang='lat' dir='ltr'>etiam</span> <span class='ocrx_word' id='word_1_180' title='bbox 1990 2041 2346 2104; x_wconf 87' lang='lat' dir='ltr'>minusculis</span> 
     </span>
    </p>

    <p class='ocr_par' dir='ltr' id='par_1_9' title="bbox 339 2124 2345 2291">
     <span class='ocr_line' id='line_1_23' title="bbox 339 2124 2345 2206; baseline 0.001 -21"><span class='ocrx_word' id='word_1_181' title='bbox 339 2137 374 2185; x_wconf 89' lang='lat'><strong>4</strong></span> <span class='ocrx_word' id='word_1_182' title='bbox 409 2125 870 2206; x_wconf 87' lang='lat' dir='ltr'>imperatoribus</span> <span class='ocrx_word' id='word_1_183' title='bbox 901 2124 1171 2186; x_wconf 89' lang='lat' dir='ltr'>subiecta</span> <span class='ocrx_word' id='word_1_184' title='bbox 1201 2124 1541 2186; x_wconf 89' lang='lat' dir='ltr'>uidebatur.</span> <span class='ocrx_word' id='word_1_185' title='bbox 1615 2127 1847 2204; x_wconf 89' lang='lat' dir='ltr'>magnis</span> <span class='ocrx_word' id='word_1_186' title='bbox 1885 2127 2345 2204; x_wconf 61' lang='lat' dir='ltr'>igiturjtineri-</span> 
     </span>
     <span class='ocr_line' id='line_1_24' title="bbox 407 2210 2341 2291; baseline 0.001 -18"><span class='ocrx_word' id='word_1_187' title='bbox 407 2212 552 2282; x_wconf 82' lang='lat' dir='ltr'>buS,</span> <span class='ocrx_word' id='word_1_188' title='bbox 595 2212 767 2272; x_wconf 87' lang='lat' dir='ltr'>laetis</span> <span class='ocrx_word' id='word_1_189' title='bbox 797 2210 1086 2272; x_wconf 91' lang='lat' dir='ltr'>militibus</span> <span class='ocrx_word' id='word_1_190' title='bbox 1116 2210 1441 2272; x_wconf 86' lang='lat' dir='ltr'>contendit.</span> <span class='ocrx_word' id='word_1_191' title='bbox 1496 2210 1600 2273; x_wconf 88' lang='lat' dir='ltr'>sed</span> <span class='ocrx_word' id='word_1_192' title='bbox 1634 2229 1770 2272; x_wconf 90' lang='lat' dir='ltr'>cum</span> <span class='ocrx_word' id='word_1_193' title='bbox 1798 2210 1885 2271; x_wconf 90' lang='lat' dir='ltr'>ibi</span> <span class='ocrx_word' id='word_1_194' title='bbox 1915 2228 2152 2291; x_wconf 87' lang='lat' dir='ltr'>quoque</span> <span class='ocrx_word' id='word_1_195' title='bbox 2182 2212 2341 2274; x_wconf 86' lang='lat' dir='ltr'>sedi-</span> 
     </span>
    </p>

    <p class='ocr_par' dir='ltr' id='par_1_10' title="bbox 339 2294 2343 2378">
     <span class='ocr_line' id='line_1_25' title="bbox 339 2294 2343 2378; baseline 0 -20"><span class='ocrx_word' id='word_1_196' title='bbox 339 2309 372 2358; x_wconf 86' lang='lat'>5</span> <span class='ocrx_word' id='word_1_197' title='bbox 409 2300 591 2358; x_wconf 90' lang='lat' dir='ltr'>tiosas</span> <span class='ocrx_word' id='word_1_198' title='bbox 630 2297 897 2378; x_wconf 85' lang='lat' dir='ltr'>legiones</span> <span class='ocrx_word' id='word_1_199' title='bbox 939 2297 1341 2376; x_wconf 89' lang='lat' dir='ltr'>conperisset,</span> <span class='ocrx_word' id='word_1_200' title='bbox 1387 2294 1541 2356; x_wconf 90' lang='lat' dir='ltr'>abici</span> <span class='ocrx_word' id='word_1_201' title='bbox 1584 2313 1682 2356; x_wconf 88' lang='lat' dir='ltr'>eas</span> <span class='ocrx_word' id='word_1_202' title='bbox 1720 2298 2046 2375; x_wconf 89' lang='lat' dir='ltr'>praecepit.</span> <span class='ocrx_word' id='word_1_203' title='bbox 2124 2315 2343 2358; x_wconf 88' lang='lat' dir='ltr'>uerum</span> 
     </span>
    </p>

    <p class='ocr_par' dir='ltr' id='par_1_11' title="bbox 301 2379 2427 2449">
     <span class='ocr_line' id='line_1_26' title="bbox 301 2379 2427 2449; baseline 0 -9"><span class='ocrx_word' id='word_1_204' title='bbox 301 2429 310 2440; x_wconf 77' lang='grc'><strong><em>,</em></strong></span> <span class='ocrx_word' id='word_1_205' title='bbox 408 2381 742 2443; x_wconf 87' lang='lat' dir='ltr'>Gallicanae</span> <span class='ocrx_word' id='word_1_206' title='bbox 771 2387 1028 2449; x_wconf 86' lang='lat' dir='ltr'>mentes,</span> <span class='ocrx_word' id='word_1_207' title='bbox 1062 2388 1128 2441; x_wconf 95' lang='lat' dir='ltr'>ut</span> <span class='ocrx_word' id='word_1_208' title='bbox 1159 2398 1295 2442; x_wconf 91' lang='lat' dir='ltr'>sese</span> <span class='ocrx_word' id='word_1_209' title='bbox 1321 2379 1545 2441; x_wconf 89' lang='lat' dir='ltr'>habent</span> <span class='ocrx_word' id='word_1_210' title='bbox 1574 2381 1757 2441; x_wconf 88' lang='lat' dir='ltr'>durae</span> <span class='ocrx_word' id='word_1_211' title='bbox 1800 2399 1868 2442; x_wconf 85' lang='lat' dir='ltr'>ac</span> <span class='ocrx_word' id='word_1_212' title='bbox 1897 2382 2235 2443; x_wconf 88' lang='lat' dir='ltr'>retorridae</span> <span class='ocrx_word' id='word_1_213' title='bbox 2280 2389 2341 2443; x_wconf 91' lang='lat' dir='ltr'>et</span> <span class='ocrx_word' id='word_1_214' title='bbox 2366 2397 2427 2440; x_wconf 78' lang='lat'>25</span> 
     </span>
    </p>

    <p class='ocr_par' dir='ltr' id='par_1_12' title="bbox 410 2464 2341 2545">
     <span class='ocr_line' id='line_1_27' title="bbox 410 2464 2341 2545; baseline 0 -17"><span class='ocrx_word' id='word_1_215' title='bbox 410 2484 589 2545; x_wconf 87' lang='lat' dir='ltr'>saepe</span> <span class='ocrx_word' id='word_1_216' title='bbox 619 2464 1084 2545; x_wconf 87' lang='lat' dir='ltr'>imperatoribus</span> <span class='ocrx_word' id='word_1_217' title='bbox 1113 2483 1351 2542; x_wconf 87' lang='lat' dir='ltr'>graues,</span> <span class='ocrx_word' id='word_1_218' title='bbox 1384 2467 1771 2527; x_wconf 89' lang='lat' dir='ltr'>seueritatem</span> <span class='ocrx_word' id='word_1_219' title='bbox 1802 2464 2063 2526; x_wconf 89' lang='lat' dir='ltr'>hominis</span> <span class='ocrx_word' id='word_1_220' title='bbox 2094 2467 2341 2528; x_wconf 88' lang='lat' dir='ltr'>nimiam</span> 
     </span>
    </p>

    <p class='ocr_par' dir='ltr' id='par_1_13' title="bbox 340 2548 2422 3055">
     <span class='ocr_line' id='line_1_28' title="bbox 340 2548 2338 2629; baseline 0.002 -19"><span class='ocrx_word' id='word_1_221' title='bbox 340 2562 371 2610; x_wconf 86' lang='lat'>6</span> <span class='ocrx_word' id='word_1_222' title='bbox 411 2559 469 2612; x_wconf 93' lang='lat' dir='ltr'>et</span> <span class='ocrx_word' id='word_1_223' title='bbox 509 2551 688 2628; x_wconf 87' lang='lat' dir='ltr'>longe</span> <span class='ocrx_word' id='word_1_224' title='bbox 717 2551 1003 2612; x_wconf 89' lang='lat' dir='ltr'>maiorem</span> <span class='ocrx_word' id='word_1_225' title='bbox 1044 2556 1183 2629; x_wconf 90' lang='lat' dir='ltr'>post</span> <span class='ocrx_word' id='word_1_226' title='bbox 1221 2548 1671 2628; x_wconf 87' lang='lat' dir='ltr'>Heliogabalum</span> <span class='ocrx_word' id='word_1_227' title='bbox 1711 2568 1834 2610; x_wconf 90' lang='lat' dir='ltr'>non</span> <span class='ocrx_word' id='word_1_228' title='bbox 1874 2550 2157 2612; x_wconf 90' lang='lat' dir='ltr'>tulerunt.</span> <span class='ocrx_word' id='word_1_229' title='bbox 2233 2552 2338 2613; x_wconf 87' lang='lat' dir='ltr'>de-</span> 
     </span>
     <span class='ocr_line' id='line_1_29' title="bbox 409 2635 2338 2713; baseline -0.001 -16"><span class='ocrx_word' id='word_1_230' title='bbox 409 2638 606 2713; x_wconf 82' lang='lat' dir='ltr'>nique,</span> <span class='ocrx_word' id='word_1_231' title='bbox 636 2641 906 2713; x_wconf 84' lang='lat' dir='ltr'>agentern</span> <span class='ocrx_word' id='word_1_232' title='bbox 950 2653 1087 2695; x_wconf 90' lang='lat' dir='ltr'>eum</span> <span class='ocrx_word' id='word_1_233' title='bbox 1130 2653 1267 2695; x_wconf 87' lang='lat' dir='ltr'>cum</span> <span class='ocrx_word' id='word_1_234' title='bbox 1306 2636 1516 2712; x_wconf 89' lang='lat' dir='ltr'>paucis</span> <span class='ocrx_word' id='word_1_235' title='bbox 1559 2637 1619 2695; x_wconf 91' lang='lat' dir='ltr'>in</span> <span class='ocrx_word' id='word_1_236' title='bbox 1649 2635 1969 2705; x_wconf 89' lang='lat' dir='ltr'>Brittania,</span> <span class='ocrx_word' id='word_1_237' title='bbox 2002 2643 2069 2696; x_wconf 92' lang='lat' dir='ltr'>ut</span> <span class='ocrx_word' id='word_1_238' title='bbox 2099 2635 2199 2697; x_wconf 90' lang='lat' dir='ltr'>alii</span> <span class='ocrx_word' id='word_1_239' title='bbox 2234 2655 2338 2697; x_wconf 88' lang='lat' dir='ltr'>uo-</span> 
     </span>
     <span class='ocr_line' id='line_1_30' title="bbox 406 2719 2341 2790; baseline -0.002 -7"><span class='ocrx_word' id='word_1_240' title='bbox 406 2721 539 2783; x_wconf 90' lang='lat' dir='ltr'>lunt</span> <span class='ocrx_word' id='word_1_241' title='bbox 585 2722 647 2780; x_wconf 91' lang='lat' dir='ltr'>in</span> <span class='ocrx_word' id='word_1_242' title='bbox 700 2719 887 2780; x_wconf 89' lang='lat' dir='ltr'>Gallia</span> <span class='ocrx_word' id='word_1_243' title='bbox 946 2723 1008 2780; x_wconf 91' lang='lat' dir='ltr'>in</span> <span class='ocrx_word' id='word_1_244' title='bbox 1062 2721 1194 2780; x_wconf 89' lang='lat' dir='ltr'>uico</span> <span class='ocrx_word' id='word_1_245' title='bbox 1241 2721 1340 2780; x_wconf 89' lang='lat' dir='ltr'>cui</span> <span class='ocrx_word' id='word_1_246' title='bbox 1382 2719 1577 2781; x_wconf 88' lang='lat' dir='ltr'>Sicilia</span> <span class='ocrx_word' id='word_1_247' title='bbox 1631 2737 1849 2780; x_wconf 90' lang='lat' dir='ltr'>nomen</span> <span class='ocrx_word' id='word_1_248' title='bbox 1904 2729 2023 2790; x_wconf 93' lang='lat' dir='ltr'>est,</span> <span class='ocrx_word' id='word_1_249' title='bbox 2086 2729 2207 2780; x_wconf 83' lang='lat' dir='ltr'>non</span> <span class='ocrx_word' id='word_1_250' title='bbox 2268 2739 2341 2782; x_wconf 88' lang='lat' dir='ltr'>ex</span> 
     </span>
     <span class='ocr_line' id='line_1_31' title="bbox 409 2804 2422 2884; baseline -0.002 -17"><span class='ocrx_word' id='word_1_251' title='bbox 409 2808 676 2868; x_wconf 88' lang='lat' dir='ltr'>omnium</span> <span class='ocrx_word' id='word_1_252' title='bbox 709 2806 1002 2866; x_wconf 89' lang='lat' dir='ltr'>sententia</span> <span class='ocrx_word' id='word_1_253' title='bbox 1033 2804 1139 2865; x_wconf 92' lang='lat' dir='ltr'>sed</span> <span class='ocrx_word' id='word_1_254' title='bbox 1169 2804 1653 2882; x_wconf 76' lang='lat' dir='ltr'>latrocinantium</span> <span class='ocrx_word' id='word_1_255' title='bbox 1682 2805 1863 2866; x_wconf 84' lang='lat' dir='ltr'>modo</span> <span class='ocrx_word' id='word_1_256' title='bbox 1908 2805 2149 2884; x_wconf 87' lang='lat' dir='ltr'>quidam</span> <span class='ocrx_word' id='word_1_257' title='bbox 2180 2805 2335 2867; x_wconf 89' lang='lat' dir='ltr'>mili·</span> <span class='ocrx_word' id='word_1_258' title='bbox 2362 2820 2422 2862; x_wconf 80' lang='lat' dir='ltr'>ao</span> 
     </span>
     <span class='ocr_line' id='line_1_32' title="bbox 405 2889 2338 2970; baseline -0.001 -18"><span class='ocrx_word' id='word_1_259' title='bbox 405 2898 500 2952; x_wconf 91' lang='lat' dir='ltr'>tes</span> <span class='ocrx_word' id='word_1_260' title='bbox 545 2899 603 2952; x_wconf 91' lang='lat' dir='ltr'>et</span> <span class='ocrx_word' id='word_1_261' title='bbox 640 2892 1010 2970; x_wconf 88' lang='lat' dir='ltr'>ipraecipue</span> <span class='ocrx_word' id='word_1_262' title='bbox 1055 2891 1159 2966; x_wconf 90' lang='lat' dir='ltr'>qui</span> <span class='ocrx_word' id='word_1_263' title='bbox 1197 2889 1565 2967; x_wconf 85' lang='lat' dir='ltr'>Heliogabali</span> <span class='ocrx_word' id='word_1_264' title='bbox 1605 2890 1887 2968; x_wconf 89' lang='lat' dir='ltr'>praemiis</span> <span class='ocrx_word' id='word_1_265' title='bbox 1920 2889 2338 2962; x_wconf 80' lang='lat' dir='ltr'>effloruerunt,</span> 
     </span>
     <span class='ocr_line' id='line_1_33' title="bbox 409 2974 2335 3055; baseline 0 -19"><span class='ocrx_word' id='word_1_266' title='bbox 409 2995 541 3037; x_wconf 89' lang='lat' dir='ltr'>cum</span> <span class='ocrx_word' id='word_1_267' title='bbox 583 2994 864 3037; x_wconf 90' lang='lat' dir='ltr'>seuerum</span> <span class='ocrx_word' id='word_1_268' title='bbox 914 2976 1250 3055; x_wconf 89' lang='lat' dir='ltr'>principem</span> <span class='ocrx_word' id='word_1_269' title='bbox 1301 2977 1424 3053; x_wconf 90' lang='lat' dir='ltr'>pati</span> <span class='ocrx_word' id='word_1_270' title='bbox 1477 2993 1596 3035; x_wconf 91' lang='lat' dir='ltr'>non</span> <span class='ocrx_word' id='word_1_271' title='bbox 1636 2983 1915 3053; x_wconf 90' lang='lat' dir='ltr'>possent,</span> <span class='ocrx_word' id='word_1_272' title='bbox 1964 2974 2335 3036; x_wconf 88' lang='lat' dir='ltr'>oeciderunt.</span> 
     </span>
    </p>

    <p class='ocr_par' dir='ltr' id='par_1_14' title="bbox 342 3059 2339 3146">
     <span class='ocr_line' id='line_1_34' title="bbox 342 3059 2339 3146; baseline -0.002 -23"><span class='ocrx_word' id='word_1_273' title='bbox 342 3074 372 3123; x_wconf 87' lang='grc'><strong>7</strong></span> <span class='ocrx_word' id='word_1_274' title='bbox 408 3060 577 3121; x_wconf 89' lang='lat' dir='ltr'>multi</span> <span class='ocrx_word' id='word_1_275' title='bbox 629 3061 862 3129; x_wconf 89' lang='lat' dir='ltr'>dicunt,</span> <span class='ocrx_word' id='word_1_276' title='bbox 917 3080 950 3121; x_wconf 90' lang='lat' dir='ltr'>a</span> <span class='ocrx_word' id='word_1_277' title='bbox 999 3061 1319 3146; x_wconf 75' lang='lat' dir='ltr'>Maximino</span> <span class='ocrx_word' id='word_1_278' title='bbox 1371 3061 1653 3121; x_wconf 89' lang='lat' dir='ltr'>inmissos</span> <span class='ocrx_word' id='word_1_279' title='bbox 1708 3061 1967 3130; x_wconf 79' lang='lat' dir='ltr'>tironeS,</span> <span class='ocrx_word' id='word_1_280' title='bbox 2022 3061 2123 3140; x_wconf 90' lang='lat' dir='ltr'>qui</span> <span class='ocrx_word' id='word_1_281' title='bbox 2167 3063 2223 3120; x_wconf 89' lang='lat' dir='ltr'>ei</span> <span class='ocrx_word' id='word_1_282' title='bbox 2265 3059 2339 3121; x_wconf 87' lang='lat' dir='ltr'>ad</span> 
     </span>
    </p>
   </div>
   <div class='ocr_carea' id='block_1_3' title="bbox 403 3227 2346 3553">
    <p class='ocr_par' dir='ltr' id='par_1_15' title="bbox 403 3227 2346 3362">
     <span class='ocr_line' id='line_1_35' title="bbox 510 3227 2340 3280; baseline -0.001 -1"><span class='ocrx_word' id='word_1_283' title='bbox 510 3232 536 3279; x_wconf 92' lang='lat'><strong>1</strong></span> <span class='ocrx_word' id='word_1_284' title='bbox 565 3228 789 3279; x_wconf 82' lang='lat' dir='ltr'>additus</span> <span class='ocrx_word' id='word_1_285' title='bbox 811 3227 937 3279; x_wconf 85' lang='lat' dir='ltr'>B¹P</span> <span class='ocrx_word' id='word_1_286' title='bbox 1091 3232 1122 3279; x_wconf 84' lang='lat'><strong>2</strong></span> <span class='ocrx_word' id='word_1_287' title='bbox 1147 3229 1235 3280; x_wconf 83' lang='lat' dir='ltr'>bis</span> <span class='ocrx_word' id='word_1_288' title='bbox 1257 3228 1362 3278; x_wconf 90' lang='lat' dir='ltr'>BP</span> <span class='ocrx_word' id='word_1_289' title='bbox 1516 3230 1549 3277; x_wconf 81' lang='lat'>4</span> <span class='ocrx_word' id='word_1_290' title='bbox 1571 3229 1833 3280; x_wconf 82' lang='lat' dir='ltr'>iuuenilis</span> <span class='ocrx_word' id='word_1_291' title='bbox 1856 3230 1925 3279; x_wconf 90' lang='lat' dir='ltr'><em>M</em></span> <span class='ocrx_word' id='word_1_292' title='bbox 2064 3230 2097 3280; x_wconf 87' lang='lat'>5</span> <span class='ocrx_word' id='word_1_293' title='bbox 2119 3229 2340 3279; x_wconf 86' lang='lat' dir='ltr'>nobiles</span> 
     </span>
     <span class='ocr_line' id='line_1_36' title="bbox 403 3294 2346 3362; baseline -0.001 -16"><span class='ocrx_word' id='word_1_294' title='bbox 403 3294 476 3346; x_wconf 88' lang='lat' dir='ltr'>B¹</span> <span class='ocrx_word' id='word_1_295' title='bbox 637 3299 666 3348; x_wconf 84' lang='lat'><strong>7</strong></span> <span class='ocrx_word' id='word_1_296' title='bbox 687 3305 809 3362; x_wconf 74' lang='lat' dir='ltr'>post</span> <span class='ocrx_word' id='word_1_297' title='bbox 833 3301 1020 3348; x_wconf 83' lang='lat' dir='ltr'>essent</span> <span class='ocrx_word' id='word_1_298' title='bbox 1043 3299 1166 3348; x_wconf 85' lang='lat' dir='ltr'>add.</span> <span class='ocrx_word' id='word_1_299' title='bbox 1192 3297 1297 3346; x_wconf 91' lang='lat' dir='ltr'>BP</span> <span class='ocrx_word' id='word_1_300' title='bbox 1314 3296 1620 3346; x_wconf 80' lang='lat' dir='ltr'>militarent</span> <span class='ocrx_word' id='word_1_301' title='bbox 1780 3300 1843 3348; x_wconf 82' lang='lat'>17</span> <span class='ocrx_word' id='word_1_302' title='bbox 1868 3313 1899 3347; x_wconf 88' lang='lat' dir='ltr'>c</span> <span class='ocrx_word' id='word_1_303' title='bbox 1926 3302 1983 3350; x_wconf 80' lang='lat' dir='ltr'>et</span> <span class='ocrx_word' id='word_1_304' title='bbox 2006 3313 2040 3348; x_wconf 75' lang='lat' dir='ltr'>L</span> <span class='ocrx_word' id='word_1_305' title='bbox 2076 3296 2253 3346; x_wconf 84' lang='lat' dir='ltr'>millia.</span> <span class='ocrx_word' id='word_1_306' title='bbox 2275 3297 2346 3346; x_wconf 91' lang='lat' dir='ltr'><em>M</em></span> 
     </span>
    </p>

    <p class='ocr_par' dir='ltr' id='par_1_16' title="bbox 404 3362 2337 3553">
     <span class='ocr_line' id='line_1_37' title="bbox 506 3362 2337 3430; baseline -0.001 -16"><span class='ocrx_word' id='word_1_307' title='bbox 506 3367 570 3414; x_wconf 82' lang='lat'>22</span> <span class='ocrx_word' id='word_1_308' title='bbox 594 3365 676 3430; x_wconf 86' lang='lat' dir='ltr'>igi</span> <span class='ocrx_word' id='word_1_309' title='bbox 700 3363 778 3414; x_wconf 75' lang='grc' dir='ltr'>Ρ1</span> <span class='ocrx_word' id='word_1_310' title='bbox 801 3381 937 3419; x_wconf 78' lang='lat' dir='ltr'>corr.</span> <span class='ocrx_word' id='word_1_311' title='bbox 964 3362 1041 3414; x_wconf 69' lang='grc' dir='ltr'>Ρ8</span> <span class='ocrx_word' id='word_1_312' title='bbox 1065 3381 1181 3418; x_wconf 77' lang='lat' dir='ltr'>ecce.</span> <span class='ocrx_word' id='word_1_313' title='bbox 1319 3367 1386 3416; x_wconf 84' lang='grc'>25</span> <span class='ocrx_word' id='word_1_314' title='bbox 1409 3364 1763 3428; x_wconf 82' lang='lat' dir='ltr'>retrogredae</span> <span class='ocrx_word' id='word_1_315' title='bbox 1788 3365 1855 3414; x_wconf 92' lang='lat' dir='ltr'><em>M</em></span> <span class='ocrx_word' id='word_1_316' title='bbox 1984 3367 2049 3414; x_wconf 83' lang='lat'>29</span> <span class='ocrx_word' id='word_1_317' title='bbox 2075 3362 2183 3429; x_wconf 84' lang='lat' dir='ltr'>est]</span> <span class='ocrx_word' id='word_1_318' title='bbox 2212 3378 2337 3415; x_wconf 82' lang='lat' dir='ltr'>esse</span> 
     </span>
     <span class='ocr_line' id='line_1_38' title="bbox 404 3430 2336 3497; baseline 0.001 -17"><span class='ocrx_word' id='word_1_319' title='bbox 404 3431 532 3480; x_wconf 84' lang='lat' dir='ltr'>BP¹</span> <span class='ocrx_word' id='word_1_320' title='bbox 670 3435 732 3484; x_wconf 89' lang='lat'>31</span> <span class='ocrx_word' id='word_1_321' title='bbox 758 3433 818 3482; x_wconf 89' lang='lat' dir='ltr'>hi</span> <span class='ocrx_word' id='word_1_322' title='bbox 839 3433 1011 3483; x_wconf 88' lang='lat' dir='ltr'>BBM</span> <span class='ocrx_word' id='word_1_323' title='bbox 1027 3435 1048 3482; x_wconf 89' lang='lat' dir='ltr'>i</span> <span class='ocrx_word' id='word_1_324' title='bbox 1070 3434 1259 3497; x_wconf 70' lang='lat' dir='ltr'>scripsi</span> <span class='ocrx_word' id='word_1_325' title='bbox 1373 3433 1614 3497; x_wconf 86' lang='lat' dir='ltr'>praemis</span> <span class='ocrx_word' id='word_1_326' title='bbox 1635 3430 1707 3480; x_wconf 87' lang='lat' dir='ltr'>B¹</span> <span class='ocrx_word' id='word_1_327' title='bbox 1824 3434 2181 3482; x_wconf 84' lang='lat' dir='ltr'>etflotuerunt</span> <span class='ocrx_word' id='word_1_328' title='bbox 2204 3431 2336 3482; x_wconf 86' lang='lat' dir='ltr'>BP¹</span> 
     </span>
     <span class='ocr_line' id='line_1_39' title="bbox 405 3499 1950 3553; baseline 0.002 -3"><span class='ocrx_word' id='word_1_329' title='bbox 405 3501 774 3551; x_wconf 83' lang='lat' dir='ltr'>exfloruerunt</span> <span class='ocrx_word' id='word_1_330' title='bbox 799 3517 913 3552; x_wconf 79' lang='lat' dir='ltr'>eoee.</span> <span class='ocrx_word' id='word_1_331' title='bbox 943 3500 1299 3550; x_wconf 82' lang='lat' dir='ltr'>effloruerant</span> <span class='ocrx_word' id='word_1_332' title='bbox 1323 3499 1387 3550; x_wconf 92' lang='lat' dir='ltr'><em>M</em></span> <span class='ocrx_word' id='word_1_333' title='bbox 1410 3499 1775 3550; x_wconf 85' lang='lat' dir='ltr'>ecfloruerunt</span> <span class='ocrx_word' id='word_1_334' title='bbox 1802 3501 1950 3553; x_wconf 81' lang='lat' dir='ltr'>Iord.</span> 
     </span>
    </p>
   </div>
  </div>
 </body>
</html>
