2517 3884
727 207 1100 264 ANTONINVS
1142 207 1304 264 Plvs.
1366 207 1421 263 C.
1454 210 1625 264 6—8.
2061 203 2147 268 39

216 376 413 445 uetuit,
441 373 566 436 filio
600 375 729 435 eius
761 373 834 434 ad
867 375 1066 436 omnia
1097 391 1337 454 semper
1359 374 1580 436 adiuto.
1628 377 1789 455 perit
1816 376 2140 438 etPriscia-
2177 394 2213 443 4

216 479 324 522 nus
354 478 500 521 reus
531 459 861 520 adfectatae
891 459 1254 538 tyrannidis,
1303 461 1409 522 sed
1440 461 1633 522 morte
1665 460 2017 522 uoluntaria.
2066 461 2141 523 de

215 562 322 623 qua
353 543 767 606 coniuratione
800 546 1008 622 quaeri
1039 547 1248 605 uetuit.

317 631 522 690 Victus
536 630 820 691 Antonini
832 630 920 690 Pii
931 629 1065 690 talis
1083 630 1196 690 fuit
1211 637 1279 690 ut
1302 637 1462 691 esset
1474 629 1775 710 opulentia
1789 632 1919 691 sine
1930 649 2137 710 repre·
2178 648 2211 698 5

167 733 190 774 5
215 715 518 784 honsione,
536 715 900 794 parsimonia
925 716 1053 775 sine
1078 714 1374 784 sordibus,
1394 723 1669 778 etmensa
1702 718 1829 778 eius
1860 733 1971 794 per
2000 734 2139 795 pro-

213 802 370 879 prios
383 818 621 870 seruoS‚
647 817 758 878 per
783 801 1060 879 proprios
1091 818 1357 880 aucupes
1381 801 1711 879 piscatores
1736 819 1805 862 ac
1818 808 2139 862 uenatores

209 888 628 954 instrueretur,
643 883 941 954 balneum,
957 901 1074 962 quo
1093 903 1236 946 usus
1266 885 1493 955 fuisset,
1516 887 1644 947 sine
1658 886 1935 947 mercede
1949 904 2139 965 popu·
2178 903 2210 952 6

210 970 262 1031 lo
294 961 690 1030 exhihuitnec
719 971 961 1031 omnino
977 971 1293 1048 quicquam
1312 970 1558 1032 deuitae
1572 973 1842 1050 priuatae
1858 971 2142 1048 qualitate

209 1057 474 1116 mutauit.
526 1054 736 1116 salaria
761 1053 963 1116 multis
995 1054 1307 1126 subtraxit,
1342 1073 1491 1133 quos
1522 1058 1745 1117 otiosos
1770 1055 2013 1117 uidebat
2043 1075 2138 1117 ac·
2178 1074 2208 1122 7

144 1159 186 1199 ιο
212 1143 428 1220 cipere,
464 1139 670 1201 dicens
700 1139 847 1200 nihil
879 1157 1014 1200 esse
1043 1139 1361 1210 sordidiuS,
1396 1141 1579 1201 immo
1610 1140 1929 1210 crudelius,
1964 1158 2138 1218 quam

207 1227 257 1286 si
284 1243 416 1287 rem
435 1243 498 1304 p.
531 1227 586 1286 is
618 1223 938 1286 adroderet
968 1227 1070 1302 qui
1097 1223 1246 1286 nihil
1269 1226 1331 1285 in
1362 1243 1492 1286 eam
1526 1243 1633 1286 suo
1665 1224 1870 1287 labore
1902 1227 2137 1286 confer⁴

207 1318 314 1372 ret.
349 1309 509 1370 unde
541 1311 718 1371 etiam
743 1309 1070 1370 Mesomedi
1101 1309 1289 1389 lyrico
1312 1309 1598 1372 salarium
1626 1311 1919 1371 inminuit.
1954 1311 2135 1372 ratio·
2174 1327 2206 1376 8

207 1415 312 1457 nes
343 1396 612 1455 omnium
641 1396 1091 1474 prouinciarum
1122 1395 1395 1474 adprime
1424 1396 1598 1457 sciuit
1629 1403 1689 1456 et
1732 1395 2135 1473 uectigalium.

205 1481 631 1560 patrimonium
661 1481 1052 1558 priuatumin
1081 1479 1263 1542 filiam
1294 1479 1572 1551 contulit,
1621 1480 1729 1542 sed
1757 1481 1991 1542 fructus
2050 1481 2140 1541 rei
2176 1499 2207 1546 9

137 1583 180 1622 ιι»
205 1564 480 1645 publicae
507 1564 767 1626 donauit.
803 1565 1035 1644 species
1063 1566 1483 1644 imperatorias
1513 1565 1845 1645 superfluas
1878 1573 1939 1626 et
1966 1583 2138 1644 prae·
2178 1582 2245 1631 10

203 1651 294 1712 dia
326 1649 600 1712 uendidit
630 1656 691 1709 et
717 1651 780 1710 in
812 1650 936 1711 suis
966 1651 1228 1729 propriis
1280 1649 1479 1711 fundis
1528 1653 1678 1712 uixit
1721 1651 1887 1712 uarie
1928 1669 1997 1710 ac
2027 1669 2138 1730 pro

201 1733 596 1816 temporibus,
657 1751 798 1798 nec·
828 1733 984 1795 ullas
1029 1735 1439 1815 expeditiones
1483 1734 1656 1805 obiit,
1719 1737 1832 1796 nisi
1877 1734 2034 1812 quod
2064 1734 2137 1796 ad
2176 1751 2239 1800 11

200 1839 378 1900 agros
411 1837 552 1880 suos
585 1819 889 1898 profectus
933 1827 991 1880 et
1033 1819 1107 1880 ad
1149 1819 1561 1899 Campaniam,
1608 1820 1845 1890 dicens,
1890 1837 2135 1898 grauem

202 1923 334 1967 esse
395 1903 872 1985 prouincialibus
931 1906 1274 1966 comitatum
1334 1907 1655 1985 principis,
1724 1907 1901 1966 etiam
1960 1905 2155 1966 nimis·

129 2007 176 2047 ιο
201 1991 385 2070 parci.
448 1997 510 2050 et
548 1996 746 2050 tamen
789 1991 1014 2068 ingenti
1073 1992 1421 2050 auctoritate
1466 1990 1623 2069 apud
1666 2007 1874 2050 omnes
1921 1996 2131 2068 gentes
2171 2005 2236 2054 12

199 2077 330 2145 suit,
365 2093 504 2136 cum
533 2074 593 2134 in
633 2075 786 2135 urbe
815 2081 1134 2154 propterea
1178 2075 1418 2136 sederet
1458 2083 1525 2137 ut
1566 2074 1829 2152 undique
1871 2075 2134 2143 nuntios,

203 2160 443 2222 medius
471 2166 698 2238 utpote,
732 2161 906 2220 citius
933 2167 1139 2239 posset
1167 2162 1459 2239 accipere.

372 2245 753 2322 Congiarium
794 2243 1014 2324 populo
1057 2244 1250 2314 dedit,
1316 2241 1601 2304 militibus
1642 2242 1986 2304 donatiuum
2032 2243 2135 2303 ad-
2168 2243 2208 2308 8

199 2329 368 2391 didit.
413 2328 642 2409 puellas
675 2328 1078 2391 alimentarias
1119 2330 1180 2390 in
1221 2329 1513 2390 honorem
1545 2329 1863 2390 Faustinae
1904 2328 2134 2390 Fausti-

125 2417 414 2476 25nianas
455 2415 782 2475 constituit.
831 2413 1030 2494 Opera
1073 2416 1202 2475 eins
1244 2414 1392 2476 haec
1436 2420 1667 2478 extant:
1712 2413 1937 2474 Romae
1983 2420 2130 2473 tem·
2171 2429 2204 2478 2

199 2499 367 2579 plum
384 2498 686 2568 Hadriani,
719 2495 936 2560 honori
965 2501 1152 2579 patris
1183 2498 1463 2568 dicatum,
1482 2497 1968 2560 Graecostadium
1998 2505 2136 2577 post

196 2583 545 2645 incendium
585 2585 961 2654 restitutum,
1021 2585 1417 2646 instauratum
1458 2583 1980 2664 amphitheatrum,
2042 2600 2135 2643 se-

199 2668 522 2748 pulchrum
550 2667 864 2738 Hadriani,
926 2668 1217 2749 templum
1258 2670 1584 2748 Agrippae,
1631 2687 1785 2748 pons
1826 2666 2133 2736 subliciuS,

199 2755 339 2814 Fari
397 2754 729 2823 restitutio,
801 2753 1038 2818 Caietae
1107 2760 1351 2832 portus,
1413 2754 1866 2815 Terracinensis
1925 2740 2135 2830 portus
2169 2767 2203 2816 3

123 2851 174 2891 ³0
200 2839 532 2907 restitutio,
593 2836 893 2900 lauacrum
955 2837 1260 2908 Ostiense,
1309 2839 1610 2900 Antiatum
1654 2854 1842 2915 aquae
1896 2835 2134 2905 ductuS,

195 2921 420 3002 templa
480 2884 842 2985 Lanuuiana.
918 2922 1132 2984 multas
1193 2925 1371 2984 etiam
1432 2923 1704 2984 ciuitates
1762 2920 1989 2983 adiuuit
2028 2939 2133 3001 pe·
2171 2936 2207 2985 4

302 3144 338 3193 4
361 3142 557 3193 antoni
579 3140 631 3190 B
769 3143 800 3192 6
835 3157 935 3208 per
958 3145 1010 3192 in
1034 3142 1085 3191 B
1107 3159 1222 3207 sup.
1247 3145 1333 3194 lin.
1358 3159 1451 3196 om.
1476 3141 1590 3192 PM
1724 3141 1935 3206 prorios
1959 3139 2033 3192 P¹

200 3225 270 3259 ac
295 3212 347 3259 in
371 3207 423 3259 B
445 3225 560 3273 sup.
589 3212 674 3262 lin.
823 3216 880 3261 et
905 3215 1092 3261 uenat.
1120 3211 1180 3260 M
1334 3213 1365 3262 7
1393 3211 1511 3260 sine
1537 3212 1589 3260 in
1614 3211 1664 3260 P
1682 3226 1795 3274 sup.
1822 3212 1911 3260 lin.
2074 3210 2134 3260 11

199 3276 486 3328 adrideret
510 3275 578 3326 1⁷¹
742 3280 803 3329 17
841 3279 914 3328 ad
937 3295 1030 3330 om.
1056 3278 1108 3329 B
1271 3279 1334 3329 18
1370 3278 1657 3344 profectus
1693 3292 1813 3328 esse
1848 3279 1901 3328 in
1924 3279 1975 3328 P
1993 3276 2141 3340 infra

200 3403 436 3447 contem-t.
601 3399 658 3445 et
681 3395 754 3446 ad
777 3395 967 3462 Camp.
993 3395 1045 3447 B
1204 3399 1271 3446 22
1295 3401 1357 3446 ut
1381 3399 1433 3447 in
1457 3396 1509 3446 B
1532 3413 1648 3461 sup.
1675 3397 1760 3447 lin.
1922 3397 1990 3446 25
2014 3353 2142 3444 {zat

201 3461 281 3578 Bt·
389 3462 789 3580 28Bsupplicius
812 3463 932 3515 BP⁸
973 3463 1279 3529 subplicius
1305 3463 1375 3514 P²
1510 3467 1576 3515 29
1604 3463 1821 3514 caiaete
1848 3463 1952 3513 BP
2074 3463 2141 3510 30

202 3545 235 3578 ο
265 3545 420 3581 1ense
