2517 3884
747 184 1050 241 GALLlENl
1091 184 1238 243 DVO.
1326 184 1383 244 C.
1430 188 1669 243 18-21,
2089 180 2179 246 89

229 350 399 411 mine
430 349 774 421 includere,
819 350 1044 412 idcirco
1091 350 1246 431 quod
1291 368 1403 412 nec
1433 349 1619 411 multa
1661 349 1735 411 de
1764 350 1858 412 his
1889 350 2005 413 dici
2035 370 2171 431 pos·

231 442 398 504 sunt,
434 441 494 495 et
521 438 585 495 in
618 435 872 502 Gallieni
900 438 1024 499 uita
1054 436 1344 515 pleraque
1374 438 1492 498 iam
1522 436 1677 497 dicta
1709 443 1864 497 sunt.

368 520 444 581 Et
467 519 623 582 ⁴haec
655 520 894 600 quidem
927 521 1001 583 de
1033 521 1303 582 Gallieno
1334 520 1447 581 hoc
1489 522 1732 583 interim
1764 520 1918 583 libro
1952 521 2170 583 dixisse
2207 541 2244 590 ’τ

229 605 512 666 sufficiet.
568 624 710 667 nam
755 613 814 667 et
842 606 1026 667 multa
1057 608 1175 668 iam
1215 609 1277 667 in
1320 606 1615 668 Valeriani
1661 608 1781 667 uita
1823 608 1988 667 dicta
2015 615 2168 677 sunt,

175 705 205 747 5
237 692 370 751 alia
400 692 462 751 in
494 689 648 753 libro
681 692 783 771 qui
815 690 890 751 de
921 692 1163 769 triginta
1191 694 1459 772 tyrannis
1486 691 1904 754 inscribendus
1937 698 2027 753 est
2055 694 2171 753 iam

231 774 576 855 loquemur,
611 794 760 855 quae
789 778 998 838 iterari
1029 794 1097 837 ac
1139 778 1378 856 saepius
1420 776 1539 837 dici
1580 778 1779 842 minus
1821 776 1970 839 utile.
2002 778 2171 837 uide-

229 860 436 922 batur.
514 859 632 922 huc
674 861 903 923 accedit
945 861 1104 939 quod
1149 861 1440 939 quaedam
1486 864 1663 923 etiam
1704 862 1968 925 studiose
1999 881 2170 942 prae·
2208 880 2242 931 8

233 946 488 1016 termisi,
533 964 609 1005 ne
642 948 767 1006 eius
794 948 1025 1025 posteri
1068 946 1270 1007 multis
1327 946 1510 1007 rebus
1554 947 1727 1009 editis
1768 946 2167 1009 laederentur.

233 1033 358 1093 scis
391 1031 552 1091 enim
581 1032 712 1109 ipse
745 1030 890 1092 tales
919 1030 1194 1093 homines
1225 1050 1358 1093 cum
1388 1034 1441 1102 is
1470 1034 1574 1110 qui
1603 1031 1796 1110 aliqua
1828 1032 1902 1093 de
1932 1034 2169 1095 maiori·
2189 1028 2275 1095 20
2294 1026 2383 1113 (2)

151 1132 207 1173 ιο
235 1115 358 1177 bus
423 1133 632 1175 eorum
694 1118 1052 1195 scripserint
1113 1124 1399 1194 quantum
1461 1124 1673 1194 gerant
1734 1116 1989 1187 bellum,
2060 1136 2172 1179 nec

235 1202 446 1279 ignota
481 1218 612 1261 esse
645 1200 907 1262 arbitror
939 1219 1088 1279 quae
1120 1201 1269 1261 dixit
1298 1201 1531 1262 Marcus
1562 1200 1792 1263 Tullius
1820 1204 1885 1263 in
1914 1202 2171 1263 Horten-

231 1288 352 1355 sio,
385 1302 566 1365 quem
597 1284 670 1358 ad
703 1285 1039 1365 exemplum
1054 1285 1413 1365 Protreptici
1444 1288 1700 1365 scripsit.
1735 1306 1923 1347 unum
1952 1306 2167 1369 ponam
2208 1297 2241 1346 2

229 1379 460 1440 tamen,
495 1369 656 1450 quod
684 1370 1110 1432 iucunditatem
1142 1370 1434 1448 quandam
1466 1372 1570 1432 sed
1603 1370 2169 1449 uulgaremahabuin

231 1473 474 1519 morem
518 1463 716 1516 tamen
775 1474 998 1517 nouum
1046 1457 1204 1517 fecit.
1282 1474 1419 1530 nam
1474 1474 1609 1517 cum
1640 1457 1877 1535 cingula
1909 1473 2015 1519 sua
2044 1456 2170 1536 ple·
2207 1468 2245 1515 3

149 1557 207 1598 15
235 1542 416 1621 rique
459 1539 838 1601 militantium
882 1543 984 1620 qui
1027 1540 1099 1601 ad
1153 1542 1497 1601 conuiuium
1542 1548 1837 1603 uenerant
1875 1550 2175 1621 ponerent

233 1624 388 1693 hora
421 1626 714 1694 conuiuii,
750 1625 1068 1687 Saloninus
1107 1644 1262 1705 puer
1306 1628 1432 1687 siue
1465 1625 1768 1687 Gallienus
1807 1626 1907 1687 his*
1930 1634 2172 1689 auratos

231 1708 618 1789 bullatosque
659 1709 887 1771 balteos
917 1711 1190 1789 rapuisse
1231 1710 1616 1790 perhibetur,
1682 1719 1769 1781 et,
1834 1730 1967 1774 cum
2012 1720 2176 1773 esset

231 1794 480 1857 difficile
533 1796 594 1855 in
647 1792 781 1855 aula
828 1795 1090 1856 Palatina
1160 1798 1475 1873 requirere
1546 1796 1701 1875 quod
1756 1798 2040 1875 perisset,
2104 1816 2173 1857 ac

229 1882 404 1941 taciti
446 1898 516 1941 ex
559 1878 842 1941 militibus
897 1882 1016 1940 uiri
1069 1879 1427 1941 detrimenta
1460 1880 1903 1959 pertulissent,
1963 1889 2169 1960 postea

143 1982 203 2023 20
233 1966 434 2043 rogati
467 1964 537 2025 ad
571 1966 909 2025 conuiuium
952 1967 1130 2025 cincti
1173 1964 1606 2027 adcuhuerunt.
1686 1984 1941 2044 cumque
1972 1964 2046 2026 ab
2076 1965 2170 2025 his
2205 1974 2247 2023 4

229 2057 664 2129 quaereretur,
728 2068 834 2110 eur
875 2068 996 2110 non
1037 2049 1349 2111 soluerent
1391 2048 1729 2127 cingulum,
1790 2050 2172 2129 respondisse

229 2135 552 2195 dicuntur:
598 2134 923 2204 „Salonino
956 2135 1342 2203 deferimus“‚
1374 2143 1553 2210 atque
1584 2134 1725 2195 hinc
1754 2142 2008 2195 tractum
2041 2154 2167 2203 mo-

227 2238 399 2289 rem,
462 2226 530 2279 ut
565 2219 846 2299 deinceps
893 2238 1030 2281 cum
1075 2221 1440 2299 imperatore
1483 2220 1661 2280 cincti
1703 2219 2184 2281 discumberent.'

229 2310 462 2383 negare
513 2321 634 2365 non
684 2322 961 2383 possum,
1025 2304 1262 2365 aliunde
1292 2302 1601 2382 plerisque
1640 2304 1837 2365 uideri
1876 2304 2053 2366 huius
2082 2307 2171 2366 rei
2208 2316 2245 2365 5

139 2408 200 2449 25
231 2397 438 2451 ortum
493 2406 626 2449 esse
677 2408 939 2450 morem:
1020 2389 1250 2458 dicunt,
1313 2388 1569 2450 militare
1600 2389 1959 2467 prandium,
2012 2389 2171 2469 quod

225 2474 462 2537 dictum
498 2481 588 2534 est
615 2474 966 2553 parandium
1014 2474 1086 2535 ab
1120 2492 1190 2535 eo
1223 2473 1383 2551 quod
1430 2474 1502 2535 ad
1546 2474 1773 2536 bellum
1816 2474 2034 2535 milites
2064 2492 2169 2554 pa*-

223 2568 362 2629 ret,
407 2578 442 2620 a
491 2554 700 2641 cinctis
739 2560 984 2627 initum;
1033 2561 1131 2621 cui
1182 2560 1275 2619 rei
1320 2567 1741 2637 argumentum
1794 2568 1885 2622 est
1939 2560 2094 2639 quod
2138 2580 2172 2620 a

227 2645 546 2705 discinctis
581 2645 754 2705 etiam
788 2662 922 2725 eum
959 2646 1327 2723 imperatore
1372 2652 1673 2705 caenatur.
1752 2664 1901 2723 quae
1944 2644 2169 2705 idcirco

225 2730 430 2811 posui,
468 2730 604 2805 quia
637 2728 814 2807 digna
846 2736 903 2790 et
932 2737 1268 2789 memoratu
1300 2726 1656 2790 uidebantur
1690 2735 1749 2789 et
1778 2732 2037 2806 cognitu.

131 2836 194 2875 ao
360 2814 534 2876 Nunc
563 2819 938 2875 transeamus
967 2813 1038 2875 ad
1070 2815 1313 2891 triginta
1352 2821 1667 2893 tyrannoS,
1706 2811 1985 2894 [Gallieni
2014 2819 2162 2872 tem·
2183 2809 2265 2873 21
2294 2806 2381 2891 (3)

369 3036 395 3083 1
422 3031 676 3083 inludere
700 3030 774 3083 B¹
815 3090 820 3097 ‚
932 3032 1120 3084 idcrco
1144 3032 1223 3083 P¹
1384 3034 1420 3083 4
1443 3032 1631 3083 sufflet
1654 3029 1805 3082 B¹P¹
1841 3029 2085 3081 sufficiat
2110 3033 2177 3081 M

369 3101 521 3153 dicta
549 3106 704 3162 sunt,
743 3100 854 3151 alia
888 3102 1070 3151 addidi
1226 3103 1258 3152 5
1291 3101 1350 3151 in
1372 3102 1471 3151 bro
1496 3098 1568 3150 B¹
1730 3107 1763 3155 9
1794 3098 1986 3165 quales
2010 3099 2177 3149 BPM

219 3187 322 3223 em.
353 3170 396 3219 G
537 3169 624 3219 his
647 3168 816 3219 BPM
955 3170 1020 3219 10
1045 3168 1343 3235 scipserint
1367 3168 1447 3217 B¹
1598 3171 1660 3218 12
1685 3172 1877 3227 tamen,
1898 3183 2095 3233 ponam
2119 3168 2174 3215 B

371 3239 433 3287 17
471 3235 871 3302 costilatosque
906 3234 1124 3301 BP(M)
1169 3234 1606 3303 [costolatosque
1631 3238 1682 3286 P
1710 3243 1748 3287 t.
1772 3234 1943 3301 [ord]
1992 3235 2172 3285 bulla-

215 3312 428 3370 tosque
451 3308 642 3370 sev-ipsi
777 3307 842 3355 19
865 3305 1058 3355 tacitis
1081 3304 1249 3355 BPM
1266 3305 1431 3355 taciti
1455 3320 1523 3355 ex
1548 3305 1589 3355 S
1689 3307 1755 3355 20
1782 3304 1969 3354 cuncti
1992 3302 2063 3352 P¹

213 3377 290 3425 22
319 3388 468 3423 more
491 3371 622 3423 BP¹
735 3374 801 3424 23
829 3374 1148 3423 cumberent
1171 3373 1222 3422 P
1242 3380 1278 3424 t.
1304 3373 1455 3423 lor-cl.
1566 3374 1634 3422 24
1658 3372 1825 3423 alium
1850 3388 1879 3421 e
1905 3371 2073 3422 BPM

211 3444 295 3494 25
321 3445 514 3506 optum
535 3438 610 3489 B¹
758 3440 950 3491 dieunt
985 3441 1128 3491 enim
1155 3441 1221 3489 M
1362 3442 1426 3491 27
1452 3439 1662 3490 addise.
1689 3439 1761 3489 B¹
1899 3442 1965 3489 28
1998 3439 2171 3501 impe-

211 3514 383 3561 rator
405 3505 534 3559 BP1
565 3506 724 3571 (corr.
753 3508 850 3575 P3)
893 3541 897 3552 ·
989 3512 1056 3561 29
1083 3512 1289 3574 cogntu
1311 3506 1387 3557 P¹
1511 3511 1577 3558 30
1599 3508 1805 3573 uiginti
1827 3506 1929 3555 BP
2038 3505 2173 3555 Gal-
