<?xml version="1.0" encoding="UTF-8"?>
<!DOCTYPE html PUBLIC "-//W3C//DTD XHTML 1.0 Transitional//EN"
    "http://www.w3.org/TR/xhtml1/DTD/xhtml1-transitional.dtd">
<html xmlns="http://www.w3.org/1999/xhtml" xml:lang="en" lang="en">
 <head>
  <title>
</title>
<meta http-equiv="Content-Type" content="text/html;charset=utf-8" />
  <meta name='ocr-system' content='tesseract 3.04.00' />
  <meta name='ocr-capabilities' content='ocr_page ocr_carea ocr_par ocr_line ocrx_word'/>
</head>
<body>
  <div class='ocr_page' id='page_1' title='image "./scriptoreshisto02petegoog_0401.png"; bbox 0 0 2517 3884; ppageno 0'>
   <div class='ocr_carea' id='block_1_1' title="bbox 315 202 1645 268">
    <p class='ocr_par' dir='ltr' id='par_1_1' title="bbox 315 202 1645 268">
     <span class='ocr_line' id='line_1_1' title="bbox 315 202 1645 268; baseline -0.006 0"><span class='ocrx_word' id='word_1_1' title='bbox 315 202 398 268; x_wconf 89' lang='grc'><strong>86</strong></span> <span class='ocrx_word' id='word_1_2' title='bbox 921 204 1259 265; x_wconf 86' lang='lat' dir='ltr'>TREBELLII</span> <span class='ocrx_word' id='word_1_3' title='bbox 1302 204 1645 263; x_wconf 86' lang='lat' dir='ltr'><strong>POLLIONIS</strong></span> 
     </span>
    </p>
   </div>
   <div class='ocr_carea' id='block_1_2' title="bbox 216 370 2345 1815">
    <p class='ocr_par' dir='ltr' id='par_1_2' title="bbox 315 370 2255 449">
     <span class='ocr_line' id='line_1_2' title="bbox 315 370 2255 449; baseline -0.002 -12"><span class='ocrx_word' id='word_1_4' title='bbox 315 383 494 445; x_wconf 89' lang='lat' dir='ltr'><strong>stum,</strong></span> <span class='ocrx_word' id='word_1_5' title='bbox 527 372 700 435; x_wconf 90' lang='lat' dir='ltr'><strong>multi</strong></span> <span class='ocrx_word' id='word_1_6' title='bbox 730 373 1064 442; x_wconf 86' lang='lat' dir='ltr'><strong>Caesarem,</strong></span> <span class='ocrx_word' id='word_1_7' title='bbox 1099 370 1273 435; x_wconf 88' lang='lat' dir='ltr'><strong>multi</strong></span> <span class='ocrx_word' id='word_1_8' title='bbox 1299 380 1581 434; x_wconf 85' lang='lat' dir='ltr'><strong>neutrum</strong></span> <span class='ocrx_word' id='word_1_9' title='bbox 1610 372 1797 433; x_wconf 81' lang='lat' dir='ltr'><strong>fuisse</strong></span> <span class='ocrx_word' id='word_1_10' title='bbox 1829 371 2051 433; x_wconf 83' lang='lat' dir='ltr'><strong>dicunt.</strong></span> <span class='ocrx_word' id='word_1_11' title='bbox 2090 372 2255 449; x_wconf 84' lang='lat' dir='ltr'><strong>quod</strong></span> 
     </span>
    </p>

    <p class='ocr_par' dir='ltr' id='par_1_3' title="bbox 216 456 2259 713">
     <span class='ocr_line' id='line_1_3' title="bbox 216 456 2259 538; baseline -0.001 -17"><span class='ocrx_word' id='word_1_12' title='bbox 216 471 280 522; x_wconf 87' lang='lat'><strong>10</strong></span> <span class='ocrx_word' id='word_1_13' title='bbox 315 459 666 523; x_wconf 86' lang='lat' dir='ltr'><strong>uerisimile</strong></span> <span class='ocrx_word' id='word_1_14' title='bbox 691 478 812 520; x_wconf 89' lang='lat' dir='ltr'><strong>non</strong></span> <span class='ocrx_word' id='word_1_15' title='bbox 839 467 946 528; x_wconf 84' lang='lat' dir='ltr'><strong>est,</strong></span> <span class='ocrx_word' id='word_1_16' title='bbox 963 460 1011 519; x_wconf 89' lang='lat' dir='ltr'><strong>si</strong></span> <span class='ocrx_word' id='word_1_17' title='bbox 1035 457 1272 538; x_wconf 88' lang='lat' dir='ltr'><strong>quidem</strong></span> <span class='ocrx_word' id='word_1_18' title='bbox 1302 466 1479 538; x_wconf 91' lang='lat' dir='ltr'><strong>capto</strong></span> <span class='ocrx_word' id='word_1_19' title='bbox 1492 458 1610 518; x_wconf 90' lang='lat' dir='ltr'><strong>iam</strong></span> <span class='ocrx_word' id='word_1_20' title='bbox 1628 456 1937 519; x_wconf 85' lang='lat' dir='ltr'><strong>Valeriano</strong></span> <span class='ocrx_word' id='word_1_21' title='bbox 1964 457 2259 537; x_wconf 82' lang='lat' dir='ltr'><strong>scriptum</strong></span> 
     </span>
     <span class='ocr_line' id='line_1_4' title="bbox 314 541 2259 622; baseline -0.002 -16"><span class='ocrx_word' id='word_1_22' title='bbox 314 547 656 607; x_wconf 88' lang='lat' dir='ltr'><strong>inuenimus</strong></span> <span class='ocrx_word' id='word_1_23' title='bbox 685 546 747 606; x_wconf 92' lang='lat' dir='ltr'><strong>in</strong></span> <span class='ocrx_word' id='word_1_24' title='bbox 769 545 970 605; x_wconf 78' lang='lat' dir='ltr'><strong>fastis:</strong></span> <span class='ocrx_word' id='word_1_25' title='bbox 1003 542 1363 613; x_wconf 89' lang='lat' dir='ltr'><strong>„Valeriano</strong></span> <span class='ocrx_word' id='word_1_26' title='bbox 1382 546 1746 622; x_wconf 77' lang='lat' dir='ltr'><strong>imperatore</strong></span> <span class='ocrx_word' id='word_1_27' title='bbox 1770 541 2081 605; x_wconf 83' lang='lat' dir='ltr'><strong>consule“.</strong></span> <span class='ocrx_word' id='word_1_28' title='bbox 2116 544 2259 621; x_wconf 89' lang='lat' dir='ltr'><strong>quis</strong></span> 
     </span>
     <span class='ocr_line' id='line_1_5' title="bbox 314 626 2258 713; baseline -0.003 -20"><span class='ocrx_word' id='word_1_29' title='bbox 314 633 497 713; x_wconf 82' lang='lat' dir='ltr'><strong>igitur</strong></span> <span class='ocrx_word' id='word_1_30' title='bbox 549 630 702 692; x_wconf 81' lang='lat' dir='ltr'><strong>alius</strong></span> <span class='ocrx_word' id='word_1_31' title='bbox 753 630 953 709; x_wconf 91' lang='lat' dir='ltr'><strong>potuit</strong></span> <span class='ocrx_word' id='word_1_32' title='bbox 991 646 1124 689; x_wconf 89' lang='lat' dir='ltr'><strong>esse</strong></span> <span class='ocrx_word' id='word_1_33' title='bbox 1181 628 1531 689; x_wconf 76' lang='lat' dir='ltr'>Valerianus</span> <span class='ocrx_word' id='word_1_34' title='bbox 1583 629 1697 689; x_wconf 92' lang='lat' dir='ltr'><strong>nisi</strong></span> <span class='ocrx_word' id='word_1_35' title='bbox 1739 626 1989 689; x_wconf 72' lang='lat' dir='ltr'>Gallieni</span> <span class='ocrx_word' id='word_1_36' title='bbox 2031 628 2258 689; x_wconf 72' lang='lat' dir='ltr'><strong>frater?</strong></span> 
     </span>
    </p>

    <p class='ocr_par' dir='ltr' id='par_1_4' title="bbox 217 712 2345 880">
     <span class='ocr_line' id='line_1_6' title="bbox 217 712 2345 792; baseline -0.001 -16"><span class='ocrx_word' id='word_1_37' title='bbox 217 728 278 777; x_wconf 89' lang='lat'><strong>11</strong></span> <span class='ocrx_word' id='word_1_38' title='bbox 317 722 546 778; x_wconf 88' lang='lat' dir='ltr'><strong>constat</strong></span> <span class='ocrx_word' id='word_1_39' title='bbox 576 715 650 776; x_wconf 91' lang='lat' dir='ltr'><strong>de</strong></span> <span class='ocrx_word' id='word_1_40' title='bbox 680 731 934 792; x_wconf 82' lang='lat' dir='ltr'><strong>genere,</strong></span> <span class='ocrx_word' id='word_1_41' title='bbox 989 732 1109 774; x_wconf 88' lang='lat' dir='ltr'><strong>non</strong></span> <span class='ocrx_word' id='word_1_42' title='bbox 1150 714 1295 775; x_wconf 82' lang='lat' dir='ltr'><strong>satis</strong></span> <span class='ocrx_word' id='word_1_43' title='bbox 1334 720 1536 775; x_wconf 86' lang='lat' dir='ltr'><strong>tamen</strong></span> <span class='ocrx_word' id='word_1_44' title='bbox 1578 721 1811 775; x_wconf 85' lang='lat' dir='ltr'><strong>constat</strong></span> <span class='ocrx_word' id='word_1_45' title='bbox 1844 712 1926 773; x_wconf 85' lang='lat' dir='ltr'><strong>de</strong></span> <span class='ocrx_word' id='word_1_46' title='bbox 1968 713 2257 791; x_wconf 76' lang='lat' dir='ltr'><strong>dignitate</strong></span> <span class='ocrx_word' id='word_1_47' title='bbox 2316 726 2345 767; x_wconf 86' lang='lat'>5</span> 
     </span>
     <span class='ocr_line' id='line_1_7' title="bbox 316 791 1701 880; baseline -0.003 -17"><span class='ocrx_word' id='word_1_48' title='bbox 316 791 528 870; x_wconf 54' lang='lat' dir='ltr'><strong>uelstlt</strong></span> <span class='ocrx_word' id='word_1_49' title='bbox 557 806 890 880; x_wconf 86' lang='lat' dir='ltr'><strong>coeperunt</strong></span> <span class='ocrx_word' id='word_1_50' title='bbox 919 798 1018 859; x_wconf 88' lang='lat' dir='ltr'><strong>alii</strong></span> <span class='ocrx_word' id='word_1_51' title='bbox 1049 799 1232 876; x_wconf 90' lang='lat' dir='ltr'><strong>loqui,</strong></span> <span class='ocrx_word' id='word_1_52' title='bbox 1267 798 1343 859; x_wconf 90' lang='lat' dir='ltr'><strong>de</strong></span> <span class='ocrx_word' id='word_1_53' title='bbox 1374 800 1701 859; x_wconf 80' lang='lat' dir='ltr'><strong>maiestate.</strong></span> 
     </span>
    </p>

    <p class='ocr_par' dir='ltr' id='par_1_5' title="bbox 218 882 2257 1143">
     <span class='ocr_line' id='line_1_8' title="bbox 218 882 2257 963; baseline -0.002 -15"><span class='ocrx_word' id='word_1_54' title='bbox 218 884 298 949; x_wconf 87' lang='lat'><strong>15</strong></span> <span class='ocrx_word' id='word_1_55' title='bbox 446 886 658 947; x_wconf 84' lang='lat' dir='ltr'><strong>Occiso</strong></span> <span class='ocrx_word' id='word_1_56' title='bbox 687 886 868 963; x_wconf 87' lang='lat' dir='ltr'><strong>igitur</strong></span> <span class='ocrx_word' id='word_1_57' title='bbox 888 883 1154 947; x_wconf 88' lang='lat' dir='ltr'><strong>Gallieno</strong></span> <span class='ocrx_word' id='word_1_58' title='bbox 1189 882 1401 945; x_wconf 88' lang='lat' dir='ltr'><strong>seditio</strong></span> <span class='ocrx_word' id='word_1_59' title='bbox 1431 884 1644 962; x_wconf 87' lang='lat' dir='ltr'><strong>ingens</strong></span> <span class='ocrx_word' id='word_1_60' title='bbox 1673 882 1930 945; x_wconf 87' lang='lat' dir='ltr'><strong>militum</strong></span> <span class='ocrx_word' id='word_1_61' title='bbox 1960 884 2089 953; x_wconf 76' lang='lat' dir='ltr'><strong>fuit,</strong></span> <span class='ocrx_word' id='word_1_62' title='bbox 2107 902 2257 944; x_wconf 78' lang='lat' dir='ltr'><strong>cum</strong></span> 
     </span>
     <span class='ocr_line' id='line_1_9' title="bbox 318 968 2253 1051; baseline -0.002 -19"><span class='ocrx_word' id='word_1_63' title='bbox 318 989 426 1051; x_wconf 90' lang='lat' dir='ltr'><strong>spe</strong></span> <span class='ocrx_word' id='word_1_64' title='bbox 454 970 712 1050; x_wconf 79' lang='lat' dir='ltr'><strong>praedae</strong></span> <span class='ocrx_word' id='word_1_65' title='bbox 743 989 810 1031; x_wconf 89' lang='lat' dir='ltr'><strong>ac</strong></span> <span class='ocrx_word' id='word_1_66' title='bbox 844 968 1120 1049; x_wconf 85' lang='lat' dir='ltr'><strong>publicae</strong></span> <span class='ocrx_word' id='word_1_67' title='bbox 1153 971 1499 1031; x_wconf 87' lang='lat' dir='ltr'><strong>uastationis</strong></span> <span class='ocrx_word' id='word_1_68' title='bbox 1527 970 1953 1047; x_wconf 84' lang='lat' dir='ltr'><strong>imperatorem</strong></span> <span class='ocrx_word' id='word_1_69' title='bbox 1984 968 2099 1029; x_wconf 90' lang='lat' dir='ltr'><strong>sibi</strong></span> <span class='ocrx_word' id='word_1_70' title='bbox 2134 970 2253 1030; x_wconf 84' lang='lat' dir='ltr'><strong>uti-</strong></span> 
     </span>
     <span class='ocr_line' id='line_1_10' title="bbox 315 1053 2256 1143; baseline -0.001 -27"><span class='ocrx_word' id='word_1_71' title='bbox 315 1056 432 1116; x_wconf 90' lang='lat' dir='ltr'><strong>lem</strong></span> <span class='ocrx_word' id='word_1_72' title='bbox 467 1058 874 1117; x_wconf 87' lang='lat' dir='ltr'><strong>necessarium</strong></span> <span class='ocrx_word' id='word_1_73' title='bbox 903 1055 1118 1116; x_wconf 80' lang='lat' dir='ltr'><strong>fortem</strong></span> <span class='ocrx_word' id='word_1_74' title='bbox 1163 1054 1465 1115; x_wconf 82' lang='lat' dir='ltr'><strong>efficacem</strong></span> <span class='ocrx_word' id='word_1_75' title='bbox 1496 1053 1570 1115; x_wconf 86' lang='lat' dir='ltr'><strong>ad</strong></span> <span class='ocrx_word' id='word_1_76' title='bbox 1599 1054 1885 1143; x_wconf 76' lang='lat' dir='ltr'><strong>inuidiam</strong></span> <span class='ocrx_word' id='word_1_77' title='bbox 1918 1053 2256 1115; x_wconf 79' lang='lat' dir='ltr'><strong>faciendam</strong></span> 
     </span>
    </p>

    <p class='ocr_par' dir='ltr' id='par_1_6' title="bbox 247 1138 2343 1477">
     <span class='ocr_line' id='line_1_11' title="bbox 247 1138 2343 1222; baseline -0.002 -20"><span class='ocrx_word' id='word_1_78' title='bbox 247 1153 278 1201; x_wconf 81' lang='lat'>2</span> <span class='ocrx_word' id='word_1_79' title='bbox 317 1141 585 1202; x_wconf 85' lang='lat' dir='ltr'><strong>dicerent</strong></span> <span class='ocrx_word' id='word_1_80' title='bbox 615 1148 868 1222; x_wconf 88' lang='lat' dir='ltr'><strong>raptum.</strong></span> <span class='ocrx_word' id='word_1_81' title='bbox 933 1156 1120 1217; x_wconf 86' lang='lat' dir='ltr'><strong>quare-</strong></span> <span class='ocrx_word' id='word_1_82' title='bbox 1149 1138 1463 1201; x_wconf 85' lang='lat' dir='ltr'><strong>consilium</strong></span> <span class='ocrx_word' id='word_1_83' title='bbox 1493 1140 1835 1219; x_wconf 79' lang='lat' dir='ltr'>principum</span> <span class='ocrx_word' id='word_1_84' title='bbox 1866 1140 1996 1209; x_wconf 78' lang='lat' dir='ltr'><strong>fuit,</strong></span> <span class='ocrx_word' id='word_1_85' title='bbox 2042 1144 2109 1199; x_wconf 88' lang='lat' dir='ltr'><strong>ut</strong></span> <span class='ocrx_word' id='word_1_86' title='bbox 2138 1140 2253 1199; x_wconf 90' lang='lat' dir='ltr'><strong>mi·-</strong></span> <span class='ocrx_word' id='word_1_87' title='bbox 2286 1154 2343 1194; x_wconf 88' lang='lat'><strong>10</strong></span> 
     </span>
     <span class='ocr_line' id='line_1_12' title="bbox 314 1223 2255 1306; baseline -0.001 -20"><span class='ocrx_word' id='word_1_88' title='bbox 314 1226 450 1306; x_wconf 86' lang='lat' dir='ltr'><strong>lites</strong></span> <span class='ocrx_word' id='word_1_89' title='bbox 482 1228 610 1287; x_wconf 89' lang='lat' dir='ltr'><strong>eius</strong></span> <span class='ocrx_word' id='word_1_90' title='bbox 642 1246 758 1306; x_wconf 91' lang='lat' dir='ltr'><strong>quo</strong></span> <span class='ocrx_word' id='word_1_91' title='bbox 791 1225 988 1287; x_wconf 82' lang='lat' dir='ltr'><strong>solent</strong></span> <span class='ocrx_word' id='word_1_92' title='bbox 1013 1224 1238 1305; x_wconf 84' lang='lat' dir='ltr'><strong>placari</strong></span> <span class='ocrx_word' id='word_1_93' title='bbox 1268 1240 1489 1303; x_wconf 78' lang='lat' dir='ltr'><strong>genere</strong></span> <span class='ocrx_word' id='word_1_94' title='bbox 1520 1223 1891 1286; x_wconf 84' lang='lat' dir='ltr'><strong>sedarentur.</strong></span> <span class='ocrx_word' id='word_1_95' title='bbox 1940 1226 2255 1305; x_wconf 82' lang='lat' dir='ltr'>promissis</span> 
     </span>
     <span class='ocr_line' id='line_1_13' title="bbox 315 1310 2253 1391; baseline 0 -20"><span class='ocrx_word' id='word_1_96' title='bbox 315 1314 516 1390; x_wconf 89' lang='lat' dir='ltr'><strong>itaque</strong></span> <span class='ocrx_word' id='word_1_97' title='bbox 563 1331 676 1391; x_wconf 87' lang='lat' dir='ltr'><strong>per</strong></span> <span class='ocrx_word' id='word_1_98' title='bbox 717 1312 1080 1373; x_wconf 78' lang='lat' dir='ltr'>Marcianum</span> <span class='ocrx_word' id='word_1_99' title='bbox 1131 1311 1331 1386; x_wconf 75' lang='lat' dir='ltr'><strong>aureis</strong></span> <span class='ocrx_word' id='word_1_100' title='bbox 1382 1310 1613 1372; x_wconf 88' lang='lat' dir='ltr'><strong>uicenis</strong></span> <span class='ocrx_word' id='word_1_101' title='bbox 1658 1317 1717 1371; x_wconf 90' lang='lat' dir='ltr'><strong>et</strong></span> <span class='ocrx_word' id='word_1_102' title='bbox 1768 1312 2027 1389; x_wconf 80' lang='lat' dir='ltr'><strong>acceptis</strong></span> <span class='ocrx_word' id='word_1_103' title='bbox 2081 1310 2253 1390; x_wconf 86' lang='lat' dir='ltr'><strong>(nam</strong></span> 
     </span>
     <span class='ocr_line' id='line_1_14' title="bbox 313 1394 2251 1477; baseline -0.001 -20"><span class='ocrx_word' id='word_1_104' title='bbox 313 1404 558 1477; x_wconf 85' lang='lat' dir='ltr'><strong>praesto</strong></span> <span class='ocrx_word' id='word_1_105' title='bbox 589 1404 716 1457; x_wconf 85' lang='lat' dir='ltr'><strong>erat</strong></span> <span class='ocrx_word' id='word_1_106' title='bbox 745 1395 1167 1458; x_wconf 75' lang='lat' dir='ltr'><strong>thesaurorum</strong></span> <span class='ocrx_word' id='word_1_107' title='bbox 1199 1395 1387 1475; x_wconf 87' lang='lat' dir='ltr'><strong>copia)</strong></span> <span class='ocrx_word' id='word_1_108' title='bbox 1422 1394 1758 1457; x_wconf 89' lang='lat' dir='ltr'><strong>Gallienum</strong></span> <span class='ocrx_word' id='word_1_109' title='bbox 1786 1404 2103 1475; x_wconf 84' lang='lat' dir='ltr'><strong>tyrannum</strong></span> <span class='ocrx_word' id='word_1_110' title='bbox 2136 1396 2251 1455; x_wconf 89' lang='lat' dir='ltr'><strong>mi-</strong></span> 
     </span>
    </p>

    <p class='ocr_par' dir='ltr' id='par_1_7' title="bbox 247 1478 2337 1815">
     <span class='ocr_line' id='line_1_15' title="bbox 247 1478 2257 1559; baseline -0.001 -16"><span class='ocrx_word' id='word_1_111' title='bbox 247 1494 278 1543; x_wconf 89' lang='grc'><strong>3</strong></span> <span class='ocrx_word' id='word_1_112' title='bbox 315 1482 471 1542; x_wconf 89' lang='lat' dir='ltr'><strong>litari</strong></span> <span class='ocrx_word' id='word_1_113' title='bbox 510 1481 732 1542; x_wconf 90' lang='lat' dir='ltr'><strong>iudicio</strong></span> <span class='ocrx_word' id='word_1_114' title='bbox 773 1482 836 1542; x_wconf 91' lang='lat' dir='ltr'><strong>in</strong></span> <span class='ocrx_word' id='word_1_115' title='bbox 865 1481 1050 1541; x_wconf 80' lang='lat' dir='ltr'><strong>fastos</strong></span> <span class='ocrx_word' id='word_1_116' title='bbox 1077 1479 1353 1559; x_wconf 80' lang='lat' dir='ltr'><strong>publicos</strong></span> <span class='ocrx_word' id='word_1_117' title='bbox 1391 1478 1771 1541; x_wconf 87' lang='lat' dir='ltr'><strong>rettulerunt.</strong></span> <span class='ocrx_word' id='word_1_118' title='bbox 1836 1482 1922 1541; x_wconf 88' lang='lat' dir='ltr'><strong>sic</strong></span> <span class='ocrx_word' id='word_1_119' title='bbox 1962 1479 2257 1541; x_wconf 82' lang='lat' dir='ltr'>militibus</span> 
     </span>
     <span class='ocr_line' id='line_1_16' title="bbox 316 1563 2337 1636; baseline -0.002 -11"><span class='ocrx_word' id='word_1_120' title='bbox 316 1565 540 1626; x_wconf 90' lang='lat' dir='ltr'><strong>sedatis</strong></span> <span class='ocrx_word' id='word_1_121' title='bbox 569 1565 878 1636; x_wconf 80' lang='lat' dir='ltr'><strong>ClaudiuS,</strong></span> <span class='ocrx_word' id='word_1_122' title='bbox 923 1567 1018 1627; x_wconf 88' lang='lat' dir='ltr'><strong>uir</strong></span> <span class='ocrx_word' id='word_1_123' title='bbox 1063 1572 1303 1627; x_wconf 79' lang='lat' dir='ltr'><strong>sanctus</strong></span> <span class='ocrx_word' id='word_1_124' title='bbox 1332 1584 1401 1627; x_wconf 86' lang='lat' dir='ltr'><strong>ac</strong></span> <span class='ocrx_word' id='word_1_125' title='bbox 1430 1567 1563 1626; x_wconf 85' lang='lat' dir='ltr'><strong>iure</strong></span> <span class='ocrx_word' id='word_1_126' title='bbox 1594 1564 1955 1626; x_wconf 85' lang='lat' dir='ltr'><strong>ueneralibis</strong></span> <span class='ocrx_word' id='word_1_127' title='bbox 1986 1572 2047 1625; x_wconf 90' lang='lat' dir='ltr'><strong>et</strong></span> <span class='ocrx_word' id='word_1_128' title='bbox 2074 1563 2253 1625; x_wconf 85' lang='lat' dir='ltr'><strong>bonis</strong></span> <span class='ocrx_word' id='word_1_129' title='bbox 2284 1579 2337 1621; x_wconf 70' lang='grc' dir='ltr'><strong>ιδ</strong></span> 
     </span>
     <span class='ocr_line' id='line_1_17' title="bbox 314 1649 2253 1730; baseline -0.001 -19"><span class='ocrx_word' id='word_1_130' title='bbox 314 1650 590 1711; x_wconf 88' lang='lat' dir='ltr'><strong>omnibus</strong></span> <span class='ocrx_word' id='word_1_131' title='bbox 621 1668 824 1719; x_wconf 88' lang='lat' dir='ltr'><strong>carus,</strong></span> <span class='ocrx_word' id='word_1_132' title='bbox 861 1652 1088 1711; x_wconf 88' lang='lat' dir='ltr'><strong>amicus</strong></span> <span class='ocrx_word' id='word_1_133' title='bbox 1116 1652 1376 1730; x_wconf 76' lang='lat' dir='ltr'><strong>patriae,</strong></span> <span class='ocrx_word' id='word_1_134' title='bbox 1412 1652 1639 1712; x_wconf 85' lang='lat' dir='ltr'><strong>amicus</strong></span> <span class='ocrx_word' id='word_1_135' title='bbox 1668 1649 1932 1729; x_wconf 80' lang='lat' dir='ltr'><strong>legibus,</strong></span> <span class='ocrx_word' id='word_1_136' title='bbox 1968 1658 2253 1729; x_wconf 87' lang='lat' dir='ltr'><strong>acceptus</strong></span> 
     </span>
     <span class='ocr_line' id='line_1_18' title="bbox 297 1734 1947 1815; baseline -0.001 -18"><span class='ocrx_word' id='word_1_137' title='bbox 297 1736 567 1803; x_wconf 80' lang='lat' dir='ltr'><strong>-senatui,</strong></span> <span class='ocrx_word' id='word_1_138' title='bbox 599 1734 824 1814; x_wconf 88' lang='lat' dir='ltr'><strong>populo</strong></span> <span class='ocrx_word' id='word_1_139' title='bbox 854 1734 1008 1796; x_wconf 91' lang='lat' dir='ltr'><strong>bene</strong></span> <span class='ocrx_word' id='word_1_140' title='bbox 1041 1736 1316 1813; x_wconf 87' lang='lat' dir='ltr'><strong>cognitus</strong></span> <span class='ocrx_word' id='word_1_141' title='bbox 1346 1737 1577 1815; x_wconf 85' lang='lat' dir='ltr'><strong>accepit</strong></span> <span class='ocrx_word' id='word_1_142' title='bbox 1606 1737 1947 1815; x_wconf 84' lang='lat' dir='ltr'><strong>imperium.</strong></span> 
     </span>
    </p>
   </div>
   <div class='ocr_carea' id='block_1_3' title="bbox 134 1820 2247 1890">
    <p class='ocr_par' dir='ltr' id='par_1_8' title="bbox 134 1820 2247 1890">
     <span class='ocr_line' id='line_1_19' title="bbox 134 1820 2247 1890; baseline -0.001 -6"><span class='ocrx_word' id='word_1_143' title='bbox 134 1888 137 1890; x_wconf 70' lang='grc'><strong>,</strong></span> <span class='ocrx_word' id='word_1_144' title='bbox 214 1820 294 1884; x_wconf 86' lang='grc'><strong>16</strong></span> <span class='ocrx_word' id='word_1_145' title='bbox 439 1820 600 1881; x_wconf 89' lang='lat' dir='ltr'><strong>Haec</strong></span> <span class='ocrx_word' id='word_1_146' title='bbox 633 1822 752 1881; x_wconf 85' lang='lat' dir='ltr'><strong>uita</strong></span> <span class='ocrx_word' id='word_1_147' title='bbox 783 1820 1030 1881; x_wconf 86' lang='lat' dir='ltr'><strong>Gallieni</strong></span> <span class='ocrx_word' id='word_1_148' title='bbox 1059 1822 1191 1890; x_wconf 80' lang='lat' dir='ltr'><strong>fuit,</strong></span> <span class='ocrx_word' id='word_1_149' title='bbox 1226 1820 1493 1883; x_wconf 82' lang='lat' dir='ltr'><strong>breuiter</strong></span> <span class='ocrx_word' id='word_1_150' title='bbox 1524 1839 1691 1889; x_wconf 31' lang='lat' dir='ltr'><strong>a-me,</strong></span> <span class='ocrx_word' id='word_1_151' title='bbox 1714 1821 1929 1881; x_wconf 83' lang='lat' dir='ltr'><strong>litteris</strong></span> <span class='ocrx_word' id='word_1_152' title='bbox 1957 1821 2247 1889; x_wconf 85' lang='lat' dir='ltr'><strong>intimata,</strong></span> 
     </span>
    </p>
   </div>
   <div class='ocr_carea' id='block_1_4' title="bbox 161 1905 2337 3264">
    <p class='ocr_par' dir='ltr' id='par_1_9' title="bbox 315 1905 2333 2145">
     <span class='ocr_line' id='line_1_20' title="bbox 317 1905 2250 1985; baseline -0.001 -19"><span class='ocrx_word' id='word_1_153' title='bbox 317 1906 415 1983; x_wconf 88' lang='lat' dir='ltr'><strong>qui</strong></span> <span class='ocrx_word' id='word_1_154' title='bbox 447 1912 621 1967; x_wconf 87' lang='lat' dir='ltr'><strong>natus</strong></span> <span class='ocrx_word' id='word_1_155' title='bbox 650 1905 952 1969; x_wconf 85' lang='lat' dir='ltr'>abdomini</span> <span class='ocrx_word' id='word_1_156' title='bbox 985 1913 1043 1967; x_wconf 88' lang='lat' dir='ltr'><strong>et</strong></span> <span class='ocrx_word' id='word_1_157' title='bbox 1075 1905 1481 1985; x_wconf 86' lang='lat' dir='ltr'><strong>uoluptatibus</strong></span> <span class='ocrx_word' id='word_1_158' title='bbox 1518 1906 1646 1967; x_wconf 86' lang='lat' dir='ltr'><strong>dies</strong></span> <span class='ocrx_word' id='word_1_159' title='bbox 1677 1924 1745 1967; x_wconf 88' lang='lat' dir='ltr'><strong>ac</strong></span> <span class='ocrx_word' id='word_1_160' title='bbox 1776 1915 1983 1969; x_wconf 90' lang='lat' dir='ltr'><strong>noctes</strong></span> <span class='ocrx_word' id='word_1_161' title='bbox 2012 1908 2155 1966; x_wconf 81' lang='lat' dir='ltr'><strong>uino</strong></span> <span class='ocrx_word' id='word_1_162' title='bbox 2190 1911 2250 1965; x_wconf 90' lang='lat' dir='ltr'><strong>et</strong></span> 
     </span>
     <span class='ocr_line' id='line_1_21' title="bbox 317 1990 2333 2071; baseline -0.002 -21"><span class='ocrx_word' id='word_1_163' title='bbox 317 1992 539 2069; x_wconf 88' lang='lat' dir='ltr'><strong>stupris</strong></span> <span class='ocrx_word' id='word_1_164' title='bbox 579 1991 866 2071; x_wconf 88' lang='lat' dir='ltr'><strong>perdidit,</strong></span> <span class='ocrx_word' id='word_1_165' title='bbox 913 1990 1120 2051; x_wconf 88' lang='lat' dir='ltr'><strong>orbem</strong></span> <span class='ocrx_word' id='word_1_166' title='bbox 1165 1998 1465 2053; x_wconf 83' lang='lat' dir='ltr'><strong>terrarum</strong></span> <span class='ocrx_word' id='word_1_167' title='bbox 1502 2010 1617 2067; x_wconf 84' lang='lat' dir='ltr'><strong>per</strong></span> <span class='ocrx_word' id='word_1_168' title='bbox 1656 1992 1898 2069; x_wconf 87' lang='lat' dir='ltr'><strong>triginta</strong></span> <span class='ocrx_word' id='word_1_169' title='bbox 1936 2008 2125 2071; x_wconf 83' lang='lat' dir='ltr'><strong>prope</strong></span> <span class='ocrx_word' id='word_1_170' title='bbox 2156 1996 2247 2069; x_wconf 73' lang='lat' dir='ltr'><strong>ty.-</strong></span> <span class='ocrx_word' id='word_1_171' title='bbox 2280 2006 2333 2046; x_wconf 68' lang='lat' dir='ltr'><strong>ao</strong></span> 
     </span>
     <span class='ocr_line' id='line_1_22' title="bbox 315 2075 2247 2145; baseline -0.001 -9"><span class='ocrx_word' id='word_1_172' title='bbox 315 2093 534 2137; x_wconf 83' lang='lat' dir='ltr'><strong>rannos</strong></span> <span class='ocrx_word' id='word_1_173' title='bbox 567 2078 790 2138; x_wconf 89' lang='lat' dir='ltr'><strong>uastari</strong></span> <span class='ocrx_word' id='word_1_174' title='bbox 819 2078 977 2145; x_wconf 82' lang='lat' dir='ltr'><strong>fecit,</strong></span> <span class='ocrx_word' id='word_1_175' title='bbox 1023 2078 1106 2137; x_wconf 87' lang='lat' dir='ltr'><strong>ita</strong></span> <span class='ocrx_word' id='word_1_176' title='bbox 1141 2085 1204 2137; x_wconf 82' lang='lat' dir='ltr'><strong>ut</strong></span> <span class='ocrx_word' id='word_1_177' title='bbox 1237 2078 1418 2138; x_wconf 89' lang='lat' dir='ltr'><strong>etiam</strong></span> <span class='ocrx_word' id='word_1_178' title='bbox 1446 2076 1729 2137; x_wconf 88' lang='lat' dir='ltr'><strong>mulieres</strong></span> <span class='ocrx_word' id='word_1_179' title='bbox 1758 2075 1864 2136; x_wconf 91' lang='lat' dir='ltr'><strong>illo</strong></span> <span class='ocrx_word' id='word_1_180' title='bbox 1893 2075 2105 2137; x_wconf 87' lang='lat' dir='ltr'><strong>melius</strong></span> <span class='ocrx_word' id='word_1_181' title='bbox 2134 2077 2247 2135; x_wconf 86' lang='lat' dir='ltr'><strong>im-</strong></span> 
     </span>
    </p>

    <p class='ocr_par' dir='ltr' id='par_1_10' title="bbox 245 2161 2335 2580">
     <span class='ocr_line' id='line_1_23' title="bbox 245 2161 2250 2241; baseline -0.002 -16"><span class='ocrx_word' id='word_1_182' title='bbox 245 2177 278 2225; x_wconf 83' lang='lat'>2</span> <span class='ocrx_word' id='word_1_183' title='bbox 314 2168 618 2239; x_wconf 87' lang='lat' dir='ltr'><strong>perarent.</strong></span> <span class='ocrx_word' id='word_1_184' title='bbox 649 2181 716 2223; x_wconf 86' lang='lat' dir='ltr'><strong>ac</strong></span> <span class='ocrx_word' id='word_1_185' title='bbox 748 2180 824 2223; x_wconf 92' lang='lat' dir='ltr'><strong>ne</strong></span> <span class='ocrx_word' id='word_1_186' title='bbox 849 2163 976 2223; x_wconf 86' lang='lat' dir='ltr'><strong>eius</strong></span> <span class='ocrx_word' id='word_1_187' title='bbox 999 2168 1411 2241; x_wconf 84' lang='lat' dir='ltr'><strong>praetereatur</strong></span> <span class='ocrx_word' id='word_1_188' title='bbox 1430 2162 1768 2223; x_wconf 87' lang='lat' dir='ltr'><strong>miseranda</strong></span> <span class='ocrx_word' id='word_1_189' title='bbox 1790 2161 2054 2241; x_wconf 86' lang='lat' dir='ltr'><strong>solertia,</strong></span> <span class='ocrx_word' id='word_1_190' title='bbox 2086 2162 2250 2221; x_wconf 82' lang='lat' dir='ltr'><strong>ueris</strong></span> 
     </span>
     <span class='ocr_line' id='line_1_24' title="bbox 313 2246 2251 2326; baseline 0.001 -21"><span class='ocrx_word' id='word_1_191' title='bbox 313 2254 584 2325; x_wconf 87' lang='lat' dir='ltr'><strong>tempore</strong></span> <span class='ocrx_word' id='word_1_192' title='bbox 629 2246 906 2309; x_wconf 88' lang='lat' dir='ltr'><strong>cubicula</strong></span> <span class='ocrx_word' id='word_1_193' title='bbox 947 2246 1020 2307; x_wconf 91' lang='lat' dir='ltr'><strong>de</strong></span> <span class='ocrx_word' id='word_1_194' title='bbox 1062 2248 1220 2307; x_wconf 89' lang='lat' dir='ltr'><strong>rosis</strong></span> <span class='ocrx_word' id='word_1_195' title='bbox 1260 2248 1419 2309; x_wconf 79' lang='lat' dir='ltr'><strong>fecit.</strong></span> <span class='ocrx_word' id='word_1_196' title='bbox 1485 2247 1557 2307; x_wconf 90' lang='lat' dir='ltr'><strong>de</strong></span> <span class='ocrx_word' id='word_1_197' title='bbox 1589 2249 1783 2326; x_wconf 85' lang='lat' dir='ltr'><strong>pomis</strong></span> <span class='ocrx_word' id='word_1_198' title='bbox 1814 2246 2053 2308; x_wconf 86' lang='lat' dir='ltr'><strong>castella</strong></span> <span class='ocrx_word' id='word_1_199' title='bbox 2084 2262 2251 2307; x_wconf 89' lang='lat' dir='ltr'><strong>com-</strong></span> 
     </span>
     <span class='ocr_line' id='line_1_25' title="bbox 312 2331 2243 2409; baseline 0 -18"><span class='ocrx_word' id='word_1_200' title='bbox 312 2332 526 2409; x_wconf 86' lang='lat' dir='ltr'><strong>posuit.</strong></span> <span class='ocrx_word' id='word_1_201' title='bbox 565 2350 712 2392; x_wconf 91' lang='lat' dir='ltr'><strong>uuas</strong></span> <span class='ocrx_word' id='word_1_202' title='bbox 740 2333 997 2391; x_wconf 85' lang='lat' dir='ltr'><strong>triennio</strong></span> <span class='ocrx_word' id='word_1_203' title='bbox 1030 2333 1311 2393; x_wconf 87' lang='lat' dir='ltr'><strong>seruauit.</strong></span> <span class='ocrx_word' id='word_1_204' title='bbox 1353 2331 1549 2392; x_wconf 88' lang='lat' dir='ltr'><strong>hieme</strong></span> <span class='ocrx_word' id='word_1_205' title='bbox 1582 2350 1809 2393; x_wconf 85' lang='lat' dir='ltr'><strong>summa</strong></span> <span class='ocrx_word' id='word_1_206' title='bbox 1839 2332 2109 2393; x_wconf 89' lang='lat' dir='ltr'><strong>melones</strong></span> <span class='ocrx_word' id='word_1_207' title='bbox 2140 2348 2243 2391; x_wconf 85' lang='lat' dir='ltr'><strong>ex·</strong></span> 
     </span>
     <span class='ocr_line' id='line_1_26' title="bbox 312 2414 2335 2493; baseline -0.001 -18"><span class='ocrx_word' id='word_1_208' title='bbox 312 2414 524 2476; x_wconf 86' lang='lat' dir='ltr'>hibuit.</span> <span class='ocrx_word' id='word_1_209' title='bbox 577 2425 841 2477; x_wconf 88' lang='lat' dir='ltr'><strong>mustum</strong></span> <span class='ocrx_word' id='word_1_210' title='bbox 873 2416 1373 2493; x_wconf 86' lang='lat' dir='ltr'><strong>quemadmodum</strong></span> <span class='ocrx_word' id='word_1_211' title='bbox 1415 2424 1541 2478; x_wconf 85' lang='lat' dir='ltr'><strong>toto</strong></span> <span class='ocrx_word' id='word_1_212' title='bbox 1572 2435 1729 2479; x_wconf 86' lang='lat' dir='ltr'><strong>anno</strong></span> <span class='ocrx_word' id='word_1_213' title='bbox 1758 2416 2102 2487; x_wconf 83' lang='lat' dir='ltr'><strong>haberetur,</strong></span> <span class='ocrx_word' id='word_1_214' title='bbox 2136 2414 2243 2476; x_wconf 88' lang='lat' dir='ltr'><strong>do·</strong></span> <span class='ocrx_word' id='word_1_215' title='bbox 2278 2430 2335 2473; x_wconf 72' lang='lat'><strong>25</strong></span> 
     </span>
     <span class='ocr_line' id='line_1_27' title="bbox 313 2499 2251 2580; baseline 0.001 -21"><span class='ocrx_word' id='word_1_216' title='bbox 313 2501 452 2560; x_wconf 87' lang='lat' dir='ltr'><strong>cuit.</strong></span> <span class='ocrx_word' id='word_1_217' title='bbox 499 2499 644 2561; x_wconf 83' lang='lat' dir='ltr'><strong>ficos</strong></span> <span class='ocrx_word' id='word_1_218' title='bbox 673 2500 898 2561; x_wconf 86' lang='lat' dir='ltr'><strong>uirides</strong></span> <span class='ocrx_word' id='word_1_219' title='bbox 931 2508 989 2561; x_wconf 86' lang='lat' dir='ltr'><strong>et</strong></span> <span class='ocrx_word' id='word_1_220' title='bbox 1017 2520 1194 2580; x_wconf 90' lang='lat' dir='ltr'><strong>poma</strong></span> <span class='ocrx_word' id='word_1_221' title='bbox 1225 2520 1299 2562; x_wconf 82' lang='lat' dir='ltr'><strong>ex</strong></span> <span class='ocrx_word' id='word_1_222' title='bbox 1334 2502 1651 2563; x_wconf 87' lang='lat' dir='ltr'><strong>arboribus</strong></span> <span class='ocrx_word' id='word_1_223' title='bbox 1696 2504 1962 2563; x_wconf 83' lang='lat' dir='ltr'><strong>recentia</strong></span> <span class='ocrx_word' id='word_1_224' title='bbox 2008 2518 2251 2580; x_wconf 85' lang='lat' dir='ltr'><strong>semper</strong></span> 
     </span>
    </p>

    <p class='ocr_par' dir='ltr' id='par_1_11' title="bbox 161 2582 2250 2666">
     <span class='ocr_line' id='line_1_28' title="bbox 161 2582 2250 2666; baseline -0 -20"><span class='ocrx_word' id='word_1_225' title='bbox 161 2645 166 2646; x_wconf 18' lang='lat' dir='ltr'><em>ff</em></span> <span class='ocrx_word' id='word_1_226' title='bbox 243 2600 274 2649; x_wconf 89' lang='lat'><strong>3</strong></span> <span class='ocrx_word' id='word_1_227' title='bbox 313 2582 520 2645; x_wconf 87' lang='lat' dir='ltr'><strong>alienis</strong></span> <span class='ocrx_word' id='word_1_228' title='bbox 579 2584 892 2655; x_wconf 81' lang='lat' dir='ltr'><strong>mensibus</strong></span> <span class='ocrx_word' id='word_1_229' title='bbox 956 2586 1248 2666; x_wconf 87' lang='lat' dir='ltr'><strong>praebuit.</strong></span> <span class='ocrx_word' id='word_1_230' title='bbox 1328 2586 1687 2649; x_wconf 85' lang='lat' dir='ltr'><strong>mantelibus</strong></span> <span class='ocrx_word' id='word_1_231' title='bbox 1746 2589 1945 2649; x_wconf 88' lang='lat' dir='ltr'><strong>aureis</strong></span> <span class='ocrx_word' id='word_1_232' title='bbox 2004 2604 2250 2665; x_wconf 88' lang='lat' dir='ltr'><strong>semper</strong></span> 
     </span>
    </p>

    <p class='ocr_par' dir='ltr' id='par_1_12' title="bbox 241 2670 2337 3177">
     <span class='ocr_line' id='line_1_29' title="bbox 241 2670 2249 2753; baseline -0.001 -20"><span class='ocrx_word' id='word_1_233' title='bbox 241 2685 276 2733; x_wconf 87' lang='lat'>4</span> <span class='ocrx_word' id='word_1_234' title='bbox 311 2672 543 2731; x_wconf 80' lang='lat' dir='ltr'><strong>strauit.</strong></span> <span class='ocrx_word' id='word_1_235' title='bbox 607 2676 902 2748; x_wconf 85' lang='lat' dir='ltr'><strong>gemmata</strong></span> <span class='ocrx_word' id='word_1_236' title='bbox 952 2688 1092 2731; x_wconf 88' lang='lat' dir='ltr'><strong>uasa</strong></span> <span class='ocrx_word' id='word_1_237' title='bbox 1141 2672 1286 2732; x_wconf 85' lang='lat' dir='ltr'><strong>fecit</strong></span> <span class='ocrx_word' id='word_1_238' title='bbox 1336 2671 1665 2753; x_wconf 87' lang='lat' dir='ltr'><strong>eademque</strong></span> <span class='ocrx_word' id='word_1_239' title='bbox 1720 2690 1921 2733; x_wconf 89' lang='lat' dir='ltr'><strong>aurea.</strong></span> <span class='ocrx_word' id='word_1_240' title='bbox 1982 2670 2249 2734; x_wconf 80' lang='lat' dir='ltr'><strong>crinibus</strong></span> 
     </span>
     <span class='ocr_line' id='line_1_30' title="bbox 313 2755 2248 2837; baseline 0.001 -22"><span class='ocrx_word' id='word_1_241' title='bbox 313 2756 438 2816; x_wconf 79' lang='lat' dir='ltr'><strong>suis</strong></span> <span class='ocrx_word' id='word_1_242' title='bbox 469 2756 600 2817; x_wconf 92' lang='lat' dir='ltr'><strong>auri</strong></span> <span class='ocrx_word' id='word_1_243' title='bbox 633 2755 872 2817; x_wconf 84' lang='lat' dir='ltr'><strong>scobem</strong></span> <span class='ocrx_word' id='word_1_244' title='bbox 905 2758 1190 2836; x_wconf 72' lang='lat' dir='ltr'><strong>aspersit.⁷</strong></span> <span class='ocrx_word' id='word_1_245' title='bbox 1234 2757 1501 2819; x_wconf 90' lang='lat' dir='ltr'><strong>radiatus</strong></span> <span class='ocrx_word' id='word_1_246' title='bbox 1532 2776 1711 2837; x_wconf 89' lang='lat' dir='ltr'><strong>saepe</strong></span> <span class='ocrx_word' id='word_1_247' title='bbox 1740 2759 2055 2837; x_wconf 87' lang='lat' dir='ltr'><strong>processit.</strong></span> <span class='ocrx_word' id='word_1_248' title='bbox 2107 2772 2248 2817; x_wconf 82' lang='lat' dir='ltr'><strong>cum</strong></span> 
     </span>
     <span class='ocr_line' id='line_1_31' title="bbox 314 2839 2337 2923; baseline 0 -23"><span class='ocrx_word' id='word_1_249' title='bbox 314 2839 582 2920; x_wconf 83' lang='lat' dir='ltr'><strong>clamyde</strong></span> <span class='ocrx_word' id='word_1_250' title='bbox 617 2859 928 2921; x_wconf 88' lang='lat' dir='ltr'><strong>purpurea</strong></span> <span class='ocrx_word' id='word_1_251' title='bbox 969 2844 1403 2922; x_wconf 89' lang='lat' dir='ltr'><strong>gemmatisque</strong></span> <span class='ocrx_word' id='word_1_252' title='bbox 1449 2842 1643 2904; x_wconf 85' lang='lat' dir='ltr'><strong>fibulis</strong></span> <span class='ocrx_word' id='word_1_253' title='bbox 1686 2848 1747 2903; x_wconf 82' lang='lat' dir='ltr'><strong>et</strong></span> <span class='ocrx_word' id='word_1_254' title='bbox 1788 2844 1987 2904; x_wconf 88' lang='lat' dir='ltr'><strong>aureis</strong></span> <span class='ocrx_word' id='word_1_255' title='bbox 2026 2841 2252 2923; x_wconf 83' lang='lat' dir='ltr'><strong>Romae</strong></span> <span class='ocrx_word' id='word_1_256' title='bbox 2282 2858 2337 2900; x_wconf 76' lang='lat' dir='ltr'><strong>ao</strong></span> 
     </span>
     <span class='ocr_line' id='line_1_32' title="bbox 313 2926 2250 3008; baseline 0.001 -23"><span class='ocrx_word' id='word_1_257' title='bbox 313 2927 484 2987; x_wconf 88' lang='lat' dir='ltr'><strong>uisus</strong></span> <span class='ocrx_word' id='word_1_258' title='bbox 528 2934 646 2996; x_wconf 87' lang='lat' dir='ltr'><strong>est,</strong></span> <span class='ocrx_word' id='word_1_259' title='bbox 691 2926 793 2987; x_wconf 88' lang='lat' dir='ltr'><strong>ubi</strong></span> <span class='ocrx_word' id='word_1_260' title='bbox 834 2945 1072 3007; x_wconf 89' lang='lat' dir='ltr'><strong>semper</strong></span> <span class='ocrx_word' id='word_1_261' title='bbox 1111 2930 1296 3005; x_wconf 85' lang='lat' dir='ltr'><strong>togati</strong></span> <span class='ocrx_word' id='word_1_262' title='bbox 1326 2930 1631 3008; x_wconf 88' lang='lat' dir='ltr'><strong>principes</strong></span> <span class='ocrx_word' id='word_1_263' title='bbox 1663 2926 2039 2989; x_wconf 86' lang='lat' dir='ltr'><strong>uidebantur.</strong></span> <span class='ocrx_word' id='word_1_264' title='bbox 2102 2945 2250 3006; x_wconf 88' lang='lat' dir='ltr'><strong>pur-</strong></span> 
     </span>
     <span class='ocr_line' id='line_1_33' title="bbox 315 3012 2251 3093; baseline 0.003 -25"><span class='ocrx_word' id='word_1_265' title='bbox 315 3027 564 3087; x_wconf 89' lang='lat' dir='ltr'><strong>puream</strong></span> <span class='ocrx_word' id='word_1_266' title='bbox 594 3014 858 3074; x_wconf 89' lang='lat' dir='ltr'><strong>tunicam</strong></span> <span class='ocrx_word' id='word_1_267' title='bbox 888 3020 1277 3093; x_wconf 81' lang='lat' dir='ltr'><strong>auratamque</strong></span> <span class='ocrx_word' id='word_1_268' title='bbox 1318 3012 1554 3074; x_wconf 87' lang='lat' dir='ltr'><strong>uirilem</strong></span> <span class='ocrx_word' id='word_1_269' title='bbox 1588 3013 1957 3091; x_wconf 87' lang='lat' dir='ltr'><strong>eandemque</strong></span> <span class='ocrx_word' id='word_1_270' title='bbox 1989 3013 2251 3073; x_wconf 86' lang='lat' dir='ltr'><strong>manica-</strong></span> 
     </span>
     <span class='ocr_line' id='line_1_34' title="bbox 313 3094 2253 3177; baseline 0.003 -24"><span class='ocrx_word' id='word_1_271' title='bbox 313 3101 432 3154; x_wconf 88' lang='lat' dir='ltr'><strong>tam</strong></span> <span class='ocrx_word' id='word_1_272' title='bbox 474 3094 696 3157; x_wconf 88' lang='lat' dir='ltr'><strong>habuit.</strong></span> <span class='ocrx_word' id='word_1_273' title='bbox 760 3106 1056 3175; x_wconf 88' lang='lat' dir='ltr'><strong>gemmato</strong></span> <span class='ocrx_word' id='word_1_274' title='bbox 1099 3096 1297 3159; x_wconf 89' lang='lat' dir='ltr'><strong>balteo</strong></span> <span class='ocrx_word' id='word_1_275' title='bbox 1340 3118 1486 3160; x_wconf 90' lang='lat' dir='ltr'><strong>usus</strong></span> <span class='ocrx_word' id='word_1_276' title='bbox 1524 3106 1630 3160; x_wconf 89' lang='lat' dir='ltr'><strong>est.</strong></span> <span class='ocrx_word' id='word_1_277' title='bbox 1696 3098 1915 3177; x_wconf 88' lang='lat' dir='ltr'><strong>caligas</strong></span> <span class='ocrx_word' id='word_1_278' title='bbox 1946 3114 2253 3175; x_wconf 86' lang='lat' dir='ltr'><strong>gemmeas</strong></span> 
     </span>
    </p>

    <p class='ocr_par' dir='ltr' id='par_1_13' title="bbox 246 3178 2253 3264">
     <span class='ocr_line' id='line_1_35' title="bbox 246 3178 2253 3264; baseline 0.001 -23"><span class='ocrx_word' id='word_1_279' title='bbox 246 3192 280 3241; x_wconf 80' lang='lat'>5</span> <span class='ocrx_word' id='word_1_280' title='bbox 315 3178 614 3249; x_wconf 88' lang='lat' dir='ltr'><strong>adnexuit,</strong></span> <span class='ocrx_word' id='word_1_281' title='bbox 648 3200 780 3241; x_wconf 92' lang='lat' dir='ltr'><strong>cum</strong></span> <span class='ocrx_word' id='word_1_282' title='bbox 815 3200 1134 3264; x_wconf 85' lang='lat' dir='ltr'><strong>campagos</strong></span> <span class='ocrx_word' id='word_1_283' title='bbox 1169 3183 1451 3245; x_wconf 87' lang='lat' dir='ltr'><strong>reticulos</strong></span> <span class='ocrx_word' id='word_1_284' title='bbox 1482 3183 1829 3263; x_wconf 87' lang='lat' dir='ltr'><strong>appellaret.</strong></span> <span class='ocrx_word' id='word_1_285' title='bbox 1892 3184 2253 3244; x_wconf 86' lang='lat' dir='ltr'><strong>conuiuatus</strong></span> 
     </span>
    </p>
   </div>
   <div class='ocr_carea' id='block_1_5' title="bbox 314 3330 2263 3469">
    <p class='ocr_par' dir='ltr' id='par_1_14' title="bbox 314 3330 2263 3469">
     <span class='ocr_line' id='line_1_36' title="bbox 455 3330 2261 3403; baseline 0.001 -23"><span class='ocrx_word' id='word_1_286' title='bbox 455 3332 480 3379; x_wconf 92' lang='lat' dir='ltr'><strong>l</strong></span> <span class='ocrx_word' id='word_1_287' title='bbox 507 3345 669 3394; x_wconf 87' lang='lat' dir='ltr'><strong>quem</strong></span> <span class='ocrx_word' id='word_1_288' title='bbox 690 3330 816 3382; x_wconf 91' lang='lat' dir='ltr'><strong>BP¹</strong></span> <span class='ocrx_word' id='word_1_289' title='bbox 958 3336 987 3385; x_wconf 80' lang='lat'>7</span> <span class='ocrx_word' id='word_1_290' title='bbox 1014 3350 1150 3399; x_wconf 86' lang='lat' dir='ltr'><strong>gens</strong></span> <span class='ocrx_word' id='word_1_291' title='bbox 1176 3336 1225 3385; x_wconf 93' lang='lat' dir='ltr'><em>B</em></span> <span class='ocrx_word' id='word_1_292' title='bbox 1373 3352 1495 3386; x_wconf 88' lang='lat' dir='ltr'><strong>cum</strong></span> <span class='ocrx_word' id='word_1_293' title='bbox 1520 3336 1769 3403; x_wconf 72' lang='lat' dir='ltr'><strong>Eyssenh.</strong></span> <span class='ocrx_word' id='word_1_294' title='bbox 1816 3335 2113 3399; x_wconf 74' lang='lat' dir='ltr'><strong>transponit</strong></span> <span class='ocrx_word' id='word_1_295' title='bbox 2136 3340 2261 3383; x_wconf 75' lang='lat' dir='ltr'><strong>ante</strong></span> 
     </span>
     <span class='ocr_line' id='line_1_37' title="bbox 314 3396 2263 3469; baseline 0.002 -22"><span class='ocrx_word' id='word_1_296' title='bbox 314 3396 703 3461; x_wconf 80' lang='lat' dir='ltr'><strong>imperatorem</strong></span> <span class='ocrx_word' id='word_1_297' title='bbox 840 3404 907 3453; x_wconf 81' lang='lat'><strong>20</strong></span> <span class='ocrx_word' id='word_1_298' title='bbox 930 3403 1136 3467; x_wconf 83' lang='lat' dir='ltr'><strong>uiginti</strong></span> <span class='ocrx_word' id='word_1_299' title='bbox 1157 3403 1260 3454; x_wconf 92' lang='lat' dir='ltr'><strong>BP</strong></span> <span class='ocrx_word' id='word_1_300' title='bbox 1294 3419 1453 3469; x_wconf 85' lang='lat' dir='ltr'><strong>quem</strong></span> <span class='ocrx_word' id='word_1_301' title='bbox 1475 3404 1711 3469; x_wconf 82' lang='lat' dir='ltr'><strong>triginta</strong></span> <span class='ocrx_word' id='word_1_302' title='bbox 1738 3404 1804 3453; x_wconf 90' lang='lat' dir='ltr'><em>M</em></span> <span class='ocrx_word' id='word_1_303' title='bbox 1831 3418 1931 3469; x_wconf 85' lang='lat' dir='ltr'><strong>per</strong></span> <span class='ocrx_word' id='word_1_304' title='bbox 1954 3402 2191 3467; x_wconf 83' lang='lat' dir='ltr'><strong>triginta.</strong></span> <span class='ocrx_word' id='word_1_305' title='bbox 2218 3401 2263 3451; x_wconf 87' lang='lat' dir='ltr'><strong><em>S</em></strong></span> 
     </span>
    </p>
   </div>
   <div class='ocr_carea' id='block_1_6' title="bbox 353 3468 2235 3597">
    <p class='ocr_par' dir='ltr' id='par_1_15' title="bbox 353 3468 2235 3597">
     <span class='ocr_line' id='line_1_38' title="bbox 449 3468 2235 3530; baseline 0.004 -17"><span class='ocrx_word' id='word_1_306' title='bbox 449 3468 702 3528; x_wconf 82' lang='lat' dir='ltr'><strong>tyrannis</strong></span> <span class='ocrx_word' id='word_1_307' title='bbox 724 3468 792 3518; x_wconf 93' lang='lat' dir='ltr'><em>M</em></span> <span class='ocrx_word' id='word_1_308' title='bbox 943 3474 1012 3521; x_wconf 88' lang='lat'><strong>30</strong></span> <span class='ocrx_word' id='word_1_309' title='bbox 1035 3487 1168 3521; x_wconf 83' lang='lat' dir='ltr'><strong>aure</strong></span> <span class='ocrx_word' id='word_1_310' title='bbox 1193 3471 1299 3522; x_wconf 90' lang='lat' dir='ltr'><strong>BP</strong></span> <span class='ocrx_word' id='word_1_311' title='bbox 1316 3488 1407 3526; x_wconf 83' lang='lat' dir='ltr'><strong>em.</strong></span> <span class='ocrx_word' id='word_1_312' title='bbox 1434 3470 1581 3530; x_wconf 77' lang='lat' dir='ltr'><strong>P³M</strong></span> <span class='ocrx_word' id='word_1_313' title='bbox 1728 3474 1793 3523; x_wconf 84' lang='lat'><strong>33</strong></span> <span class='ocrx_word' id='word_1_314' title='bbox 1818 3470 2043 3523; x_wconf 82' lang='lat' dir='ltr'><strong>baltheo</strong></span> <span class='ocrx_word' id='word_1_315' title='bbox 2068 3468 2119 3519; x_wconf 91' lang='lat' dir='ltr'><em>B</em></span> <span class='ocrx_word' id='word_1_316' title='bbox 2230 3480 2235 3487; x_wconf 86' lang='grc'><em>·</em></span> 
     </span>
     <span class='ocr_line' id='line_1_39' title="bbox 353 3530 2196 3597; baseline 0.007 -17"><span class='ocrx_word' id='word_1_317' title='bbox 353 3530 550 3597; x_wconf 76' lang='lat' dir='ltr'><strong>aligias</strong></span> <span class='ocrx_word' id='word_1_318' title='bbox 572 3534 679 3583; x_wconf 90' lang='lat' dir='ltr'><strong>BP</strong></span> <span class='ocrx_word' id='word_1_319' title='bbox 790 3580 798 3594; x_wconf 80' lang='lat'><strong>,</strong></span> <span class='ocrx_word' id='word_1_320' title='bbox 2160 3542 2165 3545; x_wconf 80' lang='grc'><strong>’</strong></span> <span class='ocrx_word' id='word_1_321' title='bbox 2190 3556 2196 3561; x_wconf 84' lang='grc'><strong><em>’</em></strong></span> 
     </span>
    </p>
   </div>
  </div>
 </body>
</html>
