2517 3884
357 162 479 226 186
1061 169 1189 225 IVLI
1233 169 1602 225 CAP1TOL1N1

292 396 300 409 ,
355 344 412 397 et
444 327 594 396 haec
625 333 802 395 dubia
843 342 1180 413 ponuntur,
1227 343 1287 395 et
1328 334 1437 395 alia
1487 336 1768 396 dicuntur
1808 335 1881 397 ab
1924 335 2086 405 aliis,
2134 355 2289 415 quae

353 424 482 501 ipsa
513 436 751 496 quoque
793 437 914 479 non
958 417 1308 479 tacebimuS.
1382 438 1521 479 nam
1561 419 1836 499 plerique
1876 420 2289 497 gladiatoriam

352 521 612 584 pugnam
647 522 782 564 eum
816 503 1155 564 exhibuisse
1188 503 1470 564 dixerunt
1504 512 1563 565 et
1593 512 1836 584 accepta
1865 505 1998 565 rudi
2030 505 2100 566 ad
2132 507 2286 566 Afri-

286 601 318 647 6
356 609 485 651 cam
541 592 694 656 isse;
769 596 1116 649 uenatorem
1174 590 1399 667 prim0,
1473 598 1611 669 post
1670 592 1847 650 etiam
1908 589 2285 651 tabellionem

355 676 555 744 fuisse,
591 673 874 753 deinceps
905 660 1259 734 aduocatum
1293 674 1474 735 fuisse
1504 676 1651 735 fisci.
1718 692 1791 735 ex
1823 691 1941 751 quo
1973 676 2169 735 officio
2214 676 2286 735 ad
2336 689 2363 729 5

286 771 316 818 7
355 759 715 839 amplissima
748 774 1017 837 quaeque
1047 760 1344 837 peruenit.
1408 759 1550 819 dein
1583 778 1717 821 cum
1748 766 1909 820 esset
1948 761 2286 839 praefectus

351 843 636 923 praetorii
666 842 892 919 collega
923 843 1210 921 ablegato,
1229 845 1593 904 Antoninum
1626 844 1994 906 Caracallum
2024 847 2283 924 impera-

351 939 544 989 torem
575 946 748 989 suum
777 930 1083 989 interemit
1112 936 1273 990 tanta
1304 930 1569 998 fictione,
1615 937 1682 990 ut
1723 928 1796 989 ab
1840 947 1911 989 eo
1955 947 2074 988 non
2116 931 2285 991 uide-

283 1025 316 1072 8
353 1021 521 1075 retur
555 1015 806 1075 occisus.
868 1032 1009 1074 nam
1041 1022 1297 1074 stratore
1331 1016 1457 1074 eius
1487 1014 1800 1093 redempto
1833 1020 1892 1074 et
1922 1032 2027 1093 spe
2057 1016 2286 1091 ingenti

349 1100 659 1179 proposita
693 1098 756 1157 id
801 1100 922 1175 egit
965 1106 1031 1158 ut
1072 1101 1240 1177 quasi
1281 1098 1640 1160 militaribus
1679 1099 1940 1169 insidiis,
1988 1098 2146 1177 quod
2187 1098 2287 1160 uel
2312 1115 2363 1153 10

353 1184 429 1245 ob
459 1183 847 1263 parricidium
883 1183 980 1243 uel
1009 1185 1303 1244 incestum
1334 1183 1708 1263 displiceret,
1754 1186 2155 1263 interemptus
2196 1184 2284 1244 di-

353 1277 624 1330 ceretur.·

274 1351 317 1415 5
479 1353 687 1414 Statim
724 1352 987 1431 denique
1019 1354 1274 1432 arripuit
1303 1355 1625 1432 imperium
1668 1352 1790 1413 filio
1824 1353 2191 1415 Diadumeno
2223 1355 2286 1413 in

347 1439 770 1517 participatum
802 1437 1044 1504 adscito,
1081 1454 1256 1513 quem
1290 1440 1594 1507 continue,
1629 1446 1694 1499 ut
1726 1439 1998 1507 diximus,
2028 1440 2281 1501 «Antoni-

281 1534 312 1580 2
349 1541 492 1583 num
535 1521 820 1599 appellari
865 1540 896 1580 a
937 1521 1222 1581 militibus
1269 1524 1453 1584 iussit.
1542 1524 1679 1583 dein
1732 1542 1951 1601 corpus
2003 1524 2284 1583 Antonini
2312 1537 2363 1577 15

279 1619 313 1667 3
349 1607 596 1668 Romam
630 1606 889 1673 remisit,
937 1605 1271 1684 sepulchris
1312 1609 1606 1668 maiorum
1649 1607 2049 1668 inferendum.
2113 1626 2280 1668 man-

349 1692 512 1751 dauit
543 1690 804 1766 collegae
838 1690 1062 1750 dudum
1105 1709 1215 1750 suo
1264 1693 1567 1769 praefecto
1611 1694 1935 1771 praetori0‚
1967 1699 2033 1753 ut
2064 1710 2283 1753 munus
2339 1745 2372 1761 a

350 1794 520 1836 suum
563 1782 803 1835 curaret
841 1793 911 1835 ac
940 1777 1263 1853 praecipue
1305 1777 1667 1836 Antoninum
1710 1776 2144 1837 honorabiliter
2188 1795 2280 1837 se-

346 1860 562 1941 peliret
602 1860 778 1920 ducto
822 1860 1034 1919 funere
1077 1862 1275 1937 regio,
1322 1861 1477 1937 quod
1511 1860 1771 1931 sciebat,
1818 1861 1893 1921 ob
1925 1863 2282 1922 uestimenta

348 1946 572 2025 populo
618 1946 919 2021 congiaria
959 1944 1092 2005 data
1127 1944 1379 2005 multum
1424 1948 1788 2007 Antoninum
1818 1965 1851 2006 a
1882 1945 2057 2024 plebe
2091 1945 2273 2005 dilec-
2304 1959 2357 1999 20

278 2042 313 2089 4
350 2039 496 2094 tum.
565 2029 891 2091 adcedebat
933 2032 1106 2089 etiam
1154 2030 1327 2100 illud,
1373 2030 1528 2107 quod
1576 2030 1894 2091 militarem
1937 2038 2165 2090 motum
2209 2032 2283 2090 ti-

349 2116 578 2184 mebat,
612 2133 688 2176 ne
721 2133 792 2174 eo
822 2116 1266 2176 interueniente
1299 2134 1473 2176 suum
1504 2116 1896 2193 impediretur
1940 2117 2281 2193 imperium,

349 2200 508 2277 quod
539 2207 774 2277 raptum
805 2201 986 2268 ierat,
1031 2200 1135 2259 sed
1181 2203 1349 2276 quasi
1389 2202 1612 2260 inuitus
1654 2207 1994 2278 acceperat:
2051 2206 2119 2259 ut
2148 2207 2288 2259 sunt

346 2283 650 2351 homines,
707 2286 810 2362 qui
863 2283 935 2343 ad
969 2302 1036 2343 ea
1069 2302 1131 2343 se
1164 2287 1298 2360 cogi
1340 2285 1543 2344 dicunt
1596 2302 1745 2362 quae
1798 2283 1896 2343 uel
1950 2283 2287 2343 sceleribus

277 2379 310 2426 5
347 2372 710 2445 comparant.
774 2368 973 2426 timuit
1001 2374 1201 2427 autem
1234 2370 1407 2428 etiam
1442 2366 1757 2444 collegam,
1804 2385 1881 2425 ne
1915 2373 1974 2425 et
2004 2368 2134 2444 ipse
2166 2370 2283 2427 im·
2315 2382 2393 2445 25-

343 2470 560 2531 perare
605 2458 884 2528 cuperet,
923 2451 1301 2527 sperantibus
1348 2453 1608 2519 cunctis,
1654 2450 1843 2530 quod,
1880 2451 1930 2509 si
1962 2451 2139 2510 unius
2172 2469 2287 2511 nu-

344 2537 498 2597 meri
527 2552 850 2594 concessus
879 2533 1222 2603 accederet,
1258 2551 1453 2610 neque
1484 2534 1584 2594 ille
1616 2541 1985 2604 recussaret,
2047 2542 2105 2595 et
2156 2555 2288 2596 om-

344 2638 454 2680 nes
486 2619 868 2698 cupidissime
898 2619 961 2678 id
991 2620 1256 2679 facerent
1299 2618 1434 2679 odio
1479 2620 1724 2680 Macrini
1769 2619 1869 2679 uel
1899 2630 2149 2698 propter
2191 2623 2283 2681 ui-

344 2714 467 2766 tam
505 2704 820 2783 inprobam
861 2703 960 2764 uel
991 2710 1238 2782 propter
1270 2704 1734 2781 ignobilitatem,
1770 2723 1910 2764 cum
1940 2723 2149 2765 omnes
2182 2724 2285 2767 su-

277 2804 308 2851 6
347 2792 617 2868 periores
649 2787 880 2849 nobiles
911 2791 1162 2849 fuissent
1202 2791 1621 2868 imperatores
1692 2789 1927 2850 infulsit
1967 2798 2283 2869 praeterea
2313 2803 2367 2843 30

344 2878 405 2935 in
437 2894 656 2936 nomen
689 2874 902 2934 Seueri
933 2893 1027 2943 se,
1063 2870 1199 2935 cum
1230 2874 1393 2935 illius
1426 2875 1583 2936 nulla
1616 2877 1973 2953 cognatione
2003 2882 2283 2953 tangere-

275 2974 306 3021 7
347 2969 464 3022 tur.
527 2960 688 3021 unde
717 2961 886 3020 iocus
919 2960 1140 3020 extitit:
1204 2960 1348 3029 „Sic
1379 2961 1677 3022 Macrinus
1710 2966 1801 3020 est
1834 2954 2099 3021 Seuerus
2132 2977 2280 3038 quo-

448 3145 480 3193 5
507 3144 771 3210 deinceps
795 3173 861 3180 —-
887 3146 1060 3195 fuisse
1086 3162 1178 3197 om.
1204 3144 1287 3195 Β1
1436 3148 1468 3196 8
1494 3147 1739 3196 factione
1764 3146 1867 3194 BP
2012 3147 2071 3195 11
2097 3145 2191 3195 uel
2214 3160 2289 3195 ne

343 3211 450 3261 inc.
477 3212 580 3260 BP
705 3214 1101 3279 interemptum
1123 3214 1291 3263 BPM
1422 3217 1489 3264 20
1515 3219 1572 3264 et
1598 3213 1879 3279 congiaria
1906 3212 1973 3263 M
2092 3214 2157 3263 22
2183 3228 2292 3262 nec

344 3295 410 3329 eo
436 3279 538 3327 BP
673 3282 738 3329 26
761 3296 903 3330 unus
929 3282 1093 3332 BPM
1225 3284 1292 3332 ⁴27
1319 3298 1625 3336 concensus
1652 3283 1710 3331 M
1737 3296 2037 3332 consensus
2060 3284 2195 3346 uoly.

344 3352 631 3397 recusaret
653 3348 705 3397 P
839 3350 904 3398 28
940 3355 1196 3414 proptam
1219 3348 1296 3399 P¹
1436 3353 1501 3399 29
1528 3351 1753 3415 probam
1776 3347 1903 3398 ΒΡ1
1942 3348 2055 3410 (em.
2079 3348 2181 3413 1⁹³)

343 3418 411 3465 30
435 3416 825 3533 Aigmperatorem
851 3415 979 3465 ΒΡ1
1007 3434 1099 3471 em.
1124 3416 1204 3467 Ρ3
1306 3420 1370 3468 31
1400 3420 1614 3469 seueris
1638 3417 1741 3467 BP
1774 3418 1968 3467 Seueri
1994 3418 2055 3467 M
2089 3416 2291 3467 Seueri

346 3498 408 3532 se
