2517 3884
349 153 437 219 26
1058 160 1186 216 1VLI
1232 159 1601 217 CAPITOLINI

353 330 550 390 minus
591 325 954 395 contulerat;
1002 325 1273 407 plerique
1314 326 1517 388 dicunt
1546 325 1904 396 Hemonam,
1949 325 2049 387 alii
2078 324 2293 390 Archi-

353 431 577 483 meam,
641 419 806 474 certe
848 429 999 490 quae
1044 412 1283 474 deserta
1322 431 1355 472 a
1400 410 1630 473 ciuibus
1670 413 1936 472 uenienti
1966 412 2311 472 Maximino·

285 510 319 557 4
351 500 561 579 patuit.
611 498 906 577 ,Longum
938 505 1030 558 est
1059 499 1257 558 omnia
1286 499 1589 577 persequi,
1623 515 1775 577 quae
1805 499 1909 574 qui
1940 499 2095 558 scire
2128 496 2291 559 desi-

353 585 541 654 derat,
574 585 628 644 is
658 581 870 653 uelim,
931 589 999 644 ut
1039 601 1220 662 saepe
1251 583 1403 652 dixi,
1464 581 1623 661 legat
1654 582 1943 651 Cordum,
2007 583 2109 660 qui
2136 581 2293 642 haec

286 680 320 728 5
354 672 554 731 omnia
613 685 807 746 usque
866 667 940 728 ad
999 667 1281 729 fabellam
1341 670 1603 747 scripsit.
1680 667 2013 748 Sepulchra
2074 686 2289 728 eorum
2346 681 2373 720 5

351 754 516 816 nulla
581 759 806 814 extant.
910 755 977 813 in
1036 753 1439 832 profluentem
1498 755 1659 814 enim
1720 753 2015 816 cadauera
2076 771 2291 814 eorum

353 841 536 902 missa
579 845 748 907 sunt,
785 844 846 899 et
875 839 1069 917 capita
1111 857 1321 900 eorum
1364 841 1426 899 in
1474 857 1687 917 campo
1720 838 1931 900 Martio
1962 837 2291 899 insultante

353 923 577 1005 populo
611 931 837 984 exusta.

143 1006 234 1073 32
261 1007 336 1088 (6)
488 1008 709 1072 Scribit
747 1007 948 1070 Aelius
991 1007 1280 1077 Sabinus,
1326 1008 1484 1086 quod
1524 1008 2123 1088 praetermittendum
2164 1025 2290 1068 non

351 1096 481 1165 fuit,
516 1102 740 1156 tantam
770 1093 1280 1174 pulchritudinem
1322 1096 1449 1154 oris
1476 1095 1665 1155 fuisse
1694 1096 1756 1154 in
1803 1093 1952 1162 filio,
2000 1103 2067 1154 ut
2108 1094 2289 1154 etiam
2322 1106 2373 1148 10

353 1187 534 1260 caput
565 1182 694 1242 eius
725 1181 948 1241 mortui
977 1181 1096 1240 iam
1126 1181 1387 1257 nigrum,
1420 1181 1538 1240 iam
1564 1179 1836 1248 sordens,
1868 1181 1987 1240 iam
2019 1196 2288 1238 macera-

352 1272 509 1336 tum,
572 1265 877 1327 diffluente
920 1264 1082 1334 tabo,
1119 1263 1214 1326 uel
1245 1263 1495 1326 umbrae
1537 1263 1901 1344 pulchrioris
1952 1263 2285 1324 uideretur.

284 1365 315 1411 2
353 1350 610 1428 denique
642 1369 779 1412 cum
809 1352 1023 1428 ingens
1052 1351 1337 1428 gaudium
1368 1357 1545 1420 esset,
1580 1349 1740 1428 quod
1771 1357 1953 1429 caput
1980 1348 2289 1409 Maximini

353 1436 689 1505 uideretur,
752 1453 942 1514 prope
985 1453 1095 1514 par
1139 1453 1382 1496 maeror
1415 1444 1575 1506 erat,
1640 1434 1800 1512 quod
1834 1444 1893 1496 et
1924 1434 2029 1494 filii
2057 1435 2287 1513 pariter

285 1534 316 1581 3
351 1528 710 1601 portaretur.
787 1519 1014 1581 addidit
1044 1520 1381 1600 DexippuS,
1444 1527 1673 1582 tantum
1706 1519 1911 1581 odium
1942 1520 2125 1581 fuisse
2158 1518 2284 1579 Ma·
2320 1532 2370 1572 15

351 1606 578 1674 ximini,
612 1613 679 1665 ut
707 1605 1043 1666 intersectis
1067 1604 1386 1666 Gordianis
1419 1607 1628 1684 uiginti
1658 1607 1825 1677 uiros
1848 1611 2089 1666 senatus
2114 1622 2284 1664 crea-

351 1692 528 1759 uerit,
563 1706 714 1768 quos
744 1696 1080 1769 opponeret
1107 1689 1445 1752 Maximino.
1522 1693 1585 1752 in
1628 1689 1845 1768 quibus
1875 1691 2123 1752 fuerunt
2146 1689 2285 1750 Bal-

353 1775 530 1836 binus
563 1782 622 1836 et
653 1776 969 1846 MaximuS,
1015 1792 1170 1853 quos
1213 1783 1423 1837 contra
1466 1795 1605 1840 eum
1646 1777 1958 1856 principes
1988 1775 2285 1836 fecerunt.

283 1871 317 1920 4
350 1860 512 1921 idem
541 1860 784 1930 addidit,
833 1861 895 1920 in
927 1868 1255 1940 conspectu
1287 1861 1591 1922 Maximini
1629 1863 1749 1922 iam
1779 1860 2004 1922 deserti
2048 1879 2083 1920 a
2126 1859 2282 1920 mili-

351 1945 515 2008 tibus
548 1954 608 2007 et
637 1946 1010 2026 praefectum
1050 1947 1355 2026 praetorio
1396 1947 1588 2026 ipsius
1632 1945 1909 2008 etlilium
1952 1948 2081 2007 eius
2122 1946 2280 2006 occi·
2313 1959 2367 2000 20
2458 1949 2463 1962 ·

199 2101 209 2126 1
284 2042 318 2090 5
353 2049 507 2092 sum.
581 2049 695 2093 nec
726 2031 942 2092 desunt
969 2030 1240 2093 historici
1270 2033 1375 2110 qui
1404 2032 1619 2101 dicant,
1653 2034 1853 2111 ipsum
1875 2032 2283 2099 Maximinum,

351 2116 455 2177 uhi
497 2115 776 2178 desertus
820 2122 912 2177 est
952 2123 1013 2177 et
1051 2116 1154 2178 ubi
1196 2116 1383 2178 filium
1424 2119 1851 2196 interemptum
1892 2123 2031 2177 ante
2072 2114 2285 2176 oculos

351 2219 492 2263 suos
523 2201 688 2272 uidit,
723 2219 904 2263 manu
934 2220 1041 2264 sua
1073 2221 1138 2264 se
1167 2203 1575 2273 interfecisse,
1622 2220 1698 2262 ne
1731 2201 1873 2279 quid
1904 2204 1960 2263 ei
1989 2199 2285 2262 muliebre

353 2288 552 2348 contin
599 2295 744 2348 eret.

142 2367 229 2434 33
256 2371 332 2454 (7)
482 2304 994 2433 Prgetereundum
1035 2390 1112 2433 ne
1155 2371 1304 2433 illud
1334 2371 1575 2450 quidem
1634 2378 1727 2432 est
1786 2371 1945 2449 quod
1979 2377 2138 2432 tanta
2167 2369 2284 2432 fide
2314 2385 2367 2426 25

352 2455 757 2536 Aquileienses
815 2463 1024 2517 contra
1053 2455 1441 2517 Maximinum
1499 2474 1609 2534 pro
1672 2463 1883 2518 senatu
1910 2458 2183 2524 fuerunt,
2217 2464 2285 2515 ut

350 2541 524 2602 funes
584 2541 660 2601 de
717 2539 948 2619 capillis
1005 2539 1400 2602 muliebribus
1458 2542 1759 2610 facerent,
1822 2560 1959 2603 cum
2003 2541 2287 2602 deessent

284 2639 316 2688 2
352 2627 526 2687 nerui
583 2625 656 2687 ad
717 2627 958 2704 sagittas
1019 2625 1389 2688 emittendas,
1477 2626 1636 2704 quod
1695 2625 2013 2704 aliquando
2056 2625 2284 2686 Romae

351 2711 567 2773 dicitur
596 2713 848 2780 factum,
893 2710 1052 2770 unde
1093 2712 1157 2771 in
1200 2709 1495 2772 bonorem
1538 2721 1951 2774 matronarum
1993 2709 2282 2790 templum

353 2797 568 2858 Veneri
599 2794 814 2858 Caluae
845 2802 1085 2857 senatus
1113 2795 1354 2858 dicauit.
2309 2809 2365 2849 ³0

479 2882 636 2943 Sane
669 2880 827 2958 quod
859 2879 1022 2942 nullo
1053 2881 1117 2942 in
1148 2879 1280 2942 loco
1314 2880 1631 2944 tacendum
1665 2889 1771 2951 est,
1809 2901 1943 2942 cum
1975 2889 2034 2944 et
2062 2881 2280 2958 Dexip-

347 2985 461 3046 pus
493 2975 551 3026 et
571 2968 858 3028 Arrianus
892 2973 952 3027 et
978 2964 1152 3029 multi
1182 2965 1281 3027 alii
1312 2966 1525 3028 Graeci
1556 2967 1946 3046 scripserunt,
1959 2967 2281 3028 Maximum

353 3058 414 3111 et
442 3049 758 3112 Balbinum
785 3052 1184 3131 imperatores
1230 3060 1439 3113 contra
1481 3051 1866 3113 Maximinum
1897 3053 2117 3120 factos,
2156 3049 2280 3111 Ma-

352 3137 574 3196 ximum
605 3144 802 3196 autem
860 3155 995 3197 cum
1036 3137 1303 3198 exercitu
1333 3139 1581 3198 missum
1643 3144 1703 3198 et
1744 3136 1901 3218 apud
1929 3137 2279 3198 Rauennam

484 3289 516 3337 3
543 3286 892 3337 desideratus
916 3287 986 3338 B¹
1127 3290 1160 3338 6
1185 3290 1535 3354 profuentem
1558 3287 1708 3339 B¹P¹
1849 3291 1912 3340 15
1938 3286 2095 3338 addit
2119 3287 2180 3338 M

350 3356 415 3405 19
441 3359 798 3419 conspectum
821 3357 870 3406 P
1025 3359 1092 3408 20
1126 3357 1407 3407 anolinum
1440 3361 1497 3407 et
1520 3355 1668 3406 P³M
1820 3358 1888 3408 24
1923 3356 2283 3421 congingeret

347 3423 427 3472 P¹
566 3425 630 3472 17
653 3423 976 3474 mulieribus
999 3424 1104 3475 BP
1123 3441 1215 3475 em.
1245 3425 1336 3475 Gr.
1362 3424 1648 3474 mulierum
1673 3425 1734 3476 M
1877 3427 1944 3474 29
1968 3419 2292 3474 mati-omini

348 3489 422 3541 ,Β1
560 3493 626 3541 33
650 3491 916 3542 babinum
937 3491 988 3541 B
1066 3495 1134 3543 34
1157 3493 1463 3542 exercitum
1485 3492 1589 3542 BP
1721 3493 2019 3543 rabennam
2046 3491 2149 3540 BP
