2517 3884
769 187 1202 276 SATVRNINVS.
1294 219 1349 276 c.
1394 223 1566 276 e—e.
1610 185 1657 307 J
2008 213 2136 279 209

187 407 410 472 ponam
443 405 518 447 ex
559 385 730 445 libris
762 384 1108 464 Phlegontis
1137 385 1339 447 liberti
1372 388 1501 448 eius
1539 387 1868 468 proditam,
1915 405 1987 448 ex
2020 406 2137 469 qua

189 476 432 556 penitus
460 472 886 551 Aegyptiorum
919 472 1040 554 uita
1070 470 1386 550 detegitur.

323 556 704 628 „Hadrianus
744 556 1042 633 Augustus
1073 555 1367 616 Seruiano
1399 554 1631 618 consuli
1661 556 1933 620 salutem.
2170 560 2211 625 8

320 646 674 721 Aegyptum,
722 657 900 718 quam
943 638 1089 701 mihi
1138 639 1443 710 laudabas,
1484 641 1778 704 Seruiane
1807 644 2134 710 carissime,
2184 688 2189 694 .

138 749 167 790 5
193 736 383 791 totam
413 727 591 787 didici
620 724 818 785 leuem
848 722 1166 804 pendulam
1199 725 1356 785 etad
1387 726 1586 787 omnia
1613 727 1808 791 famae
1838 735 2141 788 momenta

193 811 561 875 uolitantem.
601 809 722 870 illic
749 811 853 886 qui
895 809 1182 888 Serapem
1213 809 1417 870 colunt
1446 809 1766 873 Christiani
1788 819 1930 874 sunt
1954 819 2013 872 et
2036 810 2139 872 de·
2176 828 2208 876 2

196 899 324 960 uoti
355 903 494 958 sunt
525 895 734 973 Serapi
764 895 956 973 quise
980 894 1198 955 Christi
1223 895 1535 974 episcopos
1560 895 1783 965 dicunt,
1816 914 1996 957 nemo
2020 895 2141 957 illic
2212 955 2217 960 .

197 980 703 1060 archisynagogus
745 978 1119 1048 ludaeorum,
1164 995 1344 1039 nemo
1376 977 1717 1050 SamariteS,
1762 999 1939 1042 nemo
1971 980 2140 1042 Chri·
2178 997 2211 1045 3

201 1070 530 1129 stianorum
571 1061 889 1144 presbyter
943 1081 1061 1124 non
1106 1063 1589 1134 mathematicuS,
1651 1083 1775 1124 non
1817 1065 2139 1144 haruspex,

121 1177 175 1217 10
202 1170 325 1214 non
367 1150 596 1229 aliptes.
645 1149 776 1227 ipse
813 1147 916 1208 ille
954 1148 1293 1226 patriarcha
1336 1165 1472 1209 cum
1513 1149 1845 1230 Aegyptum
1888 1152 2142 1218 uenerit,
2188 1165 2223 1214 4

203 1237 277 1300 ab
308 1234 439 1297 aliis
470 1233 817 1312 Serapidem
857 1233 1126 1303 adorare,
1161 1232 1235 1293 ab
1268 1231 1395 1312 aliis
1428 1235 1660 1311 cogitur
1690 1232 2009 1295 Christum.
2042 1251 2145 1312 ge·
2183 1248 2217 1297 5

203 1341 320 1384 nus
373 1320 684 1382 hominum
735 1317 1252 1391 seditiosissimum
1312 1319 1703 1380 uanissimum
1755 1319 2144 1379 iniuriosissi-

183 1424 400 1484 mum,
452 1406 662 1469 ciuitas
703 1400 985 1482 opulenta
1031 1403 1200 1463 diues
1243 1403 1499 1464 fecunda
1528 1404 1591 1463 in
1632 1421 1748 1480 qua
1776 1399 1955 1464 nemo
1985 1405 2149 1463 uiuat

209 1492 452 1568 otiosus.
518 1488 621 1548 alii
662 1490 888 1548 nitrum
931 1485 1221 1557 conflant,
1274 1487 1405 1549 aliis
1449 1485 1655 1550 charta
1686 1488 2014 1558 conficitur,
2050 1487 2148 1548 alii
2185 1501 2219 1550 6

129 1599 184 1640 15
212 1574 528 1643 linifiones,
585 1591 794 1634 omnes
837 1578 1000 1634 certe
1042 1573 1469 1650 cuiuscumque
1502 1575 1645 1634 artis
1676 1581 1736 1634 et
1776 1571 2057 1634 uidentur
2091 1579 2151 1632 et

211 1658 527 1720 hahentur.
554 1657 874 1737 podagrosi
897 1656 1055 1735 quod
1080 1665 1256 1736 agant
1280 1656 1519 1728 habent,
1556 1657 1783 1738 habent
1806 1655 1961 1738 [cesi
1987 1656 2149 1734 quod

213 1753 390 1823 agant
443 1740 693 1822 habent]
751 1744 912 1802 caeci
966 1743 1124 1820 quod
1170 1743 1407 1812 faciant,
1440 1753 1528 1802 ‘ne
1560 1743 1877 1822 chiragrici
1910 1741 2151 1820 quidem

213 1835 357 1909 aput
377 1847 479 1890 eos
520 1829 698 1888 otiosi
730 1829 958 1888 uiuunt.
1025 1845 1176 1888 unus
1208 1827 1325 1888 illis
1355 1827 1504 1887 deus
1534 1845 1815 1888 nummus
1848 1834 1957 1886 est.
1992 1825 2153 1886 hunc
2190 1839 2223 1888 7

215 1913 549 1980 Christiani,
583 1912 744 1972 hunc
767 1911 984 1981 ludaei,
1017 1911 1178 1971 hunc
1199 1929 1409 1972 omnes
1436 1918 1805 1972 uenerantur
1833 1918 1893 1970 et
1920 1919 2150 1988 gentes.

134 2027 190 2066 20
219 2006 278 2058 et
299 1999 526 2077 utinam
557 1995 769 2055 melius
801 2002 962 2056 esset
991 2002 1219 2056 morata
1243 1996 1471 2063 ciuitas,
1504 1994 1681 2072 digna
1702 1996 1975 2074 profecto
2002 2009 2155 2071 quae

216 2101 326 2162 pro
368 2081 461 2140 sui
499 2078 878 2148 fecunditate,
926 2095 1078 2155 quae
1119 2096 1230 2157 pro
1274 2079 1365 2138 sui
1394 2079 1800 2158 magnitudine
1828 2079 2009 2138 totius
2042 2079 2157 2139 Ae-

216 2166 382 2246 gypti
411 2170 613 2233 teneat
655 2163 1072 2240 principatum.
1141 2162 1278 2222 huic
1309 2179 1419 2240 ego
1462 2169 1673 2223 cuncta
1717 2165 2005 2243 concessi,
2050 2176 2227 2226 ue-.8

217 2259 347 2310 tera
377 2245 691 2327 priuilegia
720 2245 971 2315 reddidi,
1004 2263 1162 2306 noua
1193 2248 1280 2307 sic
1304 2246 1503 2308 addidi
1528 2255 1594 2308 ut
1613 2249 1916 2327 praesenti
1938 2247 2163 2326 gratias

221 2340 484 2412 agerent.
567 2327 823 2410 denique
875 2338 942 2391 ut
980 2332 1241 2409 primum
1271 2331 1411 2392 inde
1442 2331 1722 2400 discessi,
1772 2340 1830 2392 et
1869 2333 1933 2392 in
1974 2331 2161 2412 tilium

137 2446 195 2488 25
219 2418 433 2481 meum
448 2418 664 2478 Verum
696 2415 880 2477 multa
909 2415 1204 2486 dixerunt,
1239 2423 1299 2476 et
1328 2415 1403 2476 de
1433 2418 1685 2478 Antinoo
1711 2434 1860 2494 quae
1883 2417 2161 2486 dixerint,

222 2504 586 2582 comperisse
630 2509 686 2562 te
741 2501 940 2562 credo.
986 2493 1134 2561 nihil
1182 2500 1301 2562 illis
1345 2507 1506 2579 opto,
1551 2503 1670 2562 nisi
1711 2509 1777 2562 ut
1820 2503 1945 2562 suis
1983 2500 2161 2580 pullis
2198 2516 2233 2566 9

221 2587 486 2656 alantur,
532 2605 682 2665 quos
736 2586 1234 2663 quemadmodum
1288 2586 1637 2656 secundant,
1702 2585 1883 2666 pudet
1935 2586 2156 2648 dicere.

224 2671 450 2734 Calices
484 2669 590 2730 tibi
632 2668 978 2731 allassontes
1006 2671 1405 2732 uersicolores
1450 2673 1780 2740 transmisi,
1836 2688 1982 2747 quos
2012 2669 2160 2730 mihi
2197 2685 2267 2734 10

333 2859 360 2906 1
388 2870 595 2906 romam
618 2853 784 2904 BPM
802 2855 1044 2905 inseram
1066 2858 1148 2904 uel
1172 2871 1375 2920 ponam
1400 2853 1491 2918 (cf.
1516 2872 1559 2908 c.
1588 2859 1672 2913 12,
1700 2856 1751 2918 6)
1776 2857 1967 2920 scripsi
1988 2869 2167 2904 exerc.

227 2931 343 2976 crit.
368 2941 422 2989 p.
449 2927 516 2974 21
543 2937 787 2988 promam
810 2921 1064 2986 Eyssenh.
1173 2927 1230 2972 et
1262 2923 1307 2972 B
1408 2923 1668 2988 flegontis
1691 2923 1794 2976 BP
1892 2925 1924 2971 6
1948 2921 2047 2972 illa.
2071 2922 2174 2972 BP

228 2993 315 3043 illi
337 2992 404 3042 M
423 3007 511 3042 em.
528 2990 571 3041 0
672 2992 704 3041 8
727 2989 1012 3040 iudeorum
1036 2989 1141 3039 BP
1229 2993 1263 3040 9
1288 2990 1677 3055 presbiterBP
1766 2993 1829 3041 10
1854 2987 2175 3054 aliptasBP

335 3063 398 3110 11
428 3059 617 3124 cogita
642 3058 694 3107 B
809 3057 1038 3107 eristum
1061 3057 1112 3107 B
1229 3060 1295 3108 14
1319 3058 1651 3108 comfflmtB
1762 3059 1833 3109 ab
1858 3057 1985 3108 aliis
2010 3057 2078 3108 M

231 3128 426 3178 cartha.
450 3125 620 3176 BPM
730 3123 1035 3176 comficitur
1057 3125 1162 3176 BP
1273 3125 1372 3175 alii
1398 3127 1518 3177 add.
1546 3125 1587 3175 S
1712 3127 1777 3177 15
1803 3134 1991 3176 omnes
2016 3131 2171 3177 certe

231 3194 512 3247 linifiones
533 3193 705 3246 BPM
743 3196 1065 3260 transposuit
1085 3192 1128 3243 S
1169 3243 1183 3258 ,
1287 3195 1351 3243 16
1374 3192 1590 3244 habent·
1610 3193 1730 3244 BM
1885 3194 2001 3244 cesi
2026 3191 2175 3260 quod

233 3268 409 3329 agant
441 3261 653 3314 habent
685 3264 836 3313 eiecit
858 3261 901 3312 S
1041 3263 1105 3312 18
1127 3261 1313 3312 nullus
1344 3261 1450 3311 BP
1478 3278 1571 3312 om.
1596 3261 1663 3311 M
1682 3277 1775 3314 em.
1799 3263 2050 3314 Lehrsius
2082 3279 2174 3328 ap.

234 3332 690 3382 Friedlaenderwn
714 3331 1202 3394 ‚,Darstellunyen“
1225 3330 1299 3380 II
1314 3347 1374 3394 p.
1398 3332 1503 3380 208
1655 3331 1719 3381 19
1742 3329 1897 3380 iudei
1919 3330 1971 3379 B
2096 3331 2177 3380 -21
2272 3358 2279 3364 ·
2326 3388 2339 3399 ·

235 3413 383 3463 quae
410 3413 508 3462 pro
533 3413 635 3448 om.
660 3398 727 3448 M
861 3397 1139 3449 funditate
1161 3397 1268 3461 BP
1306 3396 1693 3464 profunditate
1717 3397 1785 3448 M
1826 3397 2177 3451 fecunditate

241 3468 393 3530 Κεφ·
507 3468 571 3515 22
597 3471 830 3517 teneant
854 3466 956 3516 BP
975 3474 1012 3521 t.
1037 3467 1190 3520 Iord.
1294 3468 1361 3522 25
1386 3465 1652 3518 antonino
1676 3465 1847 3516 BPM
1864 3481 1955 3518 em.
1984 3465 2175 3529 Eynat.

343 3534 410 3582 28
434 3529 740 3584 allassenas
765 3533 836 3584 B¹
992 3531 1347 3590 uersiboloris
1371 3533 1686 3586 transmissi
1707 3533 1762 3585 B
1784 3531 1843 3584 id
1869 3539 1954 3584 est
1976 3545 2123 3584 uers.
2139 3530 2181 3580 S

309 3649 522 3686 scium.
551 3651 699 3690 ms'r.
721 3651 852 3688 Avo.
878 3639 952 3690 11.
1696 3617 1776 3681 14
