2517 3884
489 995 852 1072 FLAVII
910 995 1332 1073 v0P1s01
1392 996 1938 1074 SYRAcvsn

765 1202 847 1298 Τ
898 1202 992 1297 A
1045 1200 1124 1299 G
1185 1201 1240 1298 Ι
1304 1203 1386 1299 Τ
1438 1203 1532 1300 V
1586 1201 1650 1298 S
1757 1203 1769 1215 '

364 1469 540 1541 Quod
567 1477 706 1549 post
736 1488 1045 1532 excessum
1074 1470 1315 1534 Romuli
1357 1470 1599 1532 nouello
1642 1470 1835 1533 adhuc
1878 1471 2179 1533 Romanae
2216 1475 2249 1536 1

233 1554 405 1616 urbis
436 1555 689 1634 imperio
731 1557 952 1616 factum
996 1558 1340 1635 pontifices,
1403 1575 1592 1636 penes
1636 1575 1784 1635 quos
1826 1556 2179 1621 scribendae

171 1659 206 1700 5
233 1639 524 1700 historiae
553 1647 818 1719 potestas
850 1641 986 1710 fuit,
1032 1643 1098 1700 in
1127 1640 1358 1703 litteras
1395 1642 1783 1710 rettulerunt,
1820 1649 1886 1701 ut
1922 1643 2177 1702 interre-

235 1741 443 1802 gnum,
475 1723 619 1784 dum
649 1731 787 1804 post
816 1723 1042 1785 bonum
1071 1727 1408 1806 principem
1441 1726 1633 1786 bonus
1664 1725 1815 1786 alius
1847 1728 2201 1802 quaeritur„

233 1811 512 1878 iniretur,
553 1809 669 1870 hoc
699 1815 837 1887 post
867 1808 1248 1884 Aurelianum
1279 1810 1483 1871 habito
1514 1813 1673 1883 inter
1704 1817 1972 1870 senatum
2007 1828 2177 1870 exer·
2201 1829 2258 1900 χ

235 1895 542 1970 citumque
573 1892 908 1954 Romanum
947 1912 1071 1954 non
1109 1894 1316 1955 inuido
1361 1913 1482 1955 non
1510 1894 1664 1954 tristi
1698 1893 1802 1953 sed
1836 1900 2003 1971 grato
2034 1893 2174 1953 reli·

234 1979 526 2055 gioseque
559 1979 884 2038 certamine
916 1997 1021 2038 sex
1050 1980 1192 2039 totis
1222 1978 1533 2039 mensibus
1565 1979 1785 2038 factum
1817 1986 1925 2038 est.
1972 1977 2174 2037 multis
2211 1989 2244 2037 2

149 2082 206 2122 10
235 2070 437 2122 tamen
467 2061 660 2122 modis
691 2061 840 2123 haec
871 2061 945 2123 ab
975 2061 1078 2122 illo
1109 2064 1351 2140 negotio
1385 2081 1559 2123 causa
1590 2068 1863 2141 separata
1896 2069 2003 2122 est.
2060 2064 2177 2122 iam

232 2148 494 2226 primum
541 2147 728 2217 enim,
793 2165 926 2207 cum
969 2149 1385 2225 interregnum
1421 2148 1633 2207 initum
1668 2153 1758 2207 est
1786 2153 1920 2226 post
1949 2145 2170 2207 Romu-

231 2231 376 2300 lum,
421 2230 757 2308 interreges
785 2239 988 2292 tamen
1019 2233 1159 2292 facti
1201 2238 1359 2301 sunt,
1404 2239 1681 2307 totusque
1710 2228 1814 2290 ille
1846 2249 2038 2292 annus
2066 2248 2178 2308 per

236 2317 451 2392 quinos
483 2321 542 2374 et
575 2321 896 2394 quaternos
937 2315 1066 2376 dies
1111 2317 1240 2376 siue
1282 2324 1490 2376 ternos
1527 2322 1769 2375 centum
1801 2313 2177 2376 senatoribus

235 2399 554 2482 deputatus
586 2407 695 2469 est,
728 2401 808 2462 ita
836 2408 901 2460 ut
927 2402 1030 2480 qui
1055 2400 1328 2462 ualerent
1357 2401 1692 2478 interreges
1726 2406 1929 2460 essent
1960 2397 2177 2478 singuli

149 2503 208 2544 15
235 2483 562 2544 dumtaxat.
599 2499 710 2562 qua
742 2503 810 2544 re
840 2486 1060 2545 factum
1091 2491 1202 2555 est,
1234 2491 1302 2544 ut
1326 2493 1384 2545 et
1408 2484 1542 2564 plus
1574 2502 1731 2544 anno
1761 2485 2175 2562 interregnum
2211 2494 2244 2542 3

233 2569 505 2638 iniretur,
538 2587 616 2628 ne
646 2567 858 2648 aliquis
887 2568 1000 2630 sub
1031 2568 1329 2647 aequabili
1360 2569 1644 2647 dignitate
1675 2568 1929 2629 Romani
1959 2586 2175 2647 expers

233 2660 581 2714 remaneret
607 2655 866 2731 imperii.
901 2653 1019 2714 huc
1052 2655 1282 2715 accedit
1305 2653 1464 2732 quod
1490 2655 1666 2714 etiam
1688 2652 1799 2713 sub
1826 2652 2175 2713 consulibus
2209 2662 2245 2710 4

233 2736 614 2814 tribunisque
673 2737 1031 2798 militaribus
1088 2739 1377 2817 praeditis
1427 2738 1679 2818 imperio
1732 2736 2059 2806 consulari,
2122 2737 2173 2796 si

232 2821 473 2900 quando
502 2823 914 2900 interregnum
945 2825 1160 2883 initum
1206 2830 1323 2891 est,
1366 2824 1703 2899 interreges
1743 2821 2025 2889 fuerunt,·
2062 2837 2174 2880 nec

145 2925 208 2966 20
233 2923 520 2982 umquam
550 2907 632 2966 ita
661 2924 850 2968 uacua
880 2908 993 2967 fuit
1023 2906 1138 2966 hoc
1168 2908 1409 2967 nomine
1421 2905 1688 2966 Romana
1718 2923 1819 2964 res
1851 2923 1909 2983 p.
1943 2911 2008 2964 ut
2039 2903 2172 2965 nul-

233 2989 330 3050 lus
359 2992 628 3050 interrex
656 2990 840 3051 biduo
871 2991 1080 3052 saltem
1110 2991 1389 3051 triduoue
1420 2997 1749 3051 crearetur.
1796 2988 1992 3057 uideo,
2027 2987 2175 3049 mihi
2210 2998 2243 3048 5

229 3092 414 3156 posse
455 3073 644 3142 obici,
703 3074 947 3135 curules
997 3076 1379 3153 magistratus
1429 3073 1586 3154 apud
1628 3074 1885 3132 maiores
1930 3079 2172 3134 nostros

374 3295 402 3342 1
427 3293 631 3358 incipit
656 3292 902 3343 eiusdem
925 3294 1135 3343 tacitus
1157 3292 1263 3342 BP
1392 3293 1427 3342 4
1452 3291 1600 3356 quod
1620 3291 1674 3341 B
1706 3306 1844 3356 quos
1868 3293 2046 3342 serius
2072 3308 2176 3343 scr.

233 3361 302 3412 M
435 3362 469 3410 8
491 3359 802 3425 reliosoque
825 3359 951 3411 BP¹
979 3359 1138 3424 (corr.
1166 3359 1266 3423 1²⁸)
1395 3362 1455 3410 11
1482 3359 1750 3410 ramulum
1771 3358 1851 3409 Β1
1991 3363 2053 3410 12
2080 3376 2178 3410 an-

233 3443 338 3479 nos
362 3427 492 3478 BP¹
632 3431 698 3480 15
721 3428 846 3494 plus
870 3443 1046 3479 annos
1070 3427 1174 3478 BP
1193 3427 1382 3492 plures
1406 3442 1581 3478 annos
1606 3427 1669 3478 M
1690 3443 1783 3482 em.
1810 3426 1853 3478 S
1989 3429 2053 3483 18
2077 3428 2178 3477 tri-

231 3496 401 3546 bunis
427 3495 524 3561 qui
546 3495 714 3546 BPM
846 3495 1090 3560 praediti
1113 3493 1301 3546 B¹PM
1325 3495 1539 3561 praedii
1561 3495 1613 3546 B
1621 3493 1645 3528 ¹
