2517 3884
394 179 516 244 196
1039 220 1078 242 .
1091 183 1216 238 FLA
1224 179 1312 237 Vll
1355 179 1603 237 vopisc!

323 351 357 410 5
518 351 626 412 His
685 350 866 428 gestis
926 366 1061 409 cum
1120 350 1348 426 ingenti
1390 349 1656 410 exercitu
1699 345 1921 408 Gallias
1961 348 2128 426 petit,
2150 367 2331 428 -quae

383 455 602 504 ,omnes
643 435 839 496 occiso
882 431 1166 494 Postumo
1219 432 1497 495 turbatae
1538 434 1793 501 fuerant,
1846 434 2163 494 interfecto
2208 435 2328 495 Au-

325 529 359 578 6
394 521 622 582 reliano
655 539 688 582 a
731 519 1043 580 Germanis
1081 535 1417 598 possessae.
1483 523 1646 579 tanta
1688 523 1889 579 autem
1932 514 2077 578 illic*
2094 515 2326 598 proelia

393 615 452 667 et
489 615 612 668 tam
653 603 906 682 feliciter
947 605 1136 684 gessit
1162 610 1228 664 ut
1270 621 1304 664 a
1333 601 1605 664 barbaris
1636 603 1937 680 sexaginta
1966 620 2079 682 per
2110 601 2329 664 Gallias

389 689 788 752 nobilissimas
830 692 1128 770 reciperet
1175 689 1466 759 ciuitates,
1508 686 1792 768 praedam
1822 687 2038 748 deinde
2068 706 2327 757 omnem,
2386 703 2417 744 5

390 794 505 856 qua
547 773 635 834 illi
685 781 928 853 praeter
968 773 1206 834 diuitias
1245 774 1424 834 etiam
1478 772 1884 834 efferebantur
1933 773 2007 834 ad
2054 771 2327 852 gloriam.

323 869 356 918 7
394 867 453 920 et
495 878 627 920 cum
673 860 791 919 iam
834 860 898 918 in
937 865 1146 920 nostra
1187 859 1338 938 ripa,
1382 859 1568 918 immo
1605 875 1716 936 per
1747 875 1954 918 omnes
1986 855 2203 919 Gallias
2236 874 2330 917 se-

393 946 524 1005 curi
557 950 936 1022 uagarentur,
992 944 1180 1004 caesis
1208 959 1399 1022 prope
1431 941 1882 1020 quadringentis
1911 940 2178 1011 milibus,
2203 943 2333 1019 ‘qui

389 1029 726 1090 Romanum
769 1034 1212 1108 occupauerant
1257 1025 1483 1097 solum,
1547 1026 1831 1104 reliquias
1873 1025 2029 1086 ultra
2080 1026 2333 1104 Nigrum

320 1122 354 1173 8
387 1113 642 1175 fluuium
692 1121 752 1174 et
801 1109 1010 1174 Albam
1054 1113 1341 1174 remouit.
1404 1118 1629 1173 tantum
1671 1111 1765 1172 his
1814 1110 2073 1190 praedae
2112 1109 2329 1172 barba·
2359 1126 2417 1166 10

390 1201 550 1261 ricae
609 1196 740 1258 tulit
793 1206 1081 1276 quantum
1133 1195 1248 1276 ip‘si
1301 1197 1588 1258 Romanis
1644 1194 2031 1258 abstulerant.
2116 1202 2332 1256 contra

387 1283 571 1344 urbes
600 1283 898 1343 Romanas
929 1289 1122 1344 castra
1159 1285 1223 1341 in
1255 1278 1382 1343 solo
1412 1279 1725 1341 barbarico
1767 1282 1970 1360 posuit
1993 1279 2175 1359 atque
2203 1278 2331 1342 illic

288 1365 372 1430 14
389 1366 608 1428 milites
667 1365 1002 1429 collocauit.
1068 1385 1262 1446 agros,
1298 1366 1515 1426 horrea
1564 1374 1627 1426 et
1680 1365 1889 1426 domos
1931 1371 1991 1424 et
2031 1382 2331 1426 annonam

387 1451 866 1514 Transrhenanis
898 1451 1172 1513 omnibus
1213 1452 1373 1520 fecit,
1406 1452 1459 1510 is
1488 1449 1769 1512 uidelicet
1797 1467 1949 1529 quos
1970 1450 2035 1510 in
2059 1448 2329 1510 excubiis

320 1547 352 1596 2
387 1536 742 1598 conlocauit.
814 1555 926 1597 nec
967 1545 1263 1597 cessatum
1305 1541 1396 1596 est
1436 1549 1719 1611 umquam
1746 1535 2021 1614 pugnari,
2064 1552 2204 1595 cum
2226 1552 2327 1594 co·
2355 1549 2416 1590 15

371 1615 535 1681 'tidie
577 1620 650 1681 ad
682 1636 818 1680 eum
847 1620 1236 1683 barbarorum
1270 1621 1461 1700 capita
1492 1619 1892 1688 deferrentur,
1934 1621 2055 1680 iam
2096 1618 2169 1679 ad
2204 1621 2327 1679 sin-

389 1705 562 1784 gulos
604 1722 816 1766 aureos
857 1705 1107 1783 singula,
1156 1704 1441 1785 quamdiu
1482 1703 1674 1782 reguli
1714 1722 1933 1764 nouem
1966 1721 2039 1764 ex
2070 1702 2331 1764 diuersis

323 1800 356 1850 3
391 1789 672 1868 gentihus
713 1789 991 1851 uenirent
1032 1796 1211 1866 atque
1254 1788 1328 1850 ad
1356 1788 1542 1868 pedes
1572 1788 1753 1850 Probi
1781 1791 2064 1850 iacerent.
2111 1787 2331 1867 quibus

392 1873 491 1935 ille
523 1876 783 1954 primum
815 1873 1054 1936 obsides
1096 1874 1433 1954 imperauit,
1498 1875 1597 1953 qui
1638 1875 1835 1934 statim
1880 1873 2000 1934 dati
2030 1878 2185 1940 sunt,
2222 1871 2325 1932 de-

323 1971 360 2020 4
393 1959 534 2019 inde
563 1960 950 2028 frumentum,
1001 1962 1311 2038 postremo
1343 1960 1520 2020 etiam
1549 1976 1763 2019 uaccas
1794 1968 1971 2038 atque
2002 1975 2164 2018 oues.
2234 1955 2323 2018 di·
2355 1971 2413 2012 20

393 2046 548 2106 citur
576 2045 824 2104 iussisse
863 2044 957 2104 his
989 2045 1205 2112 acrius,
1248 2051 1315 2104 ut
1344 2040 1555 2122 gladiis
1586 2061 1706 2103 non
1740 2049 2075 2110 uterentur,
2108 2041 2327 2102 Roma-

391 2130 965 2208 nam'exspectaturi
995 2128 1425 2203 defensionem,
1460 2129 1511 2188 si
1540 2135 1741 2190 essent
1768 2125 1844 2188 ab
1874 2125 2169 2204 aliquibus
2192 2126 2325 2186 uin-

325 2224 358 2273 5
395 2212 646 2274 dicandi.
711 2212 818 2273 sed
859 2214 1052 2274 uisum
1097 2219 1186 2274 est
1226 2212 1286 2272 id
1328 2230 1450 2273 non
1489 2205 1670 2291 pos‘se
1710 2212 1858 2280 fieri,
1903 2212 2020 2272 nisi
2061 2211 2112 2270 si
2151 2207 2327 2270 limes

393 2298 698 2358 Romanus
730 2297 1172 2366 extenderetur,
1219 2304 1279 2358 et
1320 2297 1492 2358 fieret
1554 2297 1870 2358 Germania
1908 2302 2029 2356 tota
2072 2297 2366 2373 prouin-,

325 2391 358 2440 6
395 2383 502 2441 cia.
549 2383 804 2442 maxime
854 2390 1054 2442 tamen
1094 2382 1242 2460 ipsis
1285 2381 1532 2458 regibus
1572 2377 2082 2442 consentientibus
2123 2381 2187 2438 in
2220 2397 2326 2440 eos
2353 2394 2405 2435 25

395 2463 760 2525 uindicatum
803 2473 894 2525 est
959 2467 1061 2542 qui
1105 2464 1390 2545 praedam
1446 2463 1701 2540 fideliter
1745 2484 1865 2526 non
1909 2463 2323 2524 reddiderunt.

327 2559 358 2610 ’1
397 2550 624 2627 accepit
653 2556 965 2628 praeterea
997 2549 1256 2610 sedecim
1289 2549 1450 2610 milia
1479 2556 1775 2630 tyronum,
1794 2568 1945 2630 quos
1976 2565 2183 2610 omnes
2214 2555 2327 2627 per

393 2633 666 2694 diuersas
705 2635 1048 2713 prouincias
1079 2634 1327 2713 sparsit,
1370 2635 1453 2695 ita
1484 2641 1550 2694 ut
1578 2636 1845 2696 numeris
1877 2632 1976 2694 uel
2005 2632 2327 2693 limitaneis

297 2739 303 2747 ·
389 2717 678 2780 militibus
730 2719 1179 2797 quinquagenos
1210 2726 1271 2779 et
1307 2737 1637 2798 sexagenos
1675 2721 2082 2788 intersereret,
2118 2718 2325 2778 dicens

389 2802 771 2864 sentiendum
813 2821 943 2864 esse
983 2821 1104 2864 non
1143 2803 1504 2872 uidendum,
1563 2822 1699 2865 cum
1740 2801 2125 2864 auxiliaribus
2182 2801 2323 2863 bar·-
2350 2815 2401 2856 30

388 2889 552 2950 baris
581 2889 880 2952 Romanus
901 2891 1160 2949 iuuatur.

290 2969 372 3035 15
518 2972 874 3052 Compositis
912 2974 1095 3050 igitur
1148 2970 1331 3033 rebus
1371 2973 1435 3034 in
1477 2971 1664 3034 Gallia
1716 2971 1865 3034 tales
1918 2971 1992 3032 ad
2047 2979 2323 3032 senatum

389 3057 619 3117 litteras
649 3057 842 3118 dedit:
885 3059 1050 3135 „Ago
1083 3057 1194 3118 diis
1222 3055 1640 3118 inmortalibus
1670 3058 1912 3134 gratias,
1971 3073 2031 3134 p.
2066 3074 2148 3126 c.,
2183 3056 2322 3133 quia

364 3287 383 3290 .„
526 3226 558 3274 3
583 3227 705 3273 tata
730 3223 805 3275 P¹
943 3224 978 3275 4
1002 3230 1058 3276 et
1084 3229 1199 3275 tam
1221 3241 1315 3276 om.
1345 3224 1405 3274 M
1542 3227 1573 3276 5
1597 3224 1873 3290 receperit
1897 3221 1974 3274 Ρ1
2122 3224 2155 3273 6
2180 3222 2323 3274 diui-

387 3303 492 3338 nas
515 3294 702 3340 tamen
725 3288 894 3344 BPM
1033 3292 1412 3344 efferabantur
1432 3291 1538 3342 BP
1692 3294 1723 3342 8
1749 3291 2249 3357 quadi-ingentibus
2270 3291 2325 3340 B

389 3355 776 3422 quadrigentis
798 3360 852 3409 P
1004 3363 1036 3411 9
1061 3359 1495 3425 reliquas·BPM
1650 3361 1711 3410 11
1737 3357 1869 3410 tulit
1890 3375 1991 3410 om.
2014 3357 2092 3408 P¹
2258 3361 2325 3408 14

388 3424 798 3476 transrhenaris
820 3425 893 3476 Β1
1031 3427 1118 3478 his
1140 3428 1311 3478 BPM
1442 3429 1506 3476 16
1532 3426 1873 3478 defferentur
1894 3427 1947 3476 B
2104 3427 2171 3476 26
2196 3423 2322 3477 feli-

389 3490 532 3541 citer
555 3490 634 3541 P¹
769 3496 832 3544 31
857 3493 1082 3546 iubetur
1104 3494 1231 3547 BP¹
1871 3537 1883 3546 -
