2517 3884
403 175 527 240 180
856 161 860 167 ’
1113 179 1334 237 rtAvu
1374 177 1627 236 VOPISCI

337 360 372 410 3
409 370 526 434 que
555 353 778 410 uirtute
809 348 1183 428 compressit.
1217 349 1337 426 ipsi
1366 352 1569 408 autem
1596 347 1889 408 Meotidae
1918 347 2002 406 ita
2036 365 2105 408 se
2133 363 2351 424 grega-

409 439 606 506 bant‚'
629 435 801 512 quasi
839 433 1028 493 accitu
1069 431 1377 495 Aureliani
1415 431 1489 492 ad
1528 430 1754 492 bellum
1783 432 2089 494 Persicum
2124 449 2351 494 conue-

387 525 664 591 nissent,
709 517 992 580 auxilium
1034 515 1231 578 daturi
1259 518 1513 586 nostris,
1546 518 1599 577 si
1636 517 1965 578 necessitas
1994 516 2350 597 postularet.

371 609 490 670 4M.
523 604 753 666 Tullius
784 602 957 672 dicit,
989 601 1465 680 magnificentius
1505 619 1641 662 esse
1686 601 1927 673 dicere‚·
1964 601 2352 680 quemadmo-

409 683 558 762 dum
603 690 856 764 aesserit
905 703 1088 762 quam
1129 686 1627 762 quemadmodum
1668 688 1899 766 ceperit
1939 687 2350 748 consulatum:
2410 697 2439 738 5

414 787 474 838 at
502 778 564 838 in
593 777 708 836 isto
737 774 870 834 uiro
901 771 1282 850 magnificum
1310 773 1421 832 fuit
1450 772 1605 851 quod
1636 779 1799 836 tanta
1828 773 2019 850 gloria
2048 774 2209 851 cepit
2236 774 2352 834 im-

363 891 375 900 ·
411 862 664 942 perium.
721 859 908 935 gessit
937 863 1134 918 autem
1163 864 1415 936 propter
1443 856 1799 918 breuitatem
1828 864 2171 938 temporum
2201 855 2355 918 nihil

345 956 378 1005 5
413 961 716 1024 magnum.
801 944 1198 1022 interemptus
1243 949 1339 1003 est
1380 944 1540 1002 enim
1583 942 1815 1004 insidiis
1860 941 2236 1012 militar-ibuit,
2284 947 2357 1002 ut

413 1029 516 1104 alii
557 1029 792 1097 dicunt,
833 1035 1000 1088 sexto
1041 1045 1280 1097 mense,
1324 1035 1391 1088 ut
1421 1026 1547 1097 alii,
1586 1027 1797 1088 morbo
1826 1027 2071 1088 interiit.
2148 1034 2353 1088 tamen

413 1122 676 1182 constat,
733 1111 1090 1173 factionibus
1133 1129 1269 1172 eum
1312 1129 1668 1192 oppressum
1710 1121 1911 1172 mente
1942 1119 2121 1188 atque
2150 1113 2354 1172 animo
2384 1125 2443 1167 ιο

345 1210 378 1258 6
414 1199 727 1260 defecisse.
801 1197 914 1260 Hic
956 1195 1116 1257 idem
1159 1215 1432 1258 mensem
1478 1197 1893 1276 Septembrem
1938 1197 2210 1258 Tacitum
2244 1215 2351 1276 ap·

410 1283 624 1366 pellari
662 1283 862 1351 iussit,
923 1281 1146 1342 idcirco
1189 1281 1348 1360 quod
1391 1300 1462 1342 eo
1505 1300 1713 1342 mense
1756 1289 1817 1342 et
1855 1289 2029 1342 natus
2070 1289 2131 1342 et
2158 1282 2355 1342 factus

415 1377 506 1432 est
533 1371 880 1446 imperator.
1722 1434 1730 1438 -

538 1453 689 1514 Huic
717 1453 904 1512 frater
933 1451 1342 1512 Florianus
1372 1453 1434 1512 in
1464 1453 1719 1531 imperio
1750 1453 2057 1521 successit,
2122 1450 2197 1510 de
2230 1466 2353 1528 quo

411 1557 599 1618 pauca
627 1535 908 1616 ponenda
939 1542 1092 1596 sunt.
2052 1549 2058 1554 ·
2264 1553 2275 1567 =
2331 1595 2341 1604 ‚
2376 1549 2437 1590 15

211 1699 294 1764 14
311 1706 390 1790 (1)
539 1706 650 1766 Hic
679 1706 864 1766 frater
895 1705 1086 1764 Taciti
1113 1721 1432 1782 germanus
1462 1706 1590 1774 fuit,
1624 1706 1725 1783 qui
1752 1713 1891 1785 post
1918 1707 2166 1766 fratrem
2197 1707 2351 1766 arri-

411 1793 544 1872 puit
594 1791 943 1870 imperium,
1005 1807 1128 1850 non
1181 1797 1421 1850 senatus
1472 1793 1821 1850 auctoritate
1862 1790 1968 1850 sed
2010 1809 2119 1851 suo
2160 1797 2349 1858 motu,

414 1876 584 1954 quasi
612 1875 1042 1935 hereditarium
1087 1881 1246 1934 esset
1285 1877 1634 1954 imperium,
1680 1893 1816 1936 cum
1856 1877 2065 1944 sciret,
2112 1875 2350 1936 adiura-

410 1970 540 2022 tum
573 1977 705 2020 esse
733 1959 797 2018 in
827 1965 1038 2020 senatu
1068 1959 1357 2028 Tacitum,
1392 1966 1478 2030 ut,
1526 1978 1663 2021 cum
1692 1961 1845 2019 mori
1877 1962 2196 2039 coepisset,
2227 1977 2353 2020 non

343 2061 376 2110 2
413 2045 640 2106 liberos
670 2061 810 2104 suos
841 2042 947 2104 sed
979 2045 1271 2122 optimum
1300 2043 1560 2121 aliquem
1590 2046 1925 2123 principem
1954 2046 2200 2106 faceret.
2240 2045 2347 2105 de·
2376 2059 2435 2098 20
2516 2062 2517 2133 χ

411 2132 594 2206 nique
635 2130 736 2190 uix
775 2127 1009 2190 duobus
1054 2128 1361 2189 mensibus
1410 2130 1731 2209 imperium
1781 2131 1971 2190 tenuit
2012 2136 2073 2190 et
2114 2131 2352 2190 occisus
2516 2138 2517 2141 ’

414 2222 506 2274 est
548 2213 720 2273 Tarsi
761 2231 795 2272 a
834 2210 1150 2281 militibus,
1213 2214 1317 2289 qui
1357 2213 1621 2274 Probum
1674 2213 1985 2274 audierant
2024 2215 2348 2293 imperare,

343 2317 376 2364 3
413 2315 594 2376 quem
625 2298 819 2358 omnis
859 2299 1156 2358 exercitus
1197 2297 1445 2374 legerat.
1521 2306 1717 2359 tantus
1749 2305 1944 2358 autem
1974 2297 2209 2360 Probus
2238 2298 2373 2359 fuit'

409 2385 476 2442 in
514 2400 584 2441 re
623 2379 878 2442 militare
920 2387 988 2440 ut
1027 2381 1195 2442 illum
1245 2389 1489 2443 senatus
1530 2390 1791 2462 optaret,
1852 2383 2023 2443 miles
2074 2381 2343 2462 eligeret,

342 2483 379 2531 4
410 2469 542 2545 ipse
572 2484 630 2544 p.
665 2465 733 2525 R.
769 2463 1295 2526 adclamationibus
1324 2475 1576 2546 peteret.
1638 2469 1771 2528 Fuit
1812 2469 1989 2528 etiam
2029 2467 2349 2531 Florianus
2374 2472 2427 2512 25

409 2568 648 2610 morum
671 2549 876 2610 fratris
895 2551 1176 2619 imitator,
1197 2568 1311 2612 nec
1330 2559 1531 2613 tamen
1558 2568 1999 2632 usquequaque.
2034 2569 2173 2612 nam
2198 2551 2347 2613 effu-

413 2636 644 2695 sionem
669 2635 731 2693 in
757 2651 827 2692 eo
843 2634 1028 2694 frater
1042 2635 1202 2712 frugi
1213 2636 1619 2714 reprehendit,
1639 2637 1856 2700 ethaeo
1870 2639 1997 2712 ipsa
2007 2637 2348 2716 imperandi

411 2719 700 2798 cupiditas
731 2717 862 2779 aliis
893 2718 1032 2779 eum
1061 2719 1331 2783 moribus
1360 2722 1623 2782 ostendit
1648 2722 1835 2782 fuisse
1864 2736 2042 2801 quam
2072 2717 2341 2782 fratrem.

546 2889 576 2937 1
601 2888 710 2938 uiri
731 2891 796 2936 ut
811 2883 885 2938 “eo
911 2889 1273 2953 comperisset
1294 2889 1398 2938 BP
1423 2888 1521 2953 (M,
1546 2891 1632 2942 ubi
1646 2889 1883 2954 uiribus)
2004 2891 2131 2954 ipsa
2154 2889 2261 2939 BP

408 2955 685 3006 moetidae
711 2953 815 3004 BP
956 2957 992 3006 4
1015 2971 1138 3007 cum
1161 2957 1224 3006 T.
1253 2956 1407 3006 dicat
1431 2958 1500 3007 M
1530 2972 1534 2976 ·
1653 2961 1685 3009 5
1709 2959 1945 3024 gesserit
1968 2973 2135 3022 quam
2160 2972 2347 3022 quem-

409 3021 703 3072 admodum
727 3024 847 3075 add.
876 3023 918 3072 S
939 3040 1009 3074 ex
1034 3030 1164 3074 orat.
1191 3025 1245 3073 in
1267 3025 1378 3076 Pis.
1402 3027 1434 3074 2
1580 3025 1869 3090 imperium
1892 3025 1973 3074 B¹
2000 3025 2348 3076 consolatum

409 3089 484 3138 B²
638 3093 667 3140 ‘1
695 3091 872 3155 gessit
895 3118 961 3126 -
985 3105 1242 3156 magnum
1267 3108 1358 3142 om.
1386 3091 1461 3142 P1
1557 3096 1563 3102 “
1620 3095 1652 3144 8
1676 3095 2043 3158 interemptur
2064 3091 2139 3143 B¹
2284 3095 2349 3142 14

409 3159 470 3206 in
492 3173 587 3207 om.
613 3157 783 3207 BPM
914 3159 978 3208 15
997 3167 1121 3224 post
1143 3164 1273 3209 sunt
1298 3161 1419 3210 add.
1443 3161 1572 3212 BP:
1607 3161 1855 3211 feliciter
1878 3160 2108 3226 explicit
2132 3161 2347 3210 tacitus

409 3221 644 3354 {tacitus
669 3223 898 3290 explicit
919 3223 988 3292 P]
1016 3226 1216 3292 incipit
1239 3227 1505 3278 florianus
1545 3289 1549 3292 ‚
1619 3231 1681 3278 16
1705 3230 1915 3279 tacitus
1940 3228 2190 3296 germani
2212 3225 2348 3278 BP¹

433 3307 528 3340 em.
551 3289 651 3355 ΡΒ)
771 3295 834 3344 18
861 3308 982 3344 esse
1007 3293 1129 3343 BP¹
1157 3292 1223 3358 (c.
1246 3293 1347 3360 ΡΒ)
1488 3298 1553 3346 19
1578 3301 1740 3346 senat
1758 3295 1837 3346 P¹
1976 3300 2276 3362 caepesset
2293 3293 2347 3344 B

406 3359 655 3422 cepisset
679 3359 731 3408 P
883 3363 951 3411 20
973 3361 1214 3426 aliquem
1239 3364 1509 3428 optimum
1529 3363 1581 3414 B
1595 3363 1613 3397 ¹
1776 3367 1845 3414 24
1867 3365 2051 3414 intere
2076 3363 2181 3412 BP
2199 3364 2263 3414 in
2286 3378 2345 3412 re

407 3425 472 3474 M
605 3427 672 3474 26
695 3441 1018 3492 usquequae
1041 3428 1145 3479 BP
1264 3434 1329 3482 27
1355 3431 1747 3496 reprehendite
1769 3433 1875 3482 BP
1893 3431 2347 3498 reprehendebat

405 3493 472 3542 M
495 3493 856 3556 reprehendit
879 3499 938 3544 et
959 3497 1151 3561 scripsi
1173 3495 1469 3566 (Eyssenh.)
