2517 3884
375 153 460 218 70
561 129 572 139 ’
903 213 908 219 ,
976 161 1315 217 TREBELLn
1353 159 1697 218 romolus

303 342 336 391 2
377 351 448 394 ex
478 334 661 394 totius
693 330 858 392 orbis
887 349 1005 393 una
1037 333 1349 393 sententia.
1392 331 1649 410 denique
1682 333 1733 393 si
1764 328 1897 392 data
1930 336 2089 390 esset
2122 331 2323 390 omni-

375 416 487 479 bus
515 427 780 500 potestas
819 417 1134 496 promendi
1176 417 1437 488 arbitrii,
1490 434 1667 495 quem
1711 419 2138 496 imperatorem
2188 415 2321 476 uel-

279 526 282 528 *
375 503 516 578 lent,
552 503 701 566 alter
733 521 855 565 non
888 511 1048 564 esset
1079 501 1323 564 electuS.
1496 579 1501 583 ἱ
1650 527 1660 546 =

287 599 338 647 ‘3
501 591 574 652 Et
605 598 672 652 ut
701 591 882 659 sciaS,
928 595 1147 666 quanta
1182 591 1274 649 uis
1302 591 1366 649 in
1398 587 1711 649 Valeriano
1743 589 2097 648 meritorum
2128 586 2325 647 fuerit

373 674 781 754 publicorum,
837 693 1053 754 ponam
1096 682 1337 736 senatus
1380 673 1679 744 consulta,
1736 671 1951 754 quibus
1994 671 2321 733 aduertant
2378 685 2405 726 5

375 779 600 831 omnes,
635 759 777 839 quid
807 760 882 821 de
909 759 1012 820 illo
1046 778 1285 839 semper
1324 759 1727 839 amplissimus
1758 756 1905 819 ordo
1936 756 2323 820 indicauerit.
2484 768 2487 770 ’

171 881 211 913 a.
233 853 362 900 —-4
507 845 750 908 Duobus
780 846 976 907 Deciis
1007 864 1200 907 conss,
1236 852 1405 906 sexto
1436 844 1551 906 kal.
1584 842 2009 904 Nouembrium
2036 843 2151 912 die,
2181 861 2326 904 cum

379 932 456 993 ob
485 931 902 1011 imperatorias
942 930 1172 992 litteras
1212 933 1275 991 in
1318 929 1465 992 aede
1508 930 1819 991 Castorum
1863 935 2101 991 senatus
2132 927 2325 994 habe·

373 1025 572 1088 retur,
618 1018 929 1096 ireturque
969 1035 1079 1096 per
1121 1016 1447 1082 sententias
1478 1014 1877 1093 singulorum,
1934 1015 2035 1074 cui
2064 1012 2353 1094 deberet

375 1121 628 1166 censura
672 1101 924 1172 deferri,
973 1099 1129 1181 (nam
1164 1101 1225 1161 id
1256 1101 1423 1163 Decii
1453 1107 1775 1180 posuerant
1814 1101 1877 1160 in
1908 1106 2152 1161 senatus
2185 1117 2317 1160 am·
2353 1121 2406 1161 10

373 1186 626 1268 plissimi
648 1188 964 1268 potestate)
995 1186 1096 1247 ubi
1120 1188 1377 1270 primum
1401 1192 1646 1266 praetor
1670 1185 1881 1246 edixit:
1916 1183 2117 1256 „Quid
2139 1183 2326 1248 uobis

372 1273 630 1342 uidetur,
657 1290 712 1352 p.
739 1291 811 1343 c.,
845 1273 920 1333 de
953 1289 1204 1333 censore
1236 1271 1550 1350 deligendo
1567 1272 1635 1332 ?“
1678 1277 1855 1349 atque
1887 1289 2019 1330 eum
2052 1271 2155 1350 qui
2189 1279 2325 1332 erat

371 1361 656 1438 princeps
700 1366 842 1435 tunc
882 1365 1122 1418 senatus
1155 1359 1511 1418 sententiam
1550 1363 1825 1433 rogasset
1864 1355 2109 1416 absente
2139 1355 2321 1418 Vale-

374 1446 544 1504 riano
577 1443 730 1521 (nam
763 1441 864 1502 ille
903 1444 966 1502 in
997 1443 1307 1521 procinctu
1342 1460 1478 1502 cum
1509 1442 1691 1503 Decio
1722 1446 1866 1504 tunc
1897 1437 2147 1520 agebat),
2182 1459 2319 1502 om-

374 1546 482 1601 nes
512 1546 630 1588 una
660 1545 810 1588 uoce
841 1526 1120 1587 dixerunt
1159 1529 1498 1606 interrupto
1540 1545 1708 1587 more
1750 1526 2036 1587 dicendae
2068 1534 2317 1586 senten·
2350 1547 2403 1588 15

306 1616 339 1664 ὅ
377 1615 522 1674 tiae:
557 1610 898 1682 „Valeriani
927 1613 1047 1672 uita
1079 1630 1334 1674 censura
1367 1619 1474 1672 est.
1518 1611 1619 1672 ille
1651 1612 1725 1674 de
1757 1611 2035 1673 omnihus
2065 1611 2316 1682 iudicet,

377 1699 478 1777 qui
509 1707 600 1758 est
631 1696 904 1758 omnihus
934 1696 1164 1758 melior.
1196 1696 1299 1758 ille
1332 1697 1405 1757 de
1436 1705 1645 1758 senatu
1675 1697 1913 1768 iudicet,
1949 1699 2052 1776 qui
2081 1696 2318 1758 nullum
2361 1759 2377 1768 ,

375 1781 555 1843 habet
595 1783 840 1856 crimen.
903 1781 1002 1842 ille
1047 1782 1121 1843 de
1162 1784 1284 1844 uita
1327 1789 1533 1844 nostra
1576 1784 1927 1844 sententiam
1975 1783 2157 1852 ferat,
2220 1785 2323 1844 cui

307 1871 340 1919 6
377 1866 524 1928 nihil
553 1873 751 1946 potest
781 1867 953 1928 obici.
992 1865 1339 1930 Valerianus
1369 1887 1402 1930 a
1423 1869 1615 1948 prima
1645 1869 1896 1946 pueritia
1927 1869 2040 1928 suit
2071 1881 2313 1929 censor.

377 1951 726 2014 Valerianus
755 1955 816 2013 in
840 1959 962 2014 tota
995 1955 1116 2014 uita
1146 1973 1251 2015 sua
1284 1954 1396 2014 fuit
1436 1972 1669 2014 censor.
1747 1953 2015 2032 prudens
2050 1960 2315 2023 senator,
2346 1974 2399 2013 20

375 2037 685 2100 modestus
716 2045 972 2108 senator,
1005 2041 1208 2116 grauis
1240 2046 1499 2100 senator.
1576 2040 1801 2099 amicus
1832 2038 2163 2108 honorum,
2196 2039 2317 2099 ini·

376 2125 568 2184 micus
624 2130 1044 2202 tyrannorum,
1107 2124 1297 2185 hostis
1353 2124 1697 2193 criminum,
1761 2123 1952 2186 hostis
2004 2125 2317 2185 uitiorum.

309 2213 338 2262 7
376 2207 538 2269 hunc
589 2227 903 2270 censorem
959 2227 1166 2270 omnes
1213 2210 1584 2294 accipimus„
1635 2208 1796 2270 hunc
1835 2210 2058 2270 imitari
2104 2227 2319 2270 omnes

377 2293 670 2354 uolumus
724 2296 954 2373 primus
1001 2311 1253 2372 genere,
1316 2293 1537 2354 nobilis
1584 2296 1900 2372 sanguine,
1963 2295 2320 2356 emendatus

377 2379 513 2446 uita,
548 2377 820 2440 doctrina
851 2377 1065 2449 clarus,
1110 2378 1381 2440 moribus
1411 2378 1747 2456 singularis,
1784 2379 2121 2463 exemplum
2154 2381 2314 2442 anti·
2346 2398 2397 2440 25

307 2466 341 2515 8
379 2463 684 2541 quitatis.“
771 2463 935 2534 Quae
979 2482 1115 2524 cum
1158 2472 1359 2525 essent
1398 2465 1635 2544 saepius
1675 2464 1860 2534 dicta,
1922 2464 2315 2526 addiderunt:

379 2555 694 2618 ,‚omnes“,
729 2555 904 2625 atque
935 2551 1016 2610 ita
1047 2549 1381 2610 discessum
1413 2557 1518 2611 est.

188 2622 230 2686 6
265 2623 342 2708 (2)
503 2633 628 2693 Hoc
659 2640 900 2694 senatus
932 2633 1271 2696 consultum
1307 2633 1407 2696 uhi
1438 2635 1655 2716 Decius
1686 2636 1933 2714 accepit,
1970 2641 2179 2699 omnes
2212 2653 2321 2696 au-

376 2716 524 2779 licos
567 2721 948 2790 conuocauit,
1002 2721 1201 2800 ipsum
1244 2721 1419 2781 etiarn
1464 2718 1845 2782 Valerianum
1888 2722 2181 2800 praecipit
2214 2739 2319 2782 ro-

377 2805 535 2882 gari,
577 2812 754 2884 atque
784 2806 848 2865 in
879 2813 1180 2866 conuentu
1216 2823 1596 2870 summorum,
1617 2807 1889 2867 uirorum
1931 2805 2183 2866 recitato
2216 2823 2315 2866 se·-
2345 2827 2394 2868 30

309 2900 342 2948 2
378 2895 549 2950 natus
581 2890 879 2952 consulto:
942 2889 1244 2961 „Felicem
1276 2898 1363 2961 te,
1406 2890 1629 2967 inquit,
1676 2889 2083 2961 Valerianum,
2132 2892 2320 2952 totius

379 2980 620 3036 senatus
661 2977 980 3046 sententia,
1036 2977 1218 3036 immo
1274 2976 1485 3036 animis
1529 2983 1706 3052 atque
1745 2975 2091 3055 pectoribus
2132 2977 2321 3038 totius

377 3057 540 3119 orbis
580 3059 842 3122 humani.
917 3063 1151 3140 suscipe
1194 3078 1536 3130 censuram,
1582 3077 1759 3138 quam
1800 3061 1908 3122 tibi
1947 3060 2160 3122 detulit
2197 3061 2321 3122 Ro-

511 3231 546 3278 4
569 3229 678 3279 fuit
697 3229 864 3302 BPM
998 3231 1030 3278 6
1057 3229 1224 3294 quide
1245 3229 1297 3278 B
1433 3233 1463 3281 7
1488 3229 1599 3282 noi-1
1623 3230 1674 3279 B
1832 3232 1864 3281 8
1878 3207 2197 3282 ⁷castrorum
2218 3230 2327 3282 ΒΡ

517 3299 578 3346 12
607 3295 911 3360 delegendo
934 3296 1063 3347 BP¹
1205 3300 1271 3348 14
1291 3299 1404 3348 iam
1426 3298 1529 3348 BP
1598 3299 1609 3318 ·“
1664 3299 1729 3350 18
1752 3314 1875 3350 eum
1898 3297 1969 3348 B¹
2096 3301 2163 3351 23
2186 3299 2323 3350 huic

377 3363 459 3412 B¹
595 3365 664 3414 25
687 3363 937 3428 exemplo
959 3364 1064 3414 BP
1195 3368 1262 3418 29
1287 3369 1575 3433 praecepit
1599 3367 1667 3418 M
1773 3370 1840 3420 30
1865 3371 2173 3418 conuentus
2194 3365 2323 3418 BP¹

378 3431 455 3494 (ut
478 3430 606 3492 uid.)
642 3447 648 3453 ·
746 3435 868 3480 tato
890 3431 993 3480 BP
1014 3436 1173 3484 tanto
1198 3435 1267 3484 M
1294 3451 1361 3484 an
1382 3432 1569 3487 lecto?
1709 3439 1934 3486 senatos
1961 3433 2219 3486 consultu
2243 3433 2321 3485 Βι

515 3500 580 3548 32
606 3498 992 3562 peecatoribus
1014 3499 1140 3550 B¹P
1154 3499 1171 3532 ¹
