2517 3884
349 173 472 242 138
873 228 880 232 .
949 227 956 234 ,
1046 175 1199 233 AELI
1243 173 1588 235 SPARTIANI

278 359 315 408 2
350 346 620 410 butarios
651 345 862 423 coegit.
941 342 1323 411 Brittaniam,
1386 340 1545 422 quod
1577 344 1903 404 maximum
1936 343 2063 402 eius
2094 343 2285 421 impe-

347 432 426 494 rii
447 431 632 494 decus
664 438 770 500 est,
804 447 976 490 muro
1007 447 1118 508 per
1145 425 1550 490 transuersam
1581 427 1841 489 insulam
1864 427 2041 488 ducto
2072 429 2287 488 utrim-

352 535 465 596 que
497 516 570 577 ad
600 516 780 577 finem
805 514 1024 576 Oceani
1055 515 1327 575 muniuit.
1406 513 1566 574 unde
1599 515 1777 575 etiam
1820 513 2130 576 Brittanici
2174 531 2282 574 no·

258 613 316 670 ‘3
349 619 491 664 men
521 603 766 681 accepit.
781 599 1092 679 Tripolim,
1122 599 1283 660 unde
1310 598 1601 660 oriundus
1624 607 1771 668 erat,
1790 599 2099 660 contunsis
2111 596 2281 658 belli·

351 687 678 750 cosissimis
717 684 998 764 gentibus
1043 685 1487 748 securissimam
1531 684 1793 746 reddidit
1822 703 1890 746 ac
1920 704 1979 764 p.
2014 683 2083 746 R.
2119 682 2283 745 diur-
2341 695 2370 737 5

348 791 494 836 num
535 771 732 833 oleum
793 771 1114 848 gratuitum
1177 779 1236 831 et
1294 769 1791 831 fecundissimum
1850 771 1913 831 in
1972 776 2287 832 aeternum

276 875 316 924 4
351 859 609 922 donauit.
686 856 845 917 idem
906 873 1044 917 cum
1101 854 1475 935 inplacabilis
1534 855 1769 918 delictis
1826 856 1964 924 fuit,
2026 863 2154 916 tum
2213 853 2287 914 ad

279 959 314 1010 5
352 943 668 1021 erigendos
697 940 1024 1003 industrios
1065 957 1335 1019 quosque
1364 940 1570 1003 iudicii
1600 940 1941 1020 singularis.
2016 939 2285 1019 philoso-

350 1029 526 1109 phiae
569 1047 639 1089 ac
679 1025 914 1088 dicendi
961 1026 1170 1088 studiis
1211 1029 1357 1088 satis
1399 1026 1663 1096 deditus,
1696 1024 2017 1107 [doctrinae
2049 1042 2288 1104 quoque

283 1130 316 1178 6
351 1114 530 1176 nimis
561 1113 830 1192 cupidus,
862 1112 1159 1174 latronum
1199 1113 1421 1190 ubique
1461 1112 1669 1172 hostis,
1747 1113 1931 1174 uitam
1963 1129 2131 1172 suam
2160 1112 2285 1190 pri·
2314 1125 2365 1164 10

249 1221 261 1232 ·
349 1207 545 1261 uatam
587 1196 1009 1279 publicamque
1059 1200 1191 1276 ipse
1235 1198 1550 1276 conposuit
1608 1197 1679 1257 ad
1711 1197 1917 1266 fidem,
1966 1195 2159 1257 solum
2198 1203 2288 1256 ta-

285 1301 317 1350 ’1
353 1303 492 1346 men
533 1283 750 1346 uitium
791 1283 1158 1344 crudeli-tatis
1199 1301 1541 1343 excussanS.
1619 1282 1692 1342 de
1746 1282 1863 1342 hoc
1916 1290 2156 1342 senatus
2206 1283 2291 1342 ita

350 1371 649 1437 iudicauit,
683 1369 850 1429 illum
883 1377 980 1429 aut
1013 1370 1176 1428 nasci
1218 1386 1341 1429 non
1384 1367 1663 1428 debuisse
1697 1376 1798 1428 aut
1828 1369 1999 1436 mori,
2034 1366 2194 1444 quod
2228 1373 2290 1426 et

283 1470 318 1520 8
353 1457 532 1517 nimis
565 1453 821 1514 crudelis
855 1460 913 1513 et
943 1455 1116 1513 nimis
1149 1453 1309 1513 utilis
1339 1455 1432 1512 rei
1462 1452 1732 1531 publicae
1763 1451 2090 1514 uideretur.
2127 1451 2290 1512 domi

351 1549 556 1601 tamen
584 1540 783 1598 minus
815 1545 1043 1606 cautuS‚
1079 1539 1180 1614 qui
1213 1556 1466 1598 uxorem
1494 1537 1704 1600 Iuliam
1734 1538 2025 1600 famosam
2058 1536 2286 1598 adulte·
2320 1549 2371 1590 15

282 1641 318 1690 >9
355 1626 459 1686 riis
490 1625 698 1690 tenuit,
731 1640 896 1684 ream
931 1622 1107 1683 etiam
1139 1623 1587 1682 coniurationis,
1648 1621 1827 1692 idem,
1868 1641 2006 1682 cum
2036 1620 2293 1701 pedibus

357 1727 535 1788 aeger
567 1707 790 1768 bellum
821 1715 1173 1776 moraretur,
1207 1707 1387 1784 idque
1416 1706 1638 1768 milites
1670 1709 1845 1766 anxie
1869 1707 2099 1766 ferrent
2131 1707 2289 1766 eius-

357 1813 471 1873 que
501 1793 686 1853 filium
715 1792 1082 1859 Bassianum,
1133 1792 1233 1868 qui
1265 1810 1380 1853 una
1426 1799 1580 1860 erat,
1614 1793 1944 1869 Augustum
1982 1791 2290 1862 fecissent,

353 1876 486 1940 tolli
516 1897 580 1938 se
612 1886 786 1954 atque
816 1879 878 1936 in
908 1875 1168 1937 tribunal
1192 1877 1341 1938 ferri
1369 1877 1560 1946 iussit,
1596 1876 1809 1938 adesse
1833 1875 2049 1937 deinde
2082 1893 2293 1936 omnes

357 1963 630 2026 tribunos
661 1964 1043 2023 centuriones
1075 1962 1256 2022 duces
1303 1970 1361 2024 et
1392 1960 1669 2023 cohortes
1702 1961 1917 2039 quibus
1948 1960 2293 2022 auctoribus
2320 1975 2374 2015 20

355 2049 416 2110 id
449 2048 765 2119 acciderat,
783 2047 916 2109 sisti
938 2046 1154 2108 deinde
1175 2047 1379 2118 filium,
1399 2048 1497 2125 qui
1520 2049 1773 2125 Augusti
1793 2065 2017 2109 nomen
2038 2064 2290 2126 accepe-

255 2150 322 2202 10
355 2143 467 2197 rat.
530 2150 785 2212 cumque
815 2133 1207 2195 animaduerti
1237 2134 1303 2194 in
1333 2151 1543 2196 omnes
1574 2140 1850 2196 auctores
1881 2133 2023 2194 facti
2051 2140 2297 2212 praeter

357 2218 546 2282 filium
573 2219 808 2281 iuberet
835 2227 1269 2296 rogareturque
1302 2218 1579 2280 omnibus
1608 2227 1745 2280 ante
1768 2218 2030 2280 tribunal
2058 2225 2296 2297 postra-

255 2321 319 2370 11
356 2307 453 2374 tis,
475 2313 650 2383 caput
670 2322 850 2365 manu
877 2305 1230 2381 contingens
1262 2306 1369 2364 ait:
1390 2304 1703 2374 „Tandem
1726 2304 1959 2364 sentitis
1984 2310 2160 2381 caput
2183 2302 2295 2360 im-

356 2407 602 2470 perare,
636 2406 756 2449 non
780 2387 1034 2466 pedeS.“
1065 2388 1240 2448 huius
1268 2384 1627 2457 dictumest,
1656 2406 1793 2449 cum
1817 2406 1955 2448 eum
1984 2405 2057 2446 ex
2086 2384 2298 2446 humili
2324 2399 2381 2441 25

356 2492 468 2553 per
488 2473 826 2534 litterarum
852 2479 910 2532 et
931 2470 1173 2533 militiae
1198 2473 1392 2533 officia
1420 2472 1493 2532 ad
1514 2469 1830 2549 imperium
1860 2471 2135 2549 plurimis
2160 2487 2296 2547 gra-

357 2557 531 2619 dibus
547 2558 786 2618 fortuna
796 2554 1092 2618 duxisset:
1111 2555 1389 2627 „Omnia‚
1406 2555 1635 2634 inquid,
1652 2557 1737 2616 fui
1751 2563 1810 2617 et
1826 2555 1975 2619 nihil
1991 2555 2247 2636 expedit.
2258 2563 2299 2588 “

257 2643 340 2710 19
483 2642 647 2702 Perit
669 2640 925 2702 Eboraci
954 2643 1015 2703 in
1046 2642 1334 2702 Brittania
1367 2640 1630 2702 subactis
1661 2641 1940 2719 gentibus
1972 2659 2123 2720 quae
2137 2641 2295 2702 Brit-

356 2729 553 2789 taniae
582 2725 940 2787 uidebantur
968 2727 1222 2787 infestae
1239 2744 1412 2792 ,anno
1441 2726 1896 2806 imperiiXVIII,
1931 2725 2142 2787 morbo
2158 2744 2295 2804 gra-

289 2832 322 2882 2
356 2815 606 2874 uissimo
639 2812 938 2872 extinctus
995 2813 1115 2872 iam
1161 2829 1365 2872 senex.
1425 2809 1681 2889 reliquid
1711 2811 1866 2872 filios
1900 2811 2080 2882 duoS,
2111 2813 2295 2872 Anto·
2326 2824 2377 2864 30

357 2900 567 2960 ninum
597 2898 954 2960 Bassianum
985 2905 1043 2958 et
1074 2896 1305 2967 Getam,
1342 2899 1439 2958 cui
1470 2903 1529 2958 et
1556 2899 1677 2977 ipsi
1704 2898 1768 2958 in
1797 2897 2092 2959 honorem
2112 2897 2299 2957 Marci

1310 3053 1329 3078 δ’

460 3101 492 3150 2
524 3104 816 3166 utrumque
848 3100 955 3151 BP
994 3099 1333 3166 uterque.‘M
1403 3137 1409 3142 ·
1487 3104 1520 3153 5
1552 3118 1619 3152 ac
1652 3115 1847 3166 pacem
1870 3101 1939 3150 M
2092 3099 2303 3150 diutur-

357 3183 487 3218 nam
509 3168 679 3219 BPM
695 3169 887 3220 emend.
915 3184 986 3219 ex
1009 3169 1136 3235 Rey.
1153 3170 1196 3220 G
1219 3213 1224 3218 .
1286 3172 1317 3220 6
1345 3169 1801 3221 facundissimum
1822 3167 1991 3218 BPM
2010 3170 2201 3218 emend.
2230 3185 2302 3218 ex

357 3236 484 3300 Περ.
513 3236 556 3287 G
575 3237 628 3287 ei
650 3236 1105 3288 iucundissimum
1127 3237 1423 3290 Mommsen.
1543 3241 1575 3290 8
1599 3237 1823 3288 iudiciis
1845 3235 1897 3284 B
2012 3233 2301 3300 sing-alsla-

357 3303 436 3354 ris
459 3299 528 3353 P*
647 3306 709 3354 12
736 3319 1009 3357 excusans
1032 3307 1083 3356 P
1206 3308 1271 3356 16
1298 3321 1420 3356 eam
1441 3305 1605 3356 BPM
1628 3322 1721 3358 em.
1746 3304 1788 3356 S
1811 3321 1838 3354 e
1871 3304 2001 3356 Vict.
2028 3307 2059 3354 l.
2078 3319 2125 3355 s,
2144 3319 2188 3353 s.
2215 3307 2300 3360 20,

358 3374 431 3422 23
573 3373 637 3423 18
663 3377 824 3423 erant
847 3373 1016 3424 BPM
1123 3375 1188 3424 21
1215 3373 1515 3424 accederat
1538 3372 1641 3422 BP
1752 3375 1819 3423 23
1844 3375 2303 3437 rogareturquem

357 3439 460 3490 BP
594 3442 658 3491 27
686 3428 919 3493 dixisset
941 3439 1018 3490 B¹
1175 3443 1242 3492 28
1270 3442 1492 3493 euoraci
1516 3439 1637 3490 ΒΡ1
1777 3439 2091 3492 brittannia
2116 3439 2167 3488 P

357 3507 699 3559 brittanniae
726 3507 829 3558 BP
962 3510 1028 3559 29
1052 3508 1297 3560 insertae
1324 3507 1398 3559 B¹
