2517 3884
865 168 1160 227 TAclrvs.
1249 168 1307 227 c.
1349 127 1518 227 ἰζ-η.
2035 162 2165 235 175·

211 334 562 398 midandum
605 342 715 395 est.
789 336 988 396 omnia
1027 336 1212 405 seria,
1238 345 1469 397 cuncta
1501 339 1705 415 grauia
1735 345 1796 398 et
1826 340 1997 417 quasi
2024 342 2153 419 ipsa

210 438 314 482 res
337 439 397 499 p.
426 420 645 489 iubeat,
671 418 1015 499 auguranda
1039 428 1196 481 sunt.
1234 422 1346 481 scit
1378 424 1556 491 enim,
1590 420 1827 501 qualem
1854 423 1967 485 sibi
1984 425 2149 503 prin·
2188 437 2222 486 3

213 508 412 585 cipem
457 522 696 585 semper
733 506 1037 583 optauerit
1075 522 1188 566 nec
1230 512 1430 584 potest
1470 506 1630 567 aliud
1661 507 1835 568 nobis
1866 508 2152 569 exhibere

213 607 394 668 quam
445 592 579 669 ipse
628 590 994 650 desiderauit
1035 598 1094 651 et
1133 589 1343 651 uoluit.
1418 592 1577 651 enim
1608 610 1755 652 uero
1787 594 1839 653 si
1877 594 2220 669 recolerej4

156 690 184 731 5
212 674 413 736 uelitis
441 682 680 736 uetusta
702 674 804 734 illa
831 674 1104 754 prodigia
1120 720 1136 743 ,
1179 674 1451 736 Nerones
1482 675 1623 758 dico·
1648 684 1708 737 et
1736 676 2151 755 Heliogabalos

213 767 274 819 et
305 758 686 827 Commodos,
722 776 830 819 seu
858 760 1058 837 potius
1088 776 1331 838 semper
1360 759 1798 829 Incommodos,
1834 768 1998 822 certe
2028 781 2150 823 non

208 842 519 905 hominum
550 845 738 921 magis
766 844 910 903 uitia
940 844 1040 903 illa
1071 859 1250 920 quam
1282 850 1541 905 aetatum
1566 845 1824 906 fuerunt.
1859 846 1943 905 dii
1971 865 2147 908 auer-
2185 858 2219 921 5

207 936 357 998 tant,
403 930 710 1009 principes
739 945 962 1006 pueros
999 935 1060 988 ct
1099 935 1300 1007 patres
1328 930 1556 1007 patriae
1589 928 1704 989 dici
1734 930 2060 1008 inpuberes
2093 928 2176 992 et‘

209 1014 429 1090 quibus
463 1013 531 1073 ad
565 1011 1020 1073 suscribendum
1051 1014 1323 1091 magistri
1351 1012 1628 1073 litterarii
1656 1032 1867 1075 manus
1886 1023 2146 1085 teneant,

129 1116 182 1157 ιο
209 1116 362 1177 quos
393 1097 466 1158 ad
499 1097 840 1158 consulatus
861 1097 1091 1157 dandos
1122 1096 1314 1158 dulcia
1342 1104 1403 1157 et
1424 1098 1633 1159 circuli
1656 1106 1715 1158 et
1738 1116 2147 1175 quaecumque

207 1181 486 1260 uoluptas
515 1180 764 1261 puerilis
796 1183 1029 1242 inuitet.
1091 1200 1242 1261 quae
1290 1180 1551 1261 (malum)
1596 1184 1749 1242 ratio
1794 1190 1884 1243 est
1925 1182 2251 1258 habere'g’gss,

205 1268 663 1346 imperatorem,
709 1268 810 1343 qui
853 1267 1069 1327 famam
1111 1284 1324 1328 curare
1365 1284 1487 1327 non
1517 1268 1783 1334 nouerit,
1830 1268 1959 1343 qui,
2006 1266 2146 1344 quid

209 1353 295 1421 sit,
317 1370 416 1411 res
449 1370 542 1430 μ,
575 1352 836 1420 nesciat,
871 1352 1233 1411 nutritorem
1266 1353 1504 1420 timeat,
1536 1352 1819 1430 respiciat
1850 1351 1923 1411 ad
1954 1354 2142 1413 nutri-

205 1454 356 1506 cem,
397 1438 702 1513 uirgarum
733 1435 1170 1513 magistralium
1198 1436 1415 1498 ictibus
1447 1438 1787 1513 terrorique
1818 1436 2141 1507 subiaceat,

124 1538 186 1580 15·
203 1521 386 1581 faciat
423 1538 527 1581 eos
571 1519 850 1582 consules
893 1520 1074 1581 duces
1115 1520 1344 1581 iudices
1398 1536 1650 1597 quorum
1703 1522 1888 1581 uitam
1928 1523 2141 1583 merita
2231 1566 2237 1573 -

203 1612 428 1667 aetates
457 1604 710 1666 familias
741 1612 911 1682 gesta
949 1623 1072 1665 non
1111 1606 1291 1665 norit.
1384 1604 1491 1665 sed
1534 1624 1650 1685 quo
1693 1606 1937 1674 diutiuS,
1970 1624 2029 1685 p.
2066 1626 2138 1676 c.,
2178 1616 2209 1666 7

199 1688 559 1769 protrahor?
631 1692 820 1767 magis
859 1688 1228 1767 gratulemur
1272 1689 1428 1766 quod
1468 1684 1759 1751 habemus
1805 1692 2138 1769 principem

203 1792 444 1843 senem,
479 1792 656 1851 quam
705 1774 806 1835 illa
856 1776 1146 1836 iteremus
1187 1791 1341 1851 quae
1380 1773 1517 1853 plus
1560 1790 1740 1851 quam
1780 1774 2141 1835 lacrimanda

201 1858 591 1919 tolerantibus
633 1860 976 1921 extiterunt.
1054 1860 1277 1936 gratias
1326 1860 1507 1935 igitur
1560 1858 1673 1919 diis
1720 1858 2139 1919 inmortalibus
2175 1870 2208 1919 8

121 1962 176 2003 20
201 1960 312 2021 ago
356 1950 534 2020 atque
575 1941 800 2014 habeo,
846 1950 906 2003 et
945 1943 1182 2025 quidem
1231 1961 1345 2022 pro
1390 1944 1669 2003 uniuersa
1716 1960 1785 2003 re
1814 1961 1905 2021 p.,
1939 1949 2138 2019 teque,

199 2028 404 2089 Tacite
432 2029 724 2105 Auguste,
770 2029 1064 2088 conuenio
1105 2035 1319 2106 petens
1352 2025 1676 2088 obsecrans
1706 2046 1777 2087 ac
1804 2026 1995 2087 libere
2025 2045 2137 2104 pro

198 2114 499 2173 communi
537 2113 732 2191 patria
771 2119 830 2173 et
867 2110 1103 2190 legibus
1139 2111 1503 2190 deposcens,
1550 2130 1625 2171 ne
1669 2109 1952 2189 paruulos
1981 2118 2134 2181 tuos,

198 2198 340 2261 site
373 2197 546 2257 citius
575 2197 693 2257 fata
734 2198 1194 2276 praeuenerint,
1240 2197 1423 2257 facias
1456 2195 1709 2255 Romani
1737 2194 1993 2255 heredes
2020 2197 2133 2255 im·

196 2284 379 2359 perii,
432 2300 508 2341 ne
551 2282 638 2341 sic
680 2299 810 2341 rem
839 2298 898 2361 p.
943 2286 1265 2359 patresque
1318 2282 1690 2358 conscriptos
1729 2278 2135 2358 populumque

117 2380 170 2424 25
195 2364 528 2444 Romanum
570 2373 637 2426 ut
665 2365 936 2426 uillulam
981 2372 1173 2433 tuam,
1219 2371 1289 2425 ut
1328 2362 1571 2427 colonos
1604 2370 1767 2432 tuoS,
1814 2369 1881 2423 ut
1922 2382 2135 2425 seruos
2242 2380 2246 2387 ·

189 2456 332 2510 tuos
359 2450 688 2526 relinquas,
735 2468 922 2527 quare
953 2450 1367 2533 circumspice,
1401 2450 1633 2510 imitare
1662 2448 1896 2509 Neruas
1926 2449 2129 2509 Traia·
2168 2458 2201 2507 9

192 2552 306 2595 nos
361 2534 710 2596 Hadriano&
800 2536 1016 2613 ingens
1070 2541 1162 2595 est
1211 2534 1400 2611 gloria
1470 2535 1785 2595 morientis
1840 2535 2133 2612 principis

192 2636 324 2680 rem
351 2637 424 2697 p.
469 2621 662 2697 magis
702 2638 904 2680 amare
950 2636 1126 2696 quam
1167 2618 1385 2679 filios.“

321 2703 446 2765 Hac
487 2706 754 2765 oratione
797 2711 856 2765 et
897 2703 1142 2764 Tacitus
1180 2704 1313 2783 ipse
1354 2702 1745 2764 uehementer
1790 2708 1882 2763 est
1918 2709 2131 2770 motus,
2167 2698 2203 2761 7

327 2941 360 2991 3
386 2938 668 3003 optauerit
693 2952 908 3002 semper
929 2935 1012 2987 B¹
1153 2940 1316 3003 potes
1339 2937 1443 2986 BP
1574 2936 1610 2986 4
1642 2950 1806 3001 quam
1840 2934 1985 3000 quod
2009 2936 2131 3001 ipse

191 3004 256 3056 M
387 3006 624 3057 lecolere
650 3004 730 3054 B¹
765 3004 1023 3055 recedere
1047 3005 1117 3057 M
1247 3005 1279 3053 6
1301 3004 1659 3055 inconmodos
1681 3003 1786 3053 BP
1940 3006 1973 3053 9
2000 3004 2132 3053 scri-

190 3074 431 3124 bendum
454 3074 508 3123 B
642 3072 886 3124 litterari
907 3070 1039 3124 BP¹
1067 3072 1224 3137 (corr.
1250 3070 1351 3135 ΡΒ)
1458 3080 1462 3085 “
1490 3074 1555 3123 10
1580 3070 1899 3122 consulatos
1923 3070 2009 3119 Bl

193 3142 254 3193 11
279 3142 488 3192 inuitat
510 3139 590 3192 Β1
741 3142 805 3191 13
831 3140 938 3191 sito
963 3138 1044 3189 Β1
1189 3140 1464 3189 nutricem
1488 3154 1587 3189 sua
1611 3136 1691 3189 Β1
1855 3140 1919 3187 14
1943 3154 2130 3204 maga·

189 3222 308 3259 rum
330 3208 462 3260 ΒΡ2
507 3223 827 3274 magnarum
850 3206 928 3257 P1
950 3225 954 3227 ·
975 3222 1296 3278 magnorum
1316 3206 1385 3257 M
1426 3208 1709 3273 uirgarum
1738 3205 1931 3271 scripsi
2065 3208 2127 3255 16

189 3276 338 3343 quod
358 3276 634 3329 BPM.em.
659 3275 704 3326 S
769 3314 776 3319 .
840 3277 906 3329 18
928 3274 1463 3327 Ιειοιτῑωωιᾶο-ΒΡΜ
1592 3277 1657 3325 21
1686 3274 1917 3327 <inuenio
1941 3272 2017 3323 P1

189 3348 390 3411 potens
411 3343 494 3394 31
631 3347 697 3395 22
723 3348 780 3395 et
805 3346 926 3403 add.
951 3344 994 3395 Β
1137 3342 1400 3410 parbulos
1420 3342 1528 3393 BP
1666 3344 1734 3393 24
1758 3342 2021 3410 populum
2043 3338 2129 3393 B!

252 3476 266 3511 1
324 3413 392 3461 26
418 3412 828 3528 circzignspecae
854 3411 933 3462 P¹
960 3411 1037 3475 (ut
1059 3412 1188 3477 uid.)
1327 3411 1581 3463 traianus
1604 3408 1733 3462 ΒΡ1
1881 3412 1948 3461 29
1971 3409 2129 3459 loeus

186 3479 239 3528 B
294 3494 484 3530 mocus
663 3480 671 3484 “
