2517 3884
721 209 931 266 mmvs
972 211 1293 269 1vL1Ast.
1381 212 1438 268 c,
1482 215 1653 272 6—9.
2021 208 2145 291 123

187 379 431 458 spicere
463 377 764 447 dicuntur,
797 377 1056 440 Iulianus
1094 381 1254 441 fecit.
1332 369 1591 458 tuncque
1620 398 1773 462 puer
1800 379 2021 443 uidisse
2052 381 2139 444 di·
2181 401 2241 449 11

193 466 353 524 citur
385 470 450 525 et
479 462 804 526 aduentum
835 464 1048 526 Seueri
1092 471 1152 526 et
1180 463 1392 526 Iuliani
1423 465 1851 528 decessionem.

305 549 402 609 Et
445 549 756 628 Crispinus
787 550 1027 627 quidem
1071 566 1206 612 cum
1249 552 1610 614 occurrisset
1650 551 2141 631 praecursoribus
2171 555 2209 617 8

199 634 450 704 Seueri,
493 632 646 696 Iulio
690 633 874 696 Laeto
935 643 1181 698 auctore
1224 656 1257 696 a
1302 636 1534 698 Seuero
1585 639 1984 716 interemptus
2026 644 2133 700 est.

143 733 171 774 5
198 720 433 780 deiecta
475 725 619 781 sunt
657 721 836 782 etiam
878 721 1152 782 consulta
1193 729 1456 784 senatus·
1501 721 1765 784 lulianus
1807 730 2135 786 conuocato
2173 734 2203 779 2

200 811 416 866 senatu
441 805 847 884 quaesitisque
879 808 1210 877 sententiiS,
1245 805 1391 886 quid
1420 806 1575 870 facto
1599 827 1753 888 opus
1778 817 1953 878 esset,
1986 810 2141 870 certi

203 888 356 950 nihil
387 891 664 969 conperit
704 909 734 951 a
767 898 999 952 senatu.
1064 892 1170 953 sed
1214 898 1421 971 postea
1464 900 1680 973 sponte
1713 912 1820 955 sua
1850 893 2137 972 gladiato·
2174 905 2205 952 3

197 993 300 1036 res
332 975 571 1055 Capuae
599 977 776 1038 iussit
805 979 1024 1039 armari
1054 995 1164 1056 per
1178 976 1514 1038 Lollianum
1545 978 1841 1040 Titianum
1876 986 1935 1040 et
1966 978 2136 1042 Clau-

204 1061 372 1122 dium
411 1060 842 1140 Pompeianum
884 1080 918 1122 e
948 1061 1373 1124 Tarracinensi
1414 1061 1487 1122 ad
1528 1065 1949 1143 participatum
1992 1083 2137 1124 euo-

129 1162 178 1198 10
205 1146 384 1215 cauit,
417 1144 578 1224 quod
611 1152 670 1206 et
699 1163 886 1224 gener
924 1148 1308 1227 imperatoris
1348 1147 1565 1210 fuisset
1608 1156 1667 1210 et
1708 1149 1809 1209 diu
1851 1148 2138 1209 militibus

205 1231 589 1309 praefuisset.
665 1231 771 1292 sed
802 1231 916 1294 hoc
956 1231 1058 1294 ille
1091 1232 1398 1294 recusauit
1438 1251 1644 1294 senem
1690 1251 1755 1294 se
1789 1241 1847 1294 et
1878 1232 2137 1294 debilem

203 1315 531 1376 luminibus
561 1316 956 1396 respondens
1031 1319 1398 1378 transierant
1439 1323 1499 1378 et
1542 1337 1616 1379 ex
1648 1318 1891 1379 Vmbria
1921 1318 2139 1380 milites
2176 1331 2209 1378 4

201 1401 277 1461 ad
307 1401 622 1462 Seuerum.
657 1409 715 1462 et
743 1405 1138 1481 praemiserat
1167 1402 1409 1482 quidem
1440 1403 1667 1464 litteras
1693 1403 1975 1474 SeueruS,
2010 1405 2140 1481 qui·
2180 1417 2211 1464 5

203 1485 314 1546 bus
341 1485 592 1547 iubebat
619 1488 1040 1549 interfectores
1063 1487 1395 1551 Pertinacis
1426 1491 1675 1550 seruari.
1735 1487 1909 1550 breui
1940 1498 2137 1551 autem
2178 1499 2209 1546 6

128 1588 178 1627 15
207 1571 484 1632 desertus
529 1577 622 1632 est
661 1571 734 1633 ab
778 1573 1056 1634 omnibus
1084 1571 1347 1635 Iulianus
1391 1581 1451 1634 et
1490 1576 1782 1635 remansit
1822 1576 1886 1635 in
1916 1573 2140 1636 Palatio

204 1675 342 1716 cum
371 1675 495 1717 uno
527 1655 602 1716 de
631 1659 952 1736 praefectis
993 1659 1118 1720 suis
1151 1657 1383 1720 Geniali
1424 1666 1483 1720 et
1522 1677 1746 1738 genero
1776 1659 2135 1739 Repentino,

205 1749 401 1802 actum
435 1749 526 1802 est
557 1741 832 1822 denique,
877 1751 946 1804 ut
971 1742 1204 1805 Iuliano
1238 1753 1481 1806 senatus
1512 1747 1861 1806 auctoritate
1892 1746 2141 1824 abroga-
2180 1757 2209 1804 7

202 1834 370 1888 retur
397 1828 740 1907 imperium.
807 1835 866 1888 et
897 1828 1248 1907 abrogatum
1294 1835 1414 1899 est,
1459 1828 1911 1908 appellatusque
1944 1832 2143 1892 statim

205 1912 468 1974 Seuerus
496 1913 845 1992 imperator,
879 1933 1015 1974 cum
1039 1916 1388 1994 fingeretur,
1416 1914 1575 1992 quod
1598 1932 1833 1975 ueneno
1859 1915 2141 1994 absump-

137 2015 187 2054 20
214 1998 390 2058 sisset
418 1995 697 2059 Iulianus,
776 2001 942 2060 missi
971 2007 1171 2060 tamen
1205 2017 1240 2059 a
1274 2008 1514 2073 senatu,
1558 2017 1813 2079 quorum
1860 2017 2001 2061 cura
2031 2018 2141 2078 per
2180 2011 2211 2058 8

209 2082 459 2142 militem
503 2085 844 2161 gregarium
886 2085 950 2145 in
992 2084 1216 2146 Palatio
1255 2084 1418 2145 idem
1460 2083 1721 2145 Iulianus
1774 2085 2009 2144 occisus
2051 2093 2143 2145 est

204 2167 382 2228 fidem
415 2167 687 2229 Caesaris
736 2168 1086 2247 imploranS,
1142 2169 1257 2229 hoc
1310 2178 1401 2229 est
1444 2168 1676 2230 Seueri.
1752 2167 1932 2228 filiam
1978 2187 2143 2230 suam
2181 2181 2211 2247 9

204 2254 433 2332 potitus
462 2254 718 2332 imperio
764 2253 901 2314 dato
931 2254 1293 2332 patrimonio
1342 2255 1849 2332 emancipauerat‚
1898 2253 2059 2331 quod
2092 2256 2147 2314 ei

208 2357 343 2398 cum
371 2339 670 2416 Augustae
699 2341 944 2400 nomine
991 2340 1189 2399 statim
1231 2338 1531 2400 sublatum
1564 2346 1672 2400 est.
1750 2339 1981 2418 Corpus
2013 2340 2142 2400 eius
2181 2351 2244 2399 10

133 2440 182 2480 25
209 2443 240 2484 a
273 2423 506 2484 Seuero
549 2425 726 2485 uxori
753 2423 1004 2486 Manliae
1037 2423 1353 2486 Scantillae
1384 2442 1453 2485 ac
1480 2423 1636 2484 filiae
1668 2424 1741 2485 ad
1774 2424 2141 2504 sepulturam

207 2515 298 2569 est
327 2507 630 2569 redditum
661 2517 721 2570 et
746 2511 810 2570 in
840 2511 1055 2588 proaui
1083 2515 1469 2572 monumenta
1500 2509 1849 2571 translatum
1885 2510 2141 2572 miliario

208 2595 420 2670 quinto
449 2593 547 2652 uia
577 2585 894 2660 Labicana.

333 2677 583 2740 Obiecta
612 2697 756 2740 sane
798 2686 938 2740 sunt
967 2679 1194 2742 Iuliano
1224 2679 1403 2740 haec:
1450 2679 1608 2757 quod
1638 2679 1883 2758 gulosus
1912 2681 2141 2750 fuisset,
2176 2679 2216 2740 9

205 2762 365 2841 quod
409 2763 654 2834 aleator,
703 2764 863 2841 quod
922 2767 1104 2826 armis
1161 2763 1526 2843 gladiatoriis
1586 2767 1883 2825 exercitus
1956 2773 2141 2835 esset,

131 2866 179 2905 30
208 2865 396 2926 eaque
437 2849 635 2909 omnia
668 2867 853 2909 senex
882 2850 1114 2920 fecerit,
1176 2869 1315 2913 cum
1356 2855 1529 2910 antea
1569 2867 1897 2927 numquam
1940 2849 2140 2910 adule-

204 2953 380 2995 scens
439 2932 532 2994 his
593 2941 754 2996 esset
802 2936 964 2996 uitiis
1003 2936 1343 2996 infamatus,
1435 2933 1667 2994 obieeta
1712 2942 1802 2995 est
1834 2935 2013 2995 etiam
2042 2953 2142 2996 su-

205 3018 445 3098 perbia,
505 3036 642 3080 oum
699 3018 800 3081 ille
861 3021 1040 3080 etiam
1081 3022 1145 3081 in
1209 3021 1466 3099 imperio
1507 3019 1717 3080 fuisset
1756 3018 2139 3082 humillimus.

307 3205 335 3252 1
361 3204 664 3270 tum-,quem
685 3202 830 3255 B¹P¹
940 3209 975 3256 4
999 3207 1174 3258 Lacio
1199 3206 1269 3256 M
1374 3207 1405 3257 5
1432 3221 1461 3255 e
1488 3209 1717 3256 senatus
1740 3204 1863 3256 BP¹
1889 3223 1918 3256 e
1946 3211 2146 3258 senatu

207 3272 273 3322 M
291 3287 383 3324 em,
411 3271 500 3323 (ι’-ν.
536 3306 550 3312 --
641 3274 963 3324 conuocatis
987 3272 1059 3323 B¹
1096 3279 1405 3325 conuocato,
1430 3275 1481 3324 P
1614 3276 1646 3324 6
1673 3279 1901 3326 senatus
1925 3276 1976 3325 B
2114 3277 2147 3326 8

210 3338 449 3390 cladium
478 3341 531 3390 P
663 3344 696 3392 9
731 3345 788 3392 et
820 3342 1166 3394 arraeinensi
1198 3343 1303 3392 BP
1348 3347 1404 3393 et
1428 3343 1851 3394 Arraeinensem
1882 3343 1953 3394 M
2085 3345 2147 3393 16

211 3407 416 3471 geniau
437 3407 490 3457 B
628 3411 692 3460 17
719 3415 945 3461 senatos
969 3411 1022 3460 B
1169 3413 1233 3461 19
1262 3412 1601 3476 fringeretur
1622 3411 1673 3460 B
1812 3427 1870 3462 se
1896 3412 2145 3478 absump.

210 3475 276 3524 M
404 3476 472 3528 '20
497 3492 685 3528 curam
705 3477 828 3528 ΒΡι
951 3481 1018 3530 25
1043 3479 1315 3530 sanctilae
1341 3479 1412 3529 Pl
1525 3482 1591 3529 26
1614 3480 1948 3532 monimento
1972 3481 2040 3530 M

210 3542 423 3594 milario
447 3545 498 3594 B
635 3547 701 3596 27
724 3545 984 3598 lauicana
1009 3547 1110 3596 BP
