2517 3884
26 175 33 424 ῐ
557 181 950 242 ALEXANDER
993 183 1304 241 SEVERVS.
1392 184 1449 241 C.
1494 187 1736 241 55—58.
1976 176 2104 242 269

165 352 628 432 praesumimus
662 351 762 412 ille
792 352 982 412 uincit
1013 352 1115 428 qui
1145 350 1393 411 militem
1423 353 1595 430 regit.
1632 351 1803 412 diues
1834 359 2095 421 senatus,

163 439 336 498 diues
370 437 556 508 miles,
617 437 788 498 diues
830 455 887 516 p.
949 437 1065 498 R.“
1155 437 1411 497 Dimisso
1477 444 1689 498 senatu
1746 437 2097 516 Capitolium
2118 433 2199 499 57

166 521 438 587 aseendit
481 530 656 604 atque
696 522 838 582 inde
879 539 948 581 re
989 522 1190 582 diuina
1219 523 1374 582 facta
1400 530 1460 583 et
1487 524 1707 583 tunicis
1736 523 1994 584 Persicis
2036 525 2099 582 in

26 661 28 678 ;
94 619 106 630 ·
167 607 393 686 templo
432 606 644 668 locatis
683 609 1024 668 contionem
1067 604 1410 668 huiusmodi
1459 606 1697 667 habuit:
1774 607 2097 680 „QuiriteS,

26 713 28 734 =
116 709 140 748 5
165 695 430 753 uicimus
472 693 706 755 Persas,
779 691 996 752 milites
1037 690 1254 752 diuites
1294 692 1663 753 reduximus.
1738 693 1911 753 uobis
1946 711 2095 753 con-

167 779 426 856 giarium
467 776 849 856 pollicemur,
895 794 1031 836 cras.
1068 775 1240 838 ludos
1284 778 1585 838 circenses
1614 777 1891 840 Persicos
1932 777 2095 838 dabi-

165 870 368 923 mus.“
429 862 590 924 Haec
621 881 734 922 nos
763 869 821 922 et
847 863 912 922 in
943 861 1263 922 annalibus
1290 869 1350 922 et
1379 862 1538 941 apud
1568 862 1791 924 multos
1821 864 2093 942 repperi·
2133 877 2164 924 2

169 965 320 1009 muS.
387 948 494 1008 sed
526 947 764 1025 quidam
793 947 1014 1016 dieunt,
1047 965 1080 1006 a
1117 965 1297 1008 seruo
1329 965 1436 1007 suo
1468 965 1605 1008 eum
1634 949 1934 1026 proditum
1978 968 2098 1009 non

163 1035 378 1094 uicisse
421 1049 625 1110 regem
669 1031 803 1101 sed,
848 1050 925 1092 ne
967 1033 1345 1102 uinceretur,
1389 1033 1632 1110 fugisse.
1698 1033 1858 1110 quod
1890 1043 2099 1094 eontra
2135 1047 2166 1096 3

99 1133 143 1173 ιο
167 1117 488 1179 multorum
521 1118 863 1196 opinionem
895 1116 1042 1186 dici,
1087 1135 1210 1178 non
1255 1116 1505 1179 dubium
1546 1125 1639 1178 est
1679 1120 1731 1179 is
1772 1121 1871 1198 qui
1912 1119 2096 1198 pluri·

87 1251 91 1256 .
165 1222 293 1264 mos
335 1202 612 1280 legerint.
687 1219 826 1262 nam
869 1209 930 1262 et
971 1203 1240 1262 amisisse
1294 1201 1461 1262 illum
1518 1205 1851 1265 exercitum
1894 1204 2101 1264 dicunt

167 1289 319 1348 fame
349 1289 577 1366 frigore
617 1305 686 1348 ac
716 1286 956 1357 morbo,
1003 1294 1068 1347 ut
1097 1287 1475 1348 Herodianus
1507 1295 1713 1348 auctor
1754 1295 1843 1350 est
1886 1295 2093 1348 contra
2114 1315 2175 1350 vx
2199 1316 2233 1357 ε,
2257 1313 2281 1348 a

168 1373 492 1434 multorum
523 1373 887 1452 opinionem.
951 1373 1094 1433 Post
1123 1371 1236 1432 hoc
1268 1391 1402 1433 cum
1434 1375 1662 1451 ingenti
1690 1373 1879 1451 gloria
1910 1375 2093 1434 comi·
2131 1383 2167 1431 4

26 1535 28 1538 y
169 1465 328 1518 tante
362 1466 574 1519 senatu
607 1459 872 1536 equestri
903 1457 1113 1518 ordine
1145 1465 1323 1535 atque
1366 1459 1529 1518 omni
1572 1459 1795 1558 populo
1836 1461 2093 1519 circum-

26 1619 28 1630 Ι
106 1557 150 1597 15
173 1543 442 1621 fusisque
474 1543 734 1621 undique
765 1541 1116 1604 mulieribus
1147 1550 1206 1603 et
1245 1543 1598 1614 infantibuS,
1646 1547 1899 1606 maxime
1941 1543 2095 1604 mili-

26 1639 31 1746 Ῑ
172 1635 290 1688 tum
335 1628 722 1707 coniugibuS,
769 1627 954 1706 pedes
994 1627 1289 1689 Palatium
1330 1629 1707 1699 conscendit,
1752 1646 1889 1690 cum
1932 1636 2096 1690 retro

171 1731 380 1774 currus
411 1712 792 1792 triumphalis
822 1731 856 1773 a
889 1720 1167 1790 quattuor
1199 1712 1469 1774 elefantis
1499 1714 1856 1775 traheretur.
1934 1714 2097 1775 leua-
2132 1725 2165 1773 ὅ

170 1796 340 1861 hatur
369 1799 646 1860 manibus
678 1797 986 1859 hominum
1016 1797 1368 1868 Alexander,
1414 1801 1633 1876 uixque
1663 1798 1748 1860 illi
1778 1818 1887 1878 per
1917 1798 2098 1861 horas

173 1891 448 1962 quattuor
478 1882 784 1945 ambulare
814 1885 1174 1962 permissum
1219 1892 1327 1953 est,
1360 1883 1621 1963 undique
1663 1883 1937 1945 omnibus
1980 1885 2096 1946 cla·

106 1979 150 2020 20
172 1969 502 2030 mantibus:
539 1967 758 2039 „Salua
787 1969 994 2036 Roma,
1031 1970 1164 2045 quia
1197 1967 1405 2030 saluus
1438 1976 1527 2029 est
1554 1968 1955 2032 Alexander.“
1984 1969 2097 2028 alia
2134 1981 2165 2028 6

173 2052 264 2114 die
293 2056 444 2115 actis
473 2053 844 2115 circensibus
875 2059 934 2113 et
962 2055 1104 2114 item
1135 2053 1291 2114 ludis
1322 2055 1611 2114 scaenicis
1642 2055 1927 2133 deinceps
1954 2071 2096 2114 con·-

173 2138 422 2214 giarium
452 2138 674 2219 populo
704 2139 972 2200 Romano
1004 2137 1184 2200 dedit.
1247 2136 1481 2217 puellas
1516 2147 1573 2198 et
1602 2157 1853 2218 pueros,
1888 2157 2094 2218 quem-
2136 2150 2165 2200 7

174 2225 510 2285 ammodum
539 2226 871 2286 Antoninus
899 2223 1313 2284 Faustinianas
1342 2225 1712 2293 instituerat,
1746 2225 2096 2284 Mammaea-

173 2323 275 2370 nas
306 2317 365 2370 et
395 2310 834 2370 Mammaeanos
863 2309 1133 2369 instituit.

109 2403 152 2443 25
281 2397 463 2456 Actae
493 2402 634 2456 sunt
663 2413 760 2455 res
790 2393 1040 2455 feliciter
1072 2401 1131 2454 et
1159 2395 1220 2454 in
1252 2393 1615 2455 Mauretania
1646 2395 1956 2472 Tingitana
1988 2413 2100 2474 per
2117 2397 2201 2462 58

177 2475 416 2540 Furium
451 2479 688 2563 Celsum
731 2486 790 2540 et
830 2480 892 2539 in
923 2475 1156 2558 Illyrico
1202 2497 1315 2558 per
1345 2481 1586 2540 Varium
1626 2481 1953 2542 Macrinum
1998 2481 2097 2541 ad-

175 2561 348 2624 finem
379 2565 508 2624 eius
539 2570 598 2626 et
625 2567 686 2624 in
717 2566 997 2625 Armenia
1025 2581 1136 2643 per
1167 2565 1401 2625 lunium
1434 2564 1783 2634 Palmatum,
1818 2572 1993 2644 atque
2026 2583 2094 2626 ex

178 2649 446 2710 omnibus
486 2648 634 2710 locis
679 2651 733 2710 ei
772 2649 1026 2710 tabellae
1065 2649 1367 2710 laureatae
1410 2657 1549 2710 sunt
1578 2650 1823 2712 delatae.
1887 2650 2099 2729 quibus

178 2731 236 2790 in
265 2743 474 2796 senatu
517 2741 579 2794 et
619 2734 772 2813 apud
817 2733 1099 2814 populum
1147 2723 1321 2796 lectis
1350 2733 1399 2816 †
1441 2737 1607 2796 uario
1651 2745 1921 2814 tempore
1964 2753 2099 2795 cum

26 2839 42 2893 χ,
113 2823 158 2864 30
182 2817 348 2878 etiam
377 2820 453 2879 de
484 2819 706 2880 Isauria
738 2827 938 2904 optate
967 2820 1266 2889 uenisset,
1316 2819 1590 2880 omnibus
1630 2820 1967 2880 nominihus
2010 2828 2100 2880 est

185 2917 248 2959 01
251 2911 437 2965 natus
471 2905 524 2964 is
554 2923 700 2965 uero
732 2906 832 2983 qui
859 2923 989 2965 rem
1019 2923 1076 2985 p.
1112 2905 1267 2966 bene
1298 2912 1609 2982 gesserant
1639 2903 1971 2966 consularia
2000 2923 2094 2964 or·-
2135 2919 2166 2966 2

276 3107 302 3154 1
327 3105 532 3158 milites
556 3108 623 3156 M
755 3110 818 3158 10
843 3108 930 3158 his
953 3107 1123 3158 BPM
1264 3110 1323 3157 11
1350 3107 1551 3172 legerit
1574 3107 1676 3157 BP
1822 3109 1883 3157 12
1910 3112 2100 3158 aucto·

182 3183 265 3219 res
291 3189 333 3222 c.
359 3175 486 3225 BP¹
513 3191 650 3226 corr.
675 3175 752 3225 P³
913 3178 974 3226 17
1000 3176 1294 3226 leuabatur
1316 3175 1419 3225 BP
1577 3177 1640 3226 18
1663 3175 1775 3225 illis
1798 3176 1901 3224 BP
2033 3179 2099 3228 23

183 3235 486 3293 faustianas
509 3242 584 3293 P¹
729 3245 992 3294 stituerat
1016 3244 1119 3293 BP
1259 3258 1629 3294 mammeanas
1654 3248 1709 3293 et
1732 3259 2099 3296 mammeanos

179 3303 276 3352 BP
411 3314 476 3362 25
501 3312 658 3361 aciae
683 3311 735 3360 B
749 3310 766 3342 ¹
907 3311 1153 3361 feliciter
1177 3327 1267 3362 res
1292 3312 1343 3361 B
1357 3310 1372 3343 ¹
1511 3312 1827 3376 tingintana
1850 3313 1970 3362 ΒΜ

181 3372 242 3420 29
265 3378 417 3428 uario
440 3384 686 3445 tempore
711 3407 776 3414 —
800 3381 1050 3430 uenisset
1083 3379 1152 3442 ef.
1191 3397 1321 3445 quae
1354 3382 1599 3431 adnotavi
1628 3382 1701 3430 ad
1720 3397 1765 3430 c.
1792 3384 1865 3431 43
1900 3388 1950 3430 et
1982 3383 2097 3433 leisc.

180 3443 288 3554 git·
310 3461 364 3507 p.
395 3449 462 3496 30
599 3450 664 3498 30
691 3447 757 3497 de
783 3449 949 3498 aueia
975 3449 1096 3512 Rey.
1239 3451 1303 3500 31
1331 3448 1633 3498 adornatus
1656 3449 1724 3500 M
1828 3448 1915 3498 his
1939 3448 2107 3500 BPM

247 3509 452 3576 scripsi
