2517 3884
817 139 1210 196 HADRIANVS.
1270 139 1325 200 c.
1362 141 1596 194 13—15.
2102 132 2184 198 15

223 308 438 368 ficanti
469 304 730 366 adflauit.
795 312 1110 384 peragrata
1140 304 1356 365 Arabia
1386 304 1695 365 Pelusium
1725 306 1891 365 uenit
1922 311 1981 364 et
2002 305 2176 365 Pom·
2216 313 2255 361 4

222 394 329 471 pei
377 389 672 452 tumulum
713 389 1187 468 magnificentius
1233 390 1511 450 extruxit.
1600 391 1924 450 Antinoum
1978 407 2174 459 suum,
2216 398 2251 447 5

226 477 374 537 dum
405 494 520 555 per
541 473 741 536 Nilum
772 475 1030 552 nauigat,
1063 473 1341 553 perdidit,
1378 491 1556 550 quem
1586 473 1961 534 muliebriter
1990 473 2175 534 fleuit.

227 561 306 622 de
335 580 460 640 quo
500 561 668 620 uaria
708 560 865 620 fama
908 565 1000 620 est
1039 558 1168 618 aliis
1211 577 1347 619 eum
1390 559 1676 620 deuotum
1717 577 1829 638 pro
1873 557 2172 620 Hadriano
2210 567 2248 615 6

176 660 202 700 5
229 644 684 713 adserentibuS,
728 643 860 704 aliis
891 643 1048 720 quod
1093 651 1152 703 et
1193 644 1385 703 forma
1415 645 1559 704 eius
1590 649 1848 704 ostentat
1890 649 1951 702 et
1996 645 2177 704 nimia

227 730 510 810 uoluptas
546 729 848 790 Hadriani.
941 735 1001 788 et
1041 727 1252 788 Graeci
1308 728 1551 805 quidem
1592 727 1833 789 uolente
1876 726 2176 789 Hadriano
2214 738 2251 785 7

231 833 371 876 eum
431 821 938 875 consecrauerunt
981 812 1220 874 oracula
1272 831 1382 892 per
1436 831 1573 874 eum
1629 813 1757 874 dari
1810 813 2173 883 adserenteS,

226 917 386 977 quae
415 899 755 960 Hadrianus
784 899 914 977 ipse
945 899 1335 976 conposuisse
1363 900 1645 968 iactatur,
1681 899 1797 960 fuit
1839 899 1997 959 enim
2031 917 2173 977 poe·
2213 906 2249 954 8

229 991 456 1046 matum
501 992 562 1044 et
602 982 940 1044 litterarum
981 984 1232 1043 nimium
1288 983 1780 1044 studiosissimus,
1844 982 2173 1044 arithmeti-

161 1085 206 1123 ιο
230 1088 336 1130 cae
381 1069 746 1146 geometriae
788 1069 1058 1146 picturae
1099 1069 1523 1146 peritissimus.
1609 1069 1727 1128 iani
1776 1067 2074 1146 psallendi
2117 1077 2177 1128 et
2212 1075 2249 1124 9

229 1153 511 1215 cantandi
543 1154 854 1214 scientiam
883 1170 1026 1231 prae
1052 1170 1116 1213 se
1140 1152 1392 1220 serebat,
1418 1154 1480 1212 in
1504 1152 1910 1232 uoluptatibus
1934 1155 2170 1214 nimius„

228 1257 369 1300 nam
404 1245 464 1298 et
493 1237 567 1297 de
599 1239 725 1299 suis
756 1237 987 1297 dilectis
1031 1236 1216 1297 multa
1247 1237 1527 1297 uersibus
1570 1239 1899 1316 conposuit.
1985 1236 2172 1316 [ama-

227 1325 384 1383 toria
429 1324 694 1383 carmina
738 1319 1028 1401 scripsit]
1102 1321 1259 1382 idem
1322 1339 1628 1382 armorum
1670 1323 2070 1401 peritissimus
2114 1330 2173 1382 et
2212 1331 2283 1382 10

229 1410 321 1468 rei
349 1407 620 1468 militaris
646 1408 1095 1474 scientissimus,
1121 1404 1464 1484 gladiatoria
1489 1423 1728 1485 quoque
1760 1425 1921 1467 arma
1953 1413 2166 1468 tracta·

153 1511 206 1550 15
231 1494 342 1552 uit.
403 1491 556 1551 idem
589 1495 844 1552 seuerus
873 1490 1092 1560 laetus,
1127 1493 1314 1557 comis
1343 1493 1578 1569 grauis,
1624 1491 1885 1552 lasciuus
1930 1500 2171 1553 cuncta·
2212 1501 2275 1549 11

231 1583 359 1644 tor,
394 1583 566 1636 tenax
609 1574 906 1645 liberaliS‚
953 1575 1262 1637 simulator
1292 1593 1501 1646 uerna,
1548 1593 1763 1637 saeuus
1806 1577 2069 1638 clemens
2114 1585 2173 1636 et

233 1679 476 1740 semper
506 1663 568 1720 in
600 1660 878 1722 omnibus
908 1662 1132 1722 uarius,

355 1748 594 1807 Amicos
623 1745 833 1807 ditauit
865 1752 923 1805 et
953 1744 1191 1824 quidem
1225 1763 1347 1804 non
1376 1751 1684 1824 petentes,
1731 1764 1865 1806 cum
1908 1747 2167 1824 petenti·
2196 1738 2278 1804 15

227 1829 342 1891 hus
372 1829 522 1890 nihil
553 1836 816 1908 negaret.
879 1830 1041 1890 idem
1072 1837 1273 1890 tamen
1302 1828 1476 1890 facile
1508 1830 1582 1889 de
1614 1832 1848 1899 amiciS,
1885 1829 2169 1910 quidquid
2206 1842 2237 1889 2

153 1938 202 1977 20
227 1915 742 1985 insusurrabatur‚
771 1915 1001 1976 audiuit
1029 1922 1208 1992 atque
1239 1915 1379 1975 ideo
1402 1931 1592 1993 prope
1619 1922 1867 1976 cunctos
1892 1914 1990 1975 uel
2021 1917 2166 1976 ami-

229 2001 504 2060 cissimos
539 1999 637 2060 uel
669 2018 772 2060 eos
802 2017 952 2076 quos
983 2001 1233 2061 summis
1262 1998 1597 2060 honoribus
1640 2002 1838 2060 euexit
1864 2008 2071 2079 postea
2102 2008 2169 2060 ut

227 2083 486 2145 hostium
517 2083 653 2144 loco
683 2084 908 2154 habuit,
935 2091 1001 2145 ut
1020 2085 1323 2145 Attianum
1355 2090 1416 2143 et
1436 2083 1725 2163 Nepotem
1760 2093 1819 2144 et
1842 2085 2164 2164 Septicium

229 2167 486 2230 Clarum.
562 2187 701 2230 nam
753 2169 1193 2231 Eudaemonem
1242 2170 1410 2247 prius
1454 2171 1759 2230 conscium
1806 2171 2042 2249 imperii
2092 2169 2165 2230 ad
2203 2181 2235 2230 3

227 2260 548 2330 egestatem
579 2252 888 2332 perduxit,
936 2253 1260 2314 Polaenum
1307 2260 1366 2314 et
1404 2252 1751 2314 Marcellum
1794 2254 1867 2315 ad
1908 2261 2162 2315 mortem
2201 2265 2236 2313 4

147 2361 197 2400 25
221 2336 625 2399 uoluntariam
669 2340 896 2416 coegit,
929 2337 1318 2398 Heliodorum
1362 2338 1779 2400 famosissimis
1820 2338 2039 2400 litteris
2080 2339 2162 2398 la·
2203 2351 2238 2399 5

225 2424 502 2492 cessiuit,
535 2422 838 2483 Titianum
872 2430 938 2485 ut
968 2424 1273 2484 conscium
1304 2422 1633 2502 tyrannidis
1664 2433 1724 2484 et
1753 2426 1923 2502 argui
1951 2443 2165 2503 passus
2202 2434 2237 2482 6

224 2515 319 2567 est
362 2515 422 2567 et
460 2508 787 2586 proscribi,
821 2507 1120 2568 Vmidium
1151 2506 1519 2578 Quadratum
1565 2514 1625 2568 et
1665 2507 1934 2570 Catilium
1979 2509 2163 2569 Seue·
2201 2520 2230 2568 7

221 2609 363 2652 rum
397 2599 456 2651 et
487 2592 833 2653 Turbonem
865 2594 1131 2670 grauiter
1173 2593 1479 2654 insecutus
1519 2601 1638 2662 est,
1674 2593 2027 2655 Seruianum
2067 2611 2163 2653 so·
2200 2603 2234 2653 8

221 2677 383 2736 roris
428 2677 628 2737 uirum
671 2679 1122 2755 nonagesimum
1163 2679 1283 2737 iam
1328 2695 1551 2738 annum
1590 2685 1895 2755 agentem,
1943 2696 2021 2738 ne
2052 2678 2165 2738 sibi

145 2785 195 2824 30
225 2762 669 2839 superuiueret,
704 2765 858 2822 mori
889 2763 1112 2840 coegit;
1159 2760 1409 2823 libertos
1448 2762 1704 2841 denique
1746 2770 1805 2822 et
1844 2761 2163 2824 nonnullos
2199 2773 2234 2821 9

325 2981 352 3027 1
389 2980 639 3029 arabiam
674 2978 812 3034 exc.¹
953 2983 984 3030 2
1017 2979 1468 3047 magnificencius
1500 2981 1553 3030 B
1690 2981 2011 3030 antionoum
2045 2998 2161 3036 exc.

321 3047 355 3095 4
374 3048 591 3096 uariam
618 3045 688 3097 B¹
795 3049 826 3096 6
851 3048 1003 3113 greci
1024 3047 1077 3098 B
1172 3051 1201 3099 7
1232 3053 1761 3099 consesecrauerunt
1784 3049 1836 3099 B
1923 3050 1954 3099 8
1980 3049 2163 3099 adria·

216 3128 324 3163 nus
347 3113 399 3164 B
512 3118 544 3166 9
567 3115 888 3166 lioterarum
921 3116 966 3165 V
1087 3117 1443 3167 arismeticae
1477 3118 1528 3166 V
1637 3119 1700 3166 10
1725 3116 1980 3182 psalendi
2012 3118 2065 3166 V

219 3184 282 3230 12
309 3183 583 3232 amatoria
610 3199 654 3232 e.
683 3183 910 3248 scripsit
931 3185 1074 3234 uncis
1096 3183 1301 3234 inclusit
1324 3185 1366 3234 G
1502 3185 1565 3233 16
1588 3199 1756 3235 uerus
1778 3187 2065 3248 interposui

218 3250 282 3298 18
308 3248 592 3316 petentes]
620 3251 942 3316 petentibus
967 3249 1040 3300 Β3
1175 3253 1242 3302 23
1269 3252 1459 3302 darum
1490 3252 1545 3301 V
1664 3267 1790 3301 nam
1814 3252 2036 3302 BPVM
2059 3269 2160 3301 ma-

217 3318 298 3364 lim
341 3317 514 3366 etiam
670 3318 1026 3376 eudemonem
1067 3317 1172 3368 BP
1330 3321 1398 3370 24
1430 3319 1774 3384 Polyaenum
1802 3323 1935 3384 uoly.
1972 3320 2159 3369 Publi-

219 3383 362 3433 cium
383 3385 709 3436 Marcellum
743 3387 925 3450 Zumpt
957 3401 1124 3437 comm
1150 3389 1316 3451 epiyr,
1347 3387 1415 3436 II
1430 3404 1487 3452 p.
1513 3391 1579 3436 16
1713 3389 1780 3438 25
1815 3387 2161 3436 famamosis-

219 3450 372 3501 simis
395 3450 468 3500 B¹
609 3455 673 3504 27
702 3453 978 3505 Catalium
1002 3453 1168 3504 BPM
1191 3454 1495 3505 catulinum
1527 3457 1581 3506 V
