2517 3884
317 160 402 227 84
921 164 1257 223 TREBELLu
1298 124 1658 222 romolus

219 333 299 397 13
444 335 560 395 Per
590 333 747 393 idem
779 341 1014 411 tempus
1047 331 1349 394 Odenatus
1390 331 1625 393 insidiis
1656 330 2006 391 consobrini
2036 332 2133 391 sui
2164 331 2259 392 in-

317 426 651 499 teremptus
696 424 786 477 est
826 435 962 477 cum
1004 416 1122 477 filio
1153 416 1421 487 Herode,
1466 433 1642 493 quem
1674 423 1732 476 et
1759 418 1960 495 ipsum
1990 417 2263 495 impera-

251 516 284 566 2
318 513 514 566 torem
544 502 966 583 appellauerat.
1000 508 1126 562 tum
1157 501 1433 572 Zenobia,
1466 520 1617 562 uxor
1642 502 1790 571 eiuS,
1824 500 1986 579 quod
2017 500 2263 580 paruuli

321 597 524 651 essent
551 588 654 649 filii
687 589 814 649 eius
845 588 946 664 qui
975 595 1345 665 supererant,
1389 586 1809 647 Herennianus
1842 593 1901 646 et
1930 584 2257 656 Timolaus,

317 678 445 755 ipsa
487 674 748 752 suscepit
785 674 1104 751 imperium
1129 672 1371 752 >diuque
1407 673 1560 733 rexit
1590 691 1714 732 non⁴
1742 669 2118 733 muliebriter
2148 689 2257 731 ne·
2316 686 2343 727 ⁵

251 774 283 822 3
320 778 436 837 que
466 776 634 819 more
663 758 942 818 femineo.
975 756 1079 819 sed
1112 774 1234 817 non
1266 756 1459 819 solum
1484 756 1753 817 Gallieno
1778 772 2017 834 quoque
2042 757 2261 835 uirago

318 843 534 905 melius
563 845 862 921 imperare
891 844 1201 921 potuisset,
1247 859 1457 903 uerum
1490 844 1669 903 etiam
1696 840 1901 903 multis
1929 843 2261 920 imperato-

248 942 285 991 4
319 930 486 991 ribus
515 927 770 990 sortibus
801 934 976 1007 atque
1008 926 1345 990 solertibus
1382 926 1686 988 Gallienus
1717 944 1859 987 sane
1889 925 2077 993 ubiei
2102 944 2264 988 nun-

305 1014 556 1083 tiatum,
598 1013 934 1074 Odenatum
963 1013 1442 1091 interemptum..
1466 1012 1687 1073 bellum
1720 1012 1922 1073 Persis
1952 1010 2027 1073 ad
2059 1029 2265 1073 seram

317 1102 496 1159 nimis
535 1098 858 1168 uindictam
900 1098 1088 1177 patris
1130 1099 1365 1176 parauit
1394 1096 1779 1174 collectisque
1810 1114 1921 1176 per
1950 1096 2258 1157 Heraclia·
2290 1112 2343 1152 10

250 1199 283 1248 5
319 1204 462 1247 num
494 1184 704 1245 ducem
735 1183 1024 1244 militibus
1055 1182 1293 1243 solertis
1335 1184 1625 1261 principis
1666 1200 1793 1243 rem
1837 1180 2104 1260 gerebat.
2156 1183 2263 1259 qui

315 1279 517 1331 tamen
547 1268 963 1337 Heraclianus,
1013 1286 1145 1328 cum
1179 1275 1383 1331 contra
1416 1268 1633 1334 Persas
1658 1267 1963 1345 profectus
1996 1276 2193 1337 esset,
2229 1284 2265 1327 a

317 1354 686 1435 Palmyrenis
728 1356 927 1415 uictus
968 1370 1177 1413 omnes
1220 1369 1369 1430 quos
1398 1351 1719 1430 parauerat
1746 1350 1965 1412 milites
1994 1351 2269 1430 perdidit.

318 1439 574 1510 Zenobia
607 1438 976 1519 Palmyrenis
1007 1444 1066 1497 et
1109 1435 1501 1497 orientalibus
1530 1436 1833 1518 plerisque
1863 1435 2121 1498 uiriliter
2148 1438 2263 1497 im-

251 1539 282 1586 6
319 1530 586 1604 perante.
663 1524 825 1584 Inter
881 1522 1028 1583 baec
1070 1521 1335 1601 Scythae
1393 1540 1505 1601 per
1554 1521 1850 1583 Euxinum
1906 1522 2265 1599 nauigantes
2294 1536 2347 1578 15

317 1610 588 1669 Histrum
631 1609 888 1684 ingressi
925 1605 1112 1668 multa
1152 1608 1357 1685 grauia
1398 1608 1462 1667 in
1504 1606 1631 1667 solo
1662 1605 1929 1667 Romano
1961 1606 2262 1668 fecerunt.

319 1692 533 1772 quibus
567 1694 892 1771 compertis
921 1690 1225 1753 Gallienus
1258 1691 1639 1753 Cleodamum
1668 1698 1727 1753 et
1747 1688 2121 1753 Athenaeum
2144 1692 2264 1773 By-

318 1780 544 1839 zantios
574 1776 976 1839 instaurandis
1005 1776 1254 1838 urbibus
1294 1776 1753 1854 muniendisque
1783 1776 2101 1855 praefecit,
2150 1794 2265 1855 pu·

319 1870 688 1943 gnatumque
720 1871 810 1924 est
841 1864 995 1923 circa
1027 1861 1303 1931 Pontum,
1350 1868 1407 1922 et
1438 1880 1471 1923 a
1502 1862 1797 1943 Byzantiis
1826 1860 2083 1931 ducibus
2118 1862 2268 1922 uicti

251 1963 282 2013 '7
321 1956 459 2009 sunt
487 1948 745 2011 barbari.
810 1948 1143 2009 Veneriano
1172 1949 1317 2009 item
1349 1946 1501 2007 duce
1532 1945 1727 2008 nauali
1756 1945 1913 2007 bello
1945 1945 2127 2010 Gothi
2160 1965 2263 2009 su·
2294 1964 2345 2005 20

319 2036 512 2113 perati
563 2040 731 2103 sunt,
795 2050 930 2093 cum
982 2034 1110 2111 ipse
1152 2034 1520 2094 Venerianus
1561 2032 1801 2093 militari
1837 2032 1995 2110 perit
2038 2040 2263 2092 morte.

251 2134 284 2183 8
321 2126 496 2197 atque
537 2120 678 2181 inde
710 2118 981 2198 Cyzicum
1013 2125 1072 2177 et
1101 2118 1327 2187 Asiam,
1372 2116 1654 2196 deinceps
1695 2115 1970 2177 Achaiam
2017 2134 2268 2177 omnem

322 2212 716 2265 uastauerant
745 2210 807 2263 et
835 2202 908 2264 ab
938 2201 1399 2265 Atheniensibus
1433 2202 1584 2263 duce
1614 2201 1911 2281 Dexippo,
1961 2203 2269 2280 scriptore

322 2288 538 2350 horum
572 2296 929 2367 temporum,
964 2288 1106 2347 uicti
1139 2294 1295 2348 sunt.
1330 2286 1489 2347 unde
1518 2286 1677 2367 pulsi
1707 2305 1817 2366 per
1848 2285 2101 2367 Epirum
2134 2286 2265 2348 Ma-

155 2382 161 2386 ’
252 2391 284 2439 9
320 2374 633 2435 cedoniam
665 2373 974 2433 Boeotiam
1004 2374 1309 2451 peruagati
1344 2380 1501 2433 sunt.
1558 2370 1862 2432 Gallienus
1890 2373 2125 2435 interea
2156 2373 2265 2433 uix
2296 2390 2379 2431 25-

181 2454 194 2471 ⁶
323 2460 614 2519 excitatus
653 2455 908 2537 publicis
949 2455 1120 2517 malis
1161 2456 1369 2517 Gothis
1408 2456 1763 2536 uagantibus
1806 2474 1917 2536 per
1946 2454 2269 2537 Illyricum

322 2544 587 2604 occurrit
611 2550 668 2603 et
690 2543 938 2602 fortuito
960 2540 1250 2620 plurimos
1280 2542 1604 2603 interemit.
1642 2558 1759 2619 quo
1776 2548 2089 2620 comperto
2114 2542 2271 2622 Scy·

321 2626 459 2689 thae
499 2629 652 2689 facta
695 2628 1002 2705 carragine
1045 2644 1154 2705 per
1193 2631 1459 2687 montem
1505 2627 1824 2689 Gessacem
1866 2627 2079 2705 fugere
2117 2636 2271 2693 sunt

458 2884 636 2933 3'eum
660 2881 826 2931 BPM
923 2882 956 2930 4
979 2880 1378 2930 therennianus
1401 2880 1565 2931 BPM
1586 2897 1678 2933 em.
1704 2880 1747 2930 S
1845 2880 2105 2931 timelaus
2131 2881 2271 2931 BP¹

459 2954 491 3001 5
514 2966 568 2999 m
591 2949 942 2999 nulliebriter
961 2946 1042 2998 B¹
1092 2948 1444 2999 nulliebriter
1466 2948 1544 2998 P¹
1610 2971 1619 2981 ·
1682 2949 1714 2997 6
1740 2948 1977 2999 femineo
2002 2963 2156 2999 more
2182 2948 2275 2999 B¹

457 3018 616 3081 uirgo
647 3016 750 3065 BP
917 3018 946 3067 7
980 3016 1208 3066 multum
1239 3014 1323 3066 B¹
1492 3018 1525 3068 8
1558 3016 1761 3068 fortius
1793 3020 1963 3081 atque
1998 3016 2279 3069 solertius

322 3085 490 3134 BPM
494 3101 584 3135 em.
599 3083 641 3132 S
730 3083 1064 3149 gallienosB
1088 3085 1329 3151 gallieno
1341 3084 1453 3136 PM
1460 3083 1947 3149 Gallienusscripsi
1956 3082 2275 3151 (Eyssenh.)

457 3151 556 3201 ubi
579 3153 927 3202 enuntiatum
948 3149 1026 3202 1²¹
1063 3152 1116 3202 ei
1139 3169 1230 3204 om.
1257 3152 1325 3203 M
1458 3155 1521 3203 10
1546 3156 1735 3219 patres
1757 3153 1810 3203 B
1832 3154 1887 3203 in
1908 3153 1960 3202 P
1986 3152 2039 3203 is
2070 3156 2127 3203 in
2154 3170 2279 3207 rac.

459 3219 822 3270 heradianum
843 3220 895 3269 B
919 3226 1132 3287 utroque
1157 3224 1267 3272 loco
1407 3223 1470 3272 13
1496 3218 1653 3287 quos]
1678 3236 1782 3287 que
1808 3218 1933 3270 BP¹
2076 3222 2145 3272 15
2172 3237 2277 3272 eu-

324 3288 512 3351 pinum
536 3286 587 3335 B
623 3288 879 3339 euxinum
903 3287 981 3339 1²²
1014 3291 1111 3340 sed
1130 3306 1166 3339 x
1188 3292 1240 3340 in
1264 3306 1373 3343 ras.
1490 3292 1551 3340 17
1578 3288 1879 3354 cumpertis
1900 3288 2003 3338 BP
2118 3289 2274 3341 oleo-

325 3355 528 3405 danum
551 3360 609 3405 et
633 3356 931 3407 atheneum
953 3357 1056 3407 BP
1087 3357 1459 3409 Cleochanum
1484 3361 1542 3407 et
1564 3357 1843 3409 Athenum
1864 3355 1932 3407 M
2074 3358 2145 3407 20
2215 3375 2278 3409 ο-

323 3422 636 3488 thesperati
660 3422 741 3471 B¹
767 3441 830 3475 su
853 3442 1111 3491 superscr.
1136 3426 1190 3476 B
1199 3424 1220 3457 ²
1242 3428 1295 3476 in
1318 3427 1369 3476 P
1399 3440 1435 3475 u
1458 3426 1511 3475 in
1532 3440 1641 3476 ras.
1781 3426 1845 3477 21
1880 3422 2140 3477 militaris
2164 3374 2282 3476 {P

459 3493 527 3542 24
549 3492 913 3544 achenoniam
935 3494 1178 3545 boetiam
1202 3492 1369 3545 BPM
1384 3508 1475 3544 em.
1502 3494 1639 3559 Eyn.
