2517 3884
685 210 987 266 MAXIMINI
1029 209 1175 268 DVO.
1248 212 1303 268 C.
1334 215 1573 268 21—24.
1673 247 1699 266 ι
2016 207 2105 274 ,19

161 395 307 457 gens
372 384 571 438 autem
631 379 994 458 oppugnatio
1055 387 1113 439 et
1155 379 1477 440 discrimen
1512 387 1651 441 tunc
1679 380 1821 449 fuit,
1868 399 2004 442 cum
2034 400 2100 443 se

165 466 328 524 ciues
389 462 620 524 sulfure
663 470 723 523 et
763 462 1022 524 flammis
1094 465 1431 542 ceterisque
1480 464 1835 526 huiusmodi
1870 485 2095 547 propu-

163 548 432 628 gnaculis
463 567 495 608 a
526 547 815 610 militibus
846 549 1270 618 defenderent;
1306 567 1561 627 quorum
1593 550 1691 612 alii
1721 551 2097 613 nudabantur

163 634 380 704 armiS,
416 633 668 695 aliorum
709 641 914 695 uestes
955 635 1458 705 incendebantur,
1503 636 1758 698 aliorum
1802 637 1955 699 oculi
2000 656 2100 698 ex-

2 727 5 756 *
111 737 138 778 5
164 719 618 798 tinguebantur,
682 719 1071 781 diruebantur
1132 723 1313 782 etiam
1369 721 1863 784 machinamenta.
1940 725 2099 784 inter
2136 733 2168 780 6

164 805 310 867 haec
349 804 705 866 Maximinus
749 823 884 865 cum
923 804 1045 866 filio
1106 805 1515 878 adulescente,
1566 824 1739 884 quem
1786 808 2101 870 Caesarem

165 888 590 970 appellauerat,
627 891 942 951 circumire
973 910 1210 962 muros,
1247 901 1533 969 quantum
1568 911 1602 954 a
1630 893 1735 953 teli
1765 895 1926 954 iactu
1956 897 2099 954 satis

163 983 326 1038 tutus
357 993 492 1036 esse
521 983 749 1054 posset,
783 993 943 1036 nunc
977 995 1118 1037 suos
1149 977 1385 1047 uerbis,
1429 995 1589 1038 nunc
1632 978 1961 1057 oppidanos
2000 998 2099 1042 ro-

163 1079 322 1139 gare.
401 1079 614 1121 uerum
656 1061 806 1121 nihil
853 1063 1126 1142 profecit.
1219 1081 1357 1123 nam
1400 1062 1582 1123 multa
1614 1065 1765 1122 etin
1799 1082 1933 1124 eum
1966 1082 2098 1125 cru·
2137 1075 2167 1122 7

2 1227 4 1230 y
81 1165 138 1204 ιο
163 1146 420 1207 delitatis
451 1164 629 1206 causa
661 1155 720 1207 et
759 1148 818 1207 in
852 1146 1068 1218 filium,
1103 1150 1203 1225 qui
1233 1149 1711 1228 speciosissimus
1744 1156 1898 1218 erat,
1960 1167 2099 1228 pro·
2433 1174 2509 1239 Q

166 1233 276 1294 bra
307 1238 592 1310 congesta
621 1238 775 1292 sunt.
1712 1261 1717 1266 ·

334 1317 534 1388 Quare
564 1317 916 1378 Maximinus
955 1336 1204 1397 sperans
1264 1337 1511 1379 suorum
1568 1319 1809 1396 ignauia
1867 1317 2092 1379 bellum
2114 1313 2209 1381 23.

163 1402 319 1463 trahi
351 1401 532 1462 duces
564 1421 704 1462 suos
733 1404 1054 1473 interemit,
1093 1422 1163 1464 eo
1194 1411 1467 1482 tempore
1492 1421 1607 1482 quo
1638 1405 1887 1465 minime
1920 1423 2096 1484 opor-

163 1487 343 1549 tebat.
418 1486 578 1548 unde
637 1487 748 1548 sibi
807 1488 1026 1548 milites
1087 1490 1264 1550 etiam
1322 1491 1597 1550 iratiores
1626 1489 1904 1551 reddidit.
1980 1488 2099 1550 huc
2136 1499 2168 1548 2

83 1590 138 1631 15
165 1572 504 1642 accedebat,
550 1573 706 1652 quod
747 1573 1135 1636 deficiebatur
1177 1573 1632 1644 commeatibuS,
1681 1575 1815 1652 quia
1858 1583 2099 1636 senatus

165 1659 236 1720 ad
268 1677 478 1719 omnes
498 1660 838 1738 prouincias
871 1666 930 1719 et
948 1667 1229 1739 portuum
1263 1660 1540 1721 custodes
1570 1659 1803 1721 litteras
1834 1660 2097 1729 dederat,

161 1763 238 1806 ne
271 1743 490 1823 aliquid
529 1752 968 1805 commeatuum
1009 1747 1073 1805 in
1104 1745 1414 1806 Maximini
1443 1752 1803 1825 potestatem
1844 1747 2098 1806 ueniret.

162 1831 410 1890 miserat
439 1836 752 1909 praeterea
781 1849 892 1909 per
925 1847 1132 1891 omnes
1164 1832 1439 1891 ciuitates
1460 1833 1797 1909 praetorios
1829 1839 1887 1891 et
1919 1849 2097 1910 quae·
2138 1842 2171 1890 3

2 1975 4 1986 .
163 1917 387 1976 storios
454 1917 650 1984 uiros,
715 1917 813 1993 qui
866 1915 1088 1995 ubique
1159 1914 1462 1977 custodias
1502 1923 1751 1994 agerent
1804 1923 1861 1976 et
1903 1916 2100 1976 omnia

2 1989 5 2012 ¹
80 2018 137 2059 20
165 2008 375 2061 contra
404 2000 783 2062 Maximinum
815 2000 1226 2061 defenderent.
1294 2001 1571 2061 effectum
1603 1999 1861 2078 denique
1894 2007 2003 2070 est,
2035 2005 2101 2059 ut
2136 2011 2173 2059 4

164 2085 402 2147 obsessi
439 2087 745 2164 angustias
786 2084 1068 2146 obsidens
1111 2087 1242 2165 ipse
1295 2092 1626 2164 pateretur.
1716 2084 2100 2146 nuntiabatur
2137 2097 2171 2146 5

161 2174 324 2232 inter
366 2168 532 2240 haec,
567 2170 775 2231 orbem
806 2179 1102 2232 terrarum
1151 2171 1533 2232 consensisse
1572 2171 1637 2230 in
1678 2169 1882 2230 odium
1913 2170 2099 2230 Maxi-

163 2258 331 2317 mini.
411 2273 595 2334 quare
615 2258 896 2318 timentes
927 2254 1166 2326 militeS,
1199 2273 1457 2334 quorum
1488 2255 1801 2317 adfectus
1785 2273 1847 2316 m
1867 2254 2097 2316 Albano
2136 2267 2171 2315 6

2 2413 4 2418 ,
164 2351 370 2428 monte
403 2349 591 2411 erant,
627 2339 826 2403 medio
856 2343 1013 2404 forte
1037 2342 1151 2412 die,
1186 2360 1323 2402 cum
1348 2360 1382 2402 a
1403 2340 1635 2421 proelio
1664 2343 2097 2418 quiesceretur‚

81 2446 138 2487 25
166 2415 226 2488 e‘t
255 2427 643 2488 Maximinum
675 2435 732 2488 et
761 2427 948 2488 filium
999 2429 1129 2488 eius
1170 2428 1233 2488 in
1276 2429 1538 2488 tentorio
1580 2429 1810 2507 positos
1868 2425 2101 2486 occide-

159 2520 303 2575 runt
351 2529 674 2589 eorumque
716 2515 909 2592 capita
947 2514 1207 2592 praefixa
1251 2513 1441 2574 contis
1470 2509 1953 2590 Aquileiensibus
1997 2511 2101 2572 de-

162 2605 600 2659 monstrarunt.
675 2599 740 2658 in
800 2599 1019 2678 oppido
1078 2600 1266 2676 igitur
1324 2599 1525 2658 uicino
1568 2599 1766 2659 statim
1798 2596 2101 2657 Maximini
2137 2611 2167 2658 7

164 2691 397 2745 statuae
455 2689 630 2762 atque
689 2685 978 2762 imagines
1037 2683 1345 2763 depositae
1398 2690 1565 2753 sunt,
1632 2690 1691 2743 et
1743 2683 1869 2742 cius
1908 2681 2099 2761 praef.

161 2777 356 2848 praet.
405 2769 638 2839 occisus
695 2777 784 2829 est
837 2787 973 2828 cum
1014 2770 1219 2830 amicis
1264 2767 1636 2830 clarioribus.
1712 2768 1883 2826 missi
1926 2767 2103 2826 etiam

84 2877 137 2916 30
163 2853 421 2916 Romam
452 2855 642 2933 capita
674 2861 812 2914 sunt
845 2872 1074 2914 eorum.

297 2939 408 3000 Hic
438 2939 576 3000 finis
603 2938 1059 3000 Maximinorum
1099 2939 1231 3010 fuit,
1267 2938 1483 3017 dignus
1516 2936 1867 2999 crudelitate
1896 2936 2104 3015 patris,
2126 2935 2215 3000 24

308 3145 339 3192 2
366 3141 542 3192 sulfur
562 3140 694 3192 BP¹
787 3143 818 3191 6
843 3139 1248 3192 adulicenteB¹
1276 3137 1645 3204 adulicentell
1661 3135 1736 3190 P¹
1762 3137 2109 3189 aduliscente

163 3209 329 3260 B²P²
465 3213 494 3260 7
523 3211 684 3260 eirire
712 3209 782 3260 P¹
924 3214 956 3263 8
981 3225 1144 3276 posse
1168 3210 1219 3260 B
1364 3213 1396 3260 9
1420 3207 1627 3259 multae
1651 3208 1756 3259 BP
1890 3210 1953 3258 13
1977 3208 2113 3257 min-

163 3295 254 3329 me
279 3277 360 3328 Ρι
499 3279 796 3344 opostebat
818 3280 870 3328 P
992 3281 1057 3329 14
1079 3277 1265 3328 reddit
1288 3278 1391 3328 BP
1525 3279 1587 3328 17
1613 3276 1789 3341 aliqui
1809 3275 1914 3325 BP
2046 3279 2113 3326 20

162 3347 467 3397 maximum
489 3347 542 3397 B
691 3345 796 3413 est]
825 3351 882 3397 et
906 3347 1012 3396 BP
1152 3349 1214 3397 21
1243 3346 1460 3412 opsessi
1482 3345 1534 3394 B
1682 3347 1747 3396 22
1774 3343 2112 3395 consensisse

161 3415 276 3465 BP
409 3417 477 3466 25
501 3415 622 3466 eius
647 3415 998 3480 quiescentes
1023 3416 1158 3466 inM
1258 3414 1442 3480 posito
1467 3411 1594 3463 BP1
1622 3429 1713 3464 em.
1740 3411 1819 3462 P³
1930 3414 1997 3462 29
2022 3425 2111 3461 ca.-

163 3484 412 3534 rioribus
439 3484 482 3534 0
503 3499 574 3534 ex
597 3485 800 3536 Herod.
836 3483 988 3534 VIII
1011 3488 1060 3543 5,
1087 3487 1118 3533 9
1247 3486 1315 3534 30
1340 3497 1526 3532 eorum
1552 3486 1681 3532 sunt
1702 3480 1776 3531 B¹
1902 3482 1965 3531 31
1996 3494 2112 3530 cru-

161 3551 427 3602 delitatis
451 3551 554 3602 BP

1601 3631 1703 3694 2*
