2517 3884
349 185 479 251 236
761 223 780 242 ·
1062 189 1237 248 AELll
1279 187 1611 246 LAMPRIDII

358 359 418 419 id
447 357 786 420 Alexander
815 366 956 438 post
983 374 1197 436 magna
1227 363 1427 436 gesta,
1457 356 1779 436 Pompeius
1809 374 1959 417 uero
1990 363 2131 433 post
2172 375 2304 417 ma-

293 458 324 505 5
359 462 510 523 gnos
562 442 902 523 triumphos
951 444 1274 522 acceperit.
1362 443 1651 518 quiescite
1699 443 1913 521 igitur,
1964 441 2307 502 uenerandi

363 534 583 609 patres,
621 536 681 589 et
709 547 821 589 uos
849 529 966 607 ipsi
993 528 1294 605 magnifici
1324 543 1509 588 unum
1538 545 1637 588 me
1669 526 1743 588 de
1774 526 1947 602 uobis
1980 545 2113 588 esse
2155 545 2301 588 cen-

261 612 343 676 12
364 622 509 684 sete,
527 631 706 693 quam
717 613 916 690 Magni
947 629 1169 673 nomen
1198 615 1523 690 ingerite.“
1552 612 1696 673 Post
1726 611 1874 673 haec
1902 611 2307 673 adclamatum

364 707 484 761 est:
546 697 791 769 „Aureli
830 697 1164 760 Alexander
1205 699 1503 776 Auguste,
1546 697 1609 758 di
1635 704 1696 758 te
1727 705 2040 760 seruent.“
2100 705 2158 758 et
2198 715 2301 758 re·
2362 711 2395 750 ὁ

361 785 524 865 liqua
558 802 629 843 ex
659 801 848 844 more.
1324 823 1343 840 .

294 882 326 929 2
491 868 750 928 Dimisso
783 875 1022 938 senatu,
1057 885 1191 927 cum
1223 873 1285 928 et
1314 865 1425 928 alia
1456 866 1645 929 multa
1674 885 1746 928 eo
1777 865 1872 928 die
1906 874 2108 928 essent
2148 873 2303 936 acta,

294 969 328 1016 3
365 953 536 1030 quasi
568 951 946 1034 triumphans
977 953 1217 1014 domum
1249 971 1314 1013 se
1345 954 1593 1032 recepit.
1666 952 1862 1014 multo*
1887 952 2104 1014 clarior
2133 952 2309 1012 uisus

367 1047 459 1098 est
489 1037 698 1099 alienis
728 1037 1076 1100 nominihus
1116 1056 1238 1098 non
1279 1040 1567 1117 receptis,
1624 1055 1801 1117 quam
1854 1039 1904 1098 si
1952 1038 2305 1116 recepisset,

365 1132 546 1200 atque
590 1139 664 1184 ex
712 1141 786 1184 eo
817 1120 1184 1184 constantiae
1216 1141 1286 1183 ac
1327 1122 1540 1202 plenae
1580 1125 1891 1200 grauitatis
1930 1123 2151 1183 famam
2194 1140 2305 1202 op·
2340 1137 2395 1174 ιο

368 1209 576 1278 tinuit,
611 1209 662 1268 si
687 1207 926 1285 quidem
957 1209 1064 1268 uni
1107 1211 1242 1268 uiro
1284 1203 1385 1268 uel
1426 1207 1795 1268 adulescenti
1834 1209 2033 1286 potius
2064 1214 2310 1268 senatus

295 1309 330 1356 4
367 1301 526 1354 totus
554 1293 926 1372 persuadere
956 1311 1078 1354 non
1109 1294 1320 1372 potuit.
1370 1292 1475 1353 sed
1508 1295 1784 1371 quamuis
1815 1299 2025 1354 senatu
2054 1297 2309 1370 rogante

366 1395 491 1440 non
519 1379 786 1458 potuerit
825 1377 1207 1458 persuaderi,
1245 1375 1315 1438 tit
1353 1377 1454 1438 uel
1495 1379 1779 1439 Antonini
1820 1377 1919 1438 uel
1960 1377 2155 1456 Magni
2194 1395 2307 1437 no-

365 1465 525 1523 mina
557 1465 919 1541 susciperet,
971 1469 1177 1523 tamen
1220 1462 1298 1525 ob
1326 1465 1632 1541 ingentem
1686 1465 1957 1541 uigorem
2009 1463 2192 1523 animi
2245 1465 2306 1522 et

366 1546 702 1608 mirandam
737 1547 1224 1626 singularemque
1255 1541 1651 1610 constantiam
1684 1556 1893 1609 contra
1921 1547 2175 1609 militum
2209 1549 2305 1608 in·-
2335 1561 2391 1602 15

368 1632 712 1700 solentiam,
761 1631 976 1692 Seueri
1019 1650 1240 1692 nomen
1284 1651 1316 1693 a
1346 1632 1639 1694 militibus
1682 1633 1875 1693 eidem
1906 1632 2161 1697 inditum
2194 1640 2307 1694 est.

298 1733 330 1781 5
369 1716 528 1794 quod
557 1715 644 1776 illi
684 1718 990 1794 ingentem
1039 1718 1104 1776 in
1155 1719 1496 1796 praesentia
1543 1718 1972 1785 reuerentiam,
2027 1735 2310 1795 magnam

366 1800 524 1880 apud
554 1809 832 1881 posteros
861 1800 1112 1880 gloriam
1142 1803 1409 1881 peperit,
1444 1819 1580 1862 cum
1612 1820 1683 1862 eo
1722 1802 2099 1871 accessisset,
2132 1809 2203 1862 ut
2232 1803 2308 1863 de

366 1887 550 1946 animi
579 1888 803 1948 uirtute
835 1904 1056 1947 nomen
1098 1888 1429 1966 acceperit,
1478 1888 1528 1948 si
1553 1887 1795 1966 quidem
1827 1885 1989 1946 solus
2019 1886 2307 1948 inuentus

365 1973 458 2040 sit,
497 1972 600 2049 qui
627 1970 1060 2034 tumultuantes
1091 1971 1361 2050 legiones
1392 1973 1894 2039 exauctorauerit,
1927 1979 1997 2031 ut
2026 1990 2137 2032 suo
2171 1972 2306 2034 loco
2334 1988 2388 2028 20

365 2056 750 2126 ostendetur,
793 2057 856 2116 in
900 2055 1122 2132 milites
1162 2064 1361 2118 autem
1403 2059 1759 2136 grauissime
1790 2057 2304 2126 animaduerterit,

365 2144 470 2221 qui
499 2142 660 2203 forte
689 2144 1082 2214 incurrerunt
1112 2142 1333 2222 aliquid
1365 2144 1527 2217 quod
1552 2141 1866 2204 uideretur
1894 2143 2203 2212 iniustum,
2238 2153 2307 2204 ut

368 2237 427 2286 et
457 2228 657 2306 ipsum
689 2226 838 2287 locis
869 2229 995 2288 suis
1027 2226 1485 2289 declarabimus.

265 2316 345 2380 13
497 2310 709 2371 Omina
740 2313 981 2390 imperii
1010 2311 1158 2373 haec
1188 2311 1425 2374 habuit:
1476 2313 1739 2392 primum
1770 2311 1929 2390 quod
1962 2330 2030 2372 ea
2072 2311 2167 2370 die
2198 2329 2303 2372 na-

367 2403 461 2454 tus
517 2403 610 2455 est
661 2414 776 2474 qua
827 2396 1146 2457 defunctus
1192 2399 1317 2457 uita
1370 2397 1619 2474 Magnus
1669 2395 2005 2458 Alexander
2062 2395 2297 2465 dicitur,
2328 2411 2385 2451 25
2500 2437 2513 2489 Ὗ

364 2479 582 2539 deinde
616 2480 774 2556 quod
805 2481 867 2540 in
897 2479 1122 2559 templo
1156 2482 1287 2542 eius
1316 2488 1508 2542 mater
1552 2482 1723 2542 enixa
1758 2488 1875 2551 est,
1924 2481 2098 2541 tertio
2140 2479 2299 2557 quod

362 2565 556 2642 ipsius
595 2581 818 2625 nomen
859 2566 1119 2644 accepit,
1178 2573 1308 2626 tum
1349 2573 1661 2644 praeterea
1706 2567 1865 2643 quod
1918 2583 2101 2626 ouum
2153 2582 2301 2644 pur-

361 2651 541 2727 purei
573 2648 792 2710 coloris
824 2650 1027 2711 eadem
1062 2650 1158 2711 die
1189 2656 1395 2712 natum
1441 2667 1557 2728 qua
1596 2649 1699 2711 ille
1730 2658 1905 2714 natus
1938 2657 2029 2711 est
2068 2647 2301 2729 palum-

363 2734 573 2794 binum
614 2734 846 2796 anicula
893 2735 1184 2813 quaedam
1215 2736 1395 2797 matri
1427 2738 1556 2797 eius
1598 2735 1842 2815 optulit;
1892 2754 1965 2796 ex
2005 2753 2124 2812 quo
2170 2736 2299 2811 qui-

365 2820 502 2880 dem
557 2818 912 2900 haruspices
964 2819 1282 2899 dixerunt,
1332 2823 1763 2901 imperatorem
1816 2819 2058 2899 quidem
2110 2818 2297 2891 illum,
2327 2834 2379 2874 30

363 2904 468 2965 sed
501 2923 624 2966 non
657 2905 759 2966 diu
788 2906 1060 2968 futurum
1111 2913 1170 2966 et
1211 2908 1329 2966 cito
1361 2906 1435 2967 ad
1473 2907 1797 2986 imperium
1839 2910 2296 2985 peruenturum.

463 3107 491 3154 1
519 3111 649 3170 post
671 3123 764 3160 om.
788 3106 919 3158 ΒΡ1
945 3111 1066 3159 add.
1092 3106 1242 3158 P⁸M
1380 3110 1415 3160 8
1436 3107 1661 3170 multos!
1680 3110 1732 3159 P
1889 3108 1951 3158 11
1976 3109 2097 3159 uiro
2123 3108 2307 3159 addidi

361 3173 377 3227 (
381 3189 480 3238 pro
505 3174 604 3224 uni
625 3175 776 3226 Iord.
802 3177 983 3227 scribit
1003 3177 1219 3240 iuueni)
1358 3177 1452 3228 uel
1474 3193 1567 3229 om.
1594 3177 1663 3226 M
1778 3181 2005 3226 censete
2030 3177 2217 3242 potius
2240 3177 2307 3226 M

463 3240 799 3293 aduliscenti
830 3244 935 3294 BP
1083 3247 1146 3296 21
1176 3244 1567 3295 ostenderetur
1587 3243 1641 3293 B
1797 3247 1863 3294 22
1890 3249 2179 3295 currerunt
2202 3243 2305 3292 BP

361 3310 656 3374 cupierunt
678 3311 1016 3362 Mommsenus
1177 3312 1325 3378 quod
1350 3329 1444 3364 om.
1468 3311 1571 3361 BP
1727 3313 1792 3361 24
1818 3313 1999 3364 omnia
2022 3311 2075 3360 B
2234 3313 2299 3362 27

359 3379 546 3428 obium
567 3377 697 3428 BP1
746 3380 930 3430 ouium
963 3396 1081 3431 exc.
1243 3395 1519 3446 purpuree
1543 3379 1597 3429 B
1642 3381 1904 3446 purpurei
1926 3381 1979 3428 P
2022 3393 2301 3445 purpurae

357 3443 498 3496 eoee.²
600 3447 665 3497 28
692 3446 904 3498 colores
926 3447 1030 3496 BP
1050 3446 1190 3502 exc-‚¹
1217 3447 1308 3512 (eo
1332 3451 1384 3498 in
1407 3450 1459 3497 P
1474 3449 1525 3498 in
1548 3447 1679 3511 ras.)
1768 3447 2145 3513 palumuinum
2168 3447 2271 3496 BP
2280 3445 2297 3479 ¹
2502 3475 2504 3494 ι

335 3503 357 3538 f
461 3516 528 3565 30
550 3514 876 3579 haruspices
901 3532 994 3567 om.
1019 3514 1101 3564 B¹
2502 3495 2505 3620 Ι
