2517 3884
772 204 1075 262 MAXIMlNI
1116 205 1266 263 DVO.
1327 206 1378 263 C.
1417 208 1650 260 10-12.
2099 202 2176 265 11

222 370 411 439 mine,
446 370 552 449 qui
606 388 741 432 eum
771 370 1097 433 Maximino
1129 371 1394 452 prodidit
1437 373 1655 451 quique
1697 371 1887 451 capud
1931 374 2060 434 eius
2101 374 2176 435 ad

222 456 669 534 imperatorem
727 454 959 518 detulit.
1036 458 1139 519 sed
1172 457 1524 519 Maximinus
1582 458 1780 536 primo
1841 459 1896 519 ei
1954 460 2175 536 gratias
2211 469 2244 518 5

222 541 376 617 egit,
407 547 621 619 postea
645 548 845 601 tamen
875 548 941 601 ut
961 542 1334 621 proditorem
1364 542 1500 603 odio
1551 541 1758 605 habuit
1816 550 1875 604 et
1934 542 2169 605 occidit.

222 624 327 685 his
358 624 541 686 rebus
571 627 633 685 in
675 625 801 685 dies
839 627 1138 688 inmanior
1181 626 1390 696 fiebat,
1451 628 1716 689 ferarum
1761 646 1957 697 more,
2019 646 2171 705 quae
2207 638 2240 687 6

153 724 193 763 5
224 709 585 772 uulneratae
617 712 807 789 magis
838 711 1278 773 exulcerantur.

362 795 507 857 Post
550 795 701 857 haec
741 798 959 858 transit
1001 799 1063 857 in
1095 796 1475 859 Germaniam
1521 816 1653 858 cum
1701 799 1864 858 omni
1909 798 2172 859 exercitu
2211 808 2242 858 7

226 888 295 940 et
324 880 545 941 Mauris
576 888 637 942 et
666 880 996 943 Osdroenis
1028 890 1087 942 et
1118 881 1352 943 Parthis
1383 890 1444 942 et
1473 882 1754 943 omnibus
1785 901 1935 961 quos
1967 901 2173 944 secum

223 963 570 1027 Alexander
600 965 857 1028 ducebat
896 966 1244 1046 adbellum.
1325 975 1384 1028 et
1413 966 1490 1028 ob
1521 966 1635 1027 hoc
1667 970 1926 1029 maxime
1969 970 2170 1028 orien-
2207 978 2240 1027 8

222 1049 374 1111 talia
406 1067 609 1111 secum
631 1049 904 1112 trahebat
936 1051 1170 1121 auxilia,
1205 1052 1364 1130 quod
1396 1051 1546 1113 nulli
1574 1053 1764 1129 magis
1789 1059 1998 1114 contra
2022 1052 2170 1113 Ger-

126 1151 191 1189 10
224 1152 447 1197 manos
476 1153 651 1215 quam
684 1135 945 1214 expediti
974 1138 1266 1215 sagittarii
1305 1136 1525 1198 ualent.
1602 1137 1938 1203 mirandum
1971 1149 2168 1199 autem
2205 1150 2236 1199 9

226 1220 583 1299 adparatum
628 1219 769 1280 belli
798 1219 1130 1285 Alexander
1162 1221 1399 1291 habuit,
1446 1223 1543 1283 cui
1583 1221 1941 1283 Maximinus
1982 1221 2168 1283 multa

226 1306 453 1365 dicitur
498 1304 815 1367 addidisse.
893 1306 1211 1385 Ingressus
1252 1308 1435 1384 igitur
1467 1306 1844 1370 Germaniam
1877 1306 2168 1367 Transre·
2193 1302 2272 1373 12

224 1408 449 1452 nanam
502 1408 612 1469 per
660 1392 905 1469 triginta
950 1392 1049 1453 uel
1100 1391 1490 1471 quadraginta
1523 1390 1688 1453 milia
1729 1390 2024 1457 barbarici
2057 1390 2171 1453 soli

225 1477 403 1536 uicos
432 1476 724 1546 incendit,
754 1492 971 1555 greges
1000 1477 1227 1555 abegit,
1289 1476 1546 1555 praedas
1576 1476 1844 1545 sustulit,
1877 1476 2168 1537 barbaro-

128 1575 193 1616 15
226 1578 371 1621 rum
406 1560 701 1639 plurimos
740 1563 1073 1631 interemit,
1122 1561 1373 1623 militem
1404 1561 1650 1625 diuitem
1682 1562 1948 1631 reduxit,
2011 1564 2171 1641 cepit

224 1648 602 1715 innumeroS,
636 1652 699 1707 et
724 1648 843 1707 nisi
876 1646 1159 1707 Germani
1191 1664 1223 1707 a
1253 1648 1484 1726 campis
1514 1646 1588 1707 ad
1618 1645 1867 1726 paludes
1899 1654 1958 1707 et
1987 1646 2168 1707 siluas

208 1731 669 1808 confugissent,
718 1749 957 1793 omnem
990 1730 1370 1795 Germaniam
1413 1732 1480 1793 in
1507 1731 1834 1793 Romanam
1879 1730 2166 1792 ditionem

222 1814 583 1895 redegisset.
658 1816 789 1895 ipse
818 1824 1127 1895 praeterea
1158 1834 1341 1879 manu
1371 1835 1477 1879 sua
1507 1815 1694 1878 multa
1725 1816 1997 1885 faciebat,
2033 1834 2168 1877 cum
2203 1830 2236 1879 2

227 1902 411 1961 etiam
462 1892 742 1980 paludem
791 1903 1105 1979 ingressus
1156 1903 1601 1963 circumuentus
1633 1910 1724 1962 est
1765 1920 1800 1963 a
1830 1900 2164 1970 GermaniS,

128 2001 199 2041 20
226 1987 349 2047 nisi
376 2004 518 2047 cum
546 2004 659 2047 suo
692 2004 847 2066 equo
875 1985 1288 2048 inhaerentem
1320 1985 1696 2047 liberassent.
1768 1984 1975 2048 habuit
2007 1987 2169 2046 enim
2205 2000 2236 2049 3

225 2070 347 2131 hoc
377 2069 727 2133 barbaricae
756 2072 1139 2141 temeritatis,
1181 2078 1247 2131 ut
1276 2078 1542 2149 putaret,
1588 2072 2012 2150 imperatorem
2045 2088 2166 2130 ma-

222 2175 373 2217 num
434 2158 615 2217 etiam
674 2174 841 2219 suam
877 2174 1115 2236 semper
1144 2154 1391 2217 debere.
1466 2154 1722 2234 denique
1752 2156 1922 2234 quasi
1952 2152 2165 2215 nauale
2202 2170 2236 2219 4

226 2240 529 2320 quoddam
570 2239 867 2321 proelium
906 2242 969 2301 in
1012 2239 1230 2320 palude
1277 2240 1422 2301 fecit
1459 2238 1870 2319 plurimosque
1909 2238 2032 2300 illic
2073 2241 2167 2299 in·

226 2328 485 2387 teremit.
563 2324 725 2386 Victa
755 2328 934 2404 igitur
966 2326 1284 2396 Germania
1323 2324 1551 2387 litteras
1579 2324 1831 2389 Romam
1874 2324 1947 2385 ad
1991 2342 2165 2388 sena·
2204 2342 2236 2391 5

130 2425 200 2465 2⁵
226 2418 359 2473 tum
402 2418 465 2471 et
505 2410 791 2490 populum
820 2413 983 2473 misit
1026 2429 1091 2473 se
1133 2412 1392 2473 dictante
1451 2411 1848 2489 conscriptas,
1911 2428 2168 2490 quarum

228 2497 533 2557 sententia
584 2494 731 2556 haec
790 2496 930 2557 fuit:
979 2496 1135 2557 <Non
1166 2513 1489 2575 possumus
1520 2502 1769 2565 tantum,
1801 2514 1860 2575 p.
1897 2513 1970 2564 c..
2004 2494 2166 2572 loqui
2203 2511 2234 2560 6

224 2588 519 2660 quantum
580 2581 849 2642 fecimus.
958 2600 1067 2660 per
1126 2580 1516 2658 quadraginta
1571 2584 1672 2641 uel
1737 2581 2168 2659 quinquaginta

224 2664 390 2727 milia
420 2665 860 2727 Germanorum
901 2668 1067 2727 uicos
1093 2665 1499 2736 incendimus,
1543 2682 1759 2744 greges
1791 2664 2163 2733 abduximus,

366 2854 395 2901 1
420 2851 661 2902 maximo
683 2850 737 2901 B
767 2852 1063 2903 maximino
1085 2854 1137 2901 P
1166 2852 1259 2914 (no
1283 2849 1363 2901 Ρι
1385 2852 1436 2902 ἰη
1459 2849 1589 2914 rae.)
1749 2848 1901 2915 apud
1923 2849 2026 2899 BP
2034 2846 2056 2880 ¹·
2077 2863 2170 2897 ea-

226 2918 341 2985 pud
366 2918 453 2969 B²
590 2923 622 2970 5
646 2919 974 2971 uulneraeta
998 2921 1050 2970 B
1071 2922 1125 2970 in
1150 2922 1201 2971 P
1220 2925 1314 2969 tae
1340 2922 1392 2971 in
1414 2934 1523 2971 ras.
1673 2919 1705 2967 6
1730 2917 1960 2967 transiit
1981 2915 2174 2965 B²PM

367 2989 429 3037 11
459 3003 583 3037 cum
602 2988 707 3037 BP
805 2990 868 3037 12
894 2986 1331 3039 trafenanamB¹
1357 2984 1826 3038 trasrenanamB²
1849 2989 2168 3035 transrena-

226 3072 357 3105 nam
381 3057 432 3106 P
578 3057 641 3105 13
668 3060 920 3106 trecenta
946 3056 1114 3107 BPM
1133 3072 1224 3107 em.
1250 3054 1293 3105 S
1428 3053 1832 3119 quadringenta.
1857 3053 1972 3102 PM
2104 3052 2170 3101 14

224 3123 482 3173 incendit
504 3140 600 3176 om.
624 3123 727 3172 BP
884 3126 947 3175 15
972 3125 1158 3189 coepit
1180 3123 1233 3173 B
1397 3123 1461 3174 16
1494 3135 1684 3172 amnes
1708 3121 1812 3171 BP
1854 3136 1956 3185 per
1978 3134 2168 3169 amnes

228 3190 379 3241 P⁸M
397 3207 431 3241 a
459 3192 671 3256 campis
694 3194 887 3257 ser-ipsi
905 3193 973 3255 cf.
1001 3193 1203 3243 Herod.
1236 3190 1356 3241 VII
1379 3195 1428 3251 2,
1454 3195 1516 3240 5.·
1547 3184 1608 3240 οἷ
1629 3183 1696 3240 δὲ
1723 3184 2010 3255 Γερμανοὶ
2034 3178 2166 3237 ἀπὸ

223 3252 351 3324 μὲν
377 3259 511 3310 τῶν
534 3256 829 3324 πεδίων,
862 3256 965 3310 καὶ
991 3258 1051 3311 εἴ
1065 3274 1219 3319 τινες
1240 3244 1392 3341 ἦσαν
1426 3257 1603 3325 χῶραι
1627 3248 1930 3323 ἅδενὸροι,
1957 3248 2140 3307 civetate
2156 3282 2170 3289 -

264 3320 582 3393 ωρήκεσαν,
608 3318 670 3378 ἐν
694 3321 761 3378 δὲ
786 3331 914 3387 ταῖς
938 3318 1107 3387 ὅλαις
1132 3319 1480 3392 ἕκρυπτοντο
1501 3324 1640 3391 περί
1657 3340 1718 3377 τε
1742 3317 1813 3375 τὰ
1839 3319 1937 3391 ἕλη
1958 3319 2170 3389 διέτρι-

264 3408 349 3447 ον.
492 3399 551 3444 et
575 3395 809 3461 paludes
830 3396 897 3445 M
1031 3398 1093 3447 17
1120 3394 1465 3459 confugisset
1487 3392 1618 3445 BP¹
1720 3395 1784 3443 21
1809 3408 1975 3443 manu
1999 3392 2170 3442 etiam

228 3476 330 3513 sua
352 3462 525 3513 BPM
541 3478 635 3516 em,
660 3463 975 3529 Bernhardy
1110 3466 1176 3513 22
1202 3462 1330 3513 alne
1352 3461 1426 3511 B¹
1451 3462 1578 3513 aule
1603 3461 1793 3512 B²PM
1898 3463 1964 3512 25
1990 3459 2170 3508 dieta.-

226 3534 321 3581 tae
349 3529 423 3580 B¹
562 3533 626 3581 27
651 3530 745 3581 uel
768 3534 949 3583 addidi
1084 3531 1488 3596 quinquaginta
1511 3546 1607 3582 om.
1633 3530 1700 3579 M
