2517 3884
781 192 1220 257 NVMERIANVS.
1312 200 1378 280 c..
1417 204 1652 259 12-15,
2051 197 2183 262 -223

246 367 294 450 †
309 367 446 449 plus
470 385 647 444 quam
672 367 956 428 militares
976 363 1075 426 uel
1091 367 1319 427 Graece
1344 365 1439 428 uel
1454 366 1660 428 Latine
1687 367 1785 428 uel
1816 370 2182 430 comicorum

245 471 541 532 usurpare
572 452 728 514 dicta
769 451 866 513 uel
908 451 1114 513 talium
1153 460 1486 531 poetarum.
1534 453 1651 532 ipsi
1680 452 1939 531 denique
1968 455 2183 514 comici
2216 462 2249 511 5

245 538 614 619 plerumque,
633 539 718 597 sic
747 536 966 598 milites
993 535 1287 597 inducunt
1315 543 1383 597 ut
1413 555 1517 598 eos
1549 537 1767 600 faciant
1796 544 2005 600 uetera
2027 538 2182 599 dicta

244 640 557 702 usurpare.
593 640 730 682 nam
766 629 880 691 et,
887 619 1106 702 ,Lepus
1138 627 1267 681 tute
1304 640 1368 682 es
1406 621 1859 701 pulpamentum
1902 625 2181 703 quaeris“

192 719 219 762 5
245 707 381 768 Liui
419 707 742 769 Andronici
785 706 1010 768 dictum
1053 712 1160 776 est,
1209 705 1515 784 multaque
1566 706 1679 768 alia
1709 707 1948 769 Plautus
1981 708 2180 770 Caeci-

243 791 478 872 liusque
519 800 870 871 posuerunt.

375 893 688 954 Curiosum
730 911 852 953 non
893 900 1040 972 puto
1084 909 1282 970 neque
1328 893 1471 952 satis
1514 893 1759 970 uulgare
1801 893 2074 956 fabellam
2108 894 2181 954 de
2203 886 2285 950 14

245 977 614 1042 Diocletiano
643 980 906 1056 Augusto
949 994 1188 1077 ponere.
1207 975 1323 1037 hoc
1355 979 1811 1039 conuenientem
1841 978 1995 1048 loco,
2029 996 2179 1055 quae

246 1063 333 1122 illi
361 1063 492 1124 data
527 1069 616 1124 est
647 1063 718 1123 ad
751 1081 926 1124 omen
975 1064 1232 1141 imperii.
1278 1079 1426 1122 auus
1474 1080 1643 1123 meus
1672 1063 1818 1123 mihi
1859 1062 2063 1123 retulit
2105 1061 2179 1124 ab

165 1163 218 1203 ιο
243 1150 376 1228 ipso
407 1147 773 1208 Diocletiano
815 1157 1211 1227 compertum.
1270 1165 1478 1217 „oum,
1529 1148 1741 1226 inquit,
1776 1147 2179 1208 Diocletianus
2215 1155 2247 1204 2

245 1233 402 1312 apud
451 1233 726 1311 Tungros
768 1231 1166 1294 in.Gallia·in
1217 1231 1473 1311 quadam
1528 1250 1796 1312 caupona
1838 1241 2179 1292 moraretur

243 1321 308 1378 in
337 1317 670 1381 minoribus
701 1317 892 1378 adhuc
922 1317 1070 1378 locis
1112 1316 1374 1377 militans
1406 1324 1466 1375 et
1496 1335 1633 1378 cum
1663 1315 1895 1396 Dryade
1928 1315 2179 1394 quadam

244 1403 497 1464 muliere
540 1405 833 1465 rationem
879 1404 1188 1463 conuictus
1219 1403 1315 1462 sui
1356 1401 1639 1462 cotidiani
1677 1402 1937 1471 faceret,
2002 1410 2178 1481 atque

243 1487 344 1548 illa
375 1488 628 1549 diceret:
663 1487 1088 1558 „Diocletiane,
1123 1488 1377 1549 nimium
1400 1504 1636 1557 auarus,
1672 1487 1929 1547 nimium
1959 1504 2179 1565 parcus

164 1586 218 1628 15
248 1581 385 1642 es“,
445 1574 580 1634 ioco
638 1590 760 1634 non
824 1573 982 1634 serio
1043 1570 1447 1633 Diocletianus
1506 1571 1891 1651 respondisse
1928 1573 2171 1648 fertur:

242 1659 456 1729 „Tunc
487 1677 590 1719 ero
622 1656 852 1736 larguS,
887 1676 1020 1719 cum
1054 1657 1226 1718 fuero
1253 1659 1650 1735 imperator.“
1676 1664 1814 1735 post
1846 1655 2005 1733 quod
2035 1675 2175 1716 uer·
2212 1661 2245 1710 3

243 1743 388 1812 bum
419 1743 606 1822 Dryas
637 1743 856 1804 dixisse
887 1744 1116 1804 fertur:
1159 1741 1587 1812 „Diocletiane,
1622 1743 1812 1801 iocari
1852 1740 1994 1810 noli,
2038 1759 2177 1801 nam

246 1830 364 1890 eris
394 1828 720 1906 impera-tor
751 1845 884 1888 cum
914 1829 1143 1907 Aprum
1174 1827 1531 1887 occideris.“
1606 1843 1846 1904 semper
1887 1827 1947 1884 in
1982 1826 2177 1884 animo
2200 1815 2279 1880 15

242 1911 644 1974 Diocletianus
673 1911 880 1974 habuit
907 1913 1146 1991 imperii
1177 1909 1574 1989 cupiditatem,
1618 1910 1796 1986 idque
1825 1909 2179 1970 Maximiano

163 2013 216 2052 20
245 1998 486 2058 conscio
517 2003 696 2072 atque
727 2015 840 2056 auo
871 2014 1026 2065 meo,
1059 1997 1155 2056 cui
1184 1993 1300 2054 hoc
1342 1995 1561 2054 dictum
1597 2013 1631 2054 a
1662 1992 2053 2072 Dryade'ipse
2083 2011 2178 2053 re-

244 2080 484 2143 tulerat.
529 2079 815 2160 denique,
859 2086 928 2140 ut
967 2086 1096 2140 erat
1137 2077 1311 2150 altuS‚
1355 2079 1487 2139 risit
1519 2085 1578 2138 et
1606 2079 1806 2138 tacuit.
1880 2095 2059 2156 apros
2089 2085 2177 2137 ta·
2214 2083 2246 2130 2

243 2183 384 2226 men
415 2167 478 2223 in
509 2163 849 2233 uenatibuS,
885 2162 991 2224 uhi
1018 2164 1130 2223 fuit
1155 2162 1426 2232 facultas,
1459 2181 1637 2223 manu
1670 2181 1775 2223 sua
1808 2179 2046 2240 semper
2078 2180 2177 2221 oc-

245 2247 406 2311 cidit.
468 2247 728 2325 denique
759 2267 896 2310 cum
925 2247 1279 2309 Aurelianus
1309 2249 1628 2327 imperium
1660 2248 2006 2325 accepisset,
2042 2263 2177 2306 cum
2213 2251 2245 2300 3

244 2333 493 2402 Probus,
529 2352 664 2395 cum
696 2333 952 2403 Tacitus,
979 2351 1116 2395 cum
1144 2334 1277 2412 ipse
1318 2332 1521 2401 Carus,
1564 2331 1969 2392 Diocletianus
1998 2331 2177 2392 dixit:

119 2447 129 2455 κ
163 2433 217 2475 25
243 2420 414 2498 „Ego
444 2436 683 2498 semper
713 2437 892 2498 apros
924 2417 1148 2487 occido,
1181 2417 1287 2478 sed
1331 2417 1479 2478 alter
1508 2418 1696 2478 utitur
1725 2416 2178 2496 pulpamento.“

242 2507 361 2565 iam
391 2502 539 2564 illud
579 2510 789 2565 notum
821 2509 914 2564 est
941 2510 1118 2580 atque
1147 2501 1453 2580 uulgatum
1485 2501 1665 2580 quod,
1698 2520 1833 2564 cum
1862 2501 2179 2561 occidisset
2212 2508 2247 2558 4

243 2590 467 2667 Aprum
498 2589 868 2666 praefectum
896 2594 1110 2668 praet„
1143 2588 1365 2648 dixisse
1394 2587 1615 2649 fertur:
1649 2585 1961 2656 „Tandem
1989 2585 2181 2646 occidi

242 2675 468 2752 Aprum
523 2671 779 2733 fatalem.
803 2681 841 2706 ‘⁸
900 2675 1096 2749 ipsum
1137 2672 1567 2734 Diocletianum
1619 2671 1779 2732 idem
1823 2689 1968 2731 auus
2007 2688 2179 2730 meus
2216 2677 2247 2726 5

245 2757 468 2817 dixisse
499 2755 752 2825 dicebat,
785 2754 1012 2818 nullam
1039 2756 1212 2819 aliam
1238 2755 1360 2836 sibi
1391 2775 1633 2818 causam
1662 2754 1971 2816 occidendi
1999 2771 2179 2814 manu

165 2858 216 2898 ao
247 2861 352 2904 sua
367 2841 551 2902 fuisse
564 2841 788 2920 Aprum
803 2841 920 2901 nisi
948 2849 1012 2902 ut
1027 2839 1307 2919 impleret
1316 2841 1562 2920 Dryadis
1576 2840 1797 2900 dictum
1812 2846 1871 2899 et
1884 2855 2055 2898 suum
2078 2837 2175 2897 fir-

241 2933 436 2988 maret
450 2927 794 3003 imperium.
827 2942 947 2986 non
975 2927 1132 2987 enim
1144 2932 1263 2985 tam
1279 2923 1580 2992 crudelem
1604 2941 1668 2985 se
1683 2925 2060 2984 innotescere
2072 2940 2175 2982 cu-
2213 2929 2246 2978 6

379 3181 411 3230 2
437 3178 608 3229 alium
630 3178 883 3244 Eyssenh.
1024 3180 1055 3228 5
1079 3176 1206 3226 liuii
1226 3173 1303 3226 B²
1416 3174 1591 3226 multa
1616 3175 1729 3226 alia
1752 3189 1895 3242 quae
1920 3173 2024 3224 BP
2043 3174 2178 3225 mul·

242 3251 414 3313 taque
440 3247 552 3296 alia
574 3247 766 3310 scripsi
913 3245 1195 3310 celiusque
1219 3243 1351 3296 BP¹
1377 3245 1443 3308 (c.
1470 3243 1549 3294 P³
1581 3243 1726 3308 Vat.)
1889 3245 1918 3294 ⁷
1943 3258 2053 3293 non
2078 3245 2177 3296 del.

247 3316 290 3364 G
429 3317 462 3366 9
487 3313 586 3364 illa
607 3313 714 3362 BP
872 3316 933 3363 11
958 3314 1018 3363 in
1043 3330 1134 3364 om.
1161 3311 1234 3361 B¹
1398 3315 1462 3363 13
1487 3312 1830 3363 curationem
1853 3310 1957 3360 BP
2114 3312 2177 3361 17

243 3381 370 3432 nolo
393 3382 445 3431 B
583 3383 648 3432 18
671 3380 941 3432 occiderit
963 3381 1016 3430 B
1146 3374 1359 3431 {animo
1380 3380 1433 3430 B
1570 3381 1637 3431 20
1661 3379 1904 3444 dryadae
1928 3380 1979 3428 P
2111 3379 2176 3427 21

244 3450 378 3500 rixit
399 3449 452 3498 B
477 3447 550 3567 (flu
573 3450 625 3499 P
645 3451 720 3499 sit
742 3453 795 3500 in
817 3449 948 3514 ras.)
1066 3450 1132 3498 22
1158 3449 1403 3500 facultas
1426 3449 1479 3498 Ρ
1487 3447 1501 3481 ¹
1639 3445 1707 3498 27
1733 3447 2055 3512 praefectus
2079 3443 2183 3493 BP

381 3519 448 3568 28
471 3517 494 3566 i
554 3521 642 3568 est
663 3517 716 3566 B
