2517 3884
324 202 451 267 276
536 204 773 255 INDEX
806 199 1156 253 NOMtNVM
1192 200 1286 250 ET
1331 198 1584 250 RERVM
1620 196 2206 248 MEMORABILIVM
2235 192 2259 213 “·

333 374 543 425 Gellium
564 371 635 422 ad
649 370 835 437 palum
846 370 1202 435 deligandum
1227 382 1352 419 esse

405 445 598 493 censet
631 438 798 489 Diad.
833 440 961 501 202,
1010 440 1090 487 12.

332 510 520 561 Gellius
584 507 883 557 historicus
962 507 1229 556 citatur
1297 504 1354 553 ΙΙ

332 613 568 695 Gemin’as
611 642 850 692 libertus
896 638 1127 689 multum
1174 639 1356 705 potuit

396 713 502 775 sub
560 710 751 760 Marco
815 712 872 759 et
915 708 1061 758 Vero
1108 708 1203 771 56,
1256 708 1352 769 17;

400 779 501 829 sub
540 778 684 828 Vero
720 777 805 838 75,
846 776 929 825 16.

336 847 569 898 Geminus
580 844 872 895 comoedus
886 842 1155 907 magister
1172 842 1356 893 Marci

406 915 493 975 45,
533 915 613 964 13.

324 982 547 1046 yemmizs
591 978 839 1044 sculptas
878 978 937 1027 in
963 977 1356 1028 calciamentis

398 1048 597 1098 habuit
618 1045 746 1097 Hel.
784 1048 904 1107 218,
933 1048 1019 1098 21.
1054 1061 1106 1110 g.
1147 1044 1215 1095 de
1241 1044 1354 1096 cal-

398 1116 689 1167 ciamentis
763 1118 819 1163 et
894 1114 1145 1165 uestibus
1220 1112 1353 1163 tulit

395 1184 482 1237 Al.
518 1184 645 1247 230,
694 1184 776 1235 18.
821 1196 1159 1247 gemmarum
1208 1178 1354 1246 quod

394 1252 503 1302 fuit
538 1248 790 1301 uendidit
824 1249 979 1301 Alex.
1005 1249 1125 1313 257,
1150 1252 1201 1303 3.
1229 1250 1348 1307 264,

329 1370 334 1383 ,
398 1322 481 1371 21.
520 1336 571 1385 g.
610 1317 835 1383 quidam
858 1317 1075 1367 uitreas
1120 1331 1218 1382 pro
1254 1331 1349 1367 ue-

394 1387 471 1439 ris
542 1384 793 1437 uendidit
860 1383 1111 1436 Gallieni
1190 1383 1350 1434 uxori

338 1506 355 1521 ⁶
395 1455 452 1506 11
485 1456 577 1516 83,
629 1456 710 1506 19.
770 1454 829 1501 in
890 1450 1101 1502 calceis
1149 1450 1350 1502 habuit

395 1522 632 1572 Carinus
668 1522 725 1571 11
759 1521 878 1583 224,
916 1520 999 1570 26.

335 1586 577 1640 Genialis.
625 1588 861 1638 Flauius
906 1612 992 1640 —-.
1054 1586 1168 1637 uid.
1216 1585 1347 1636 Fla-

395 1657 535 1710 nius.

324 1726 575 1788 genitalia
604 1721 862 1772 mutilare
887 1720 1228 1771 uetabantur
1263 1722 1350 1771 Iu-

394 1791 524 1842 daei
561 1793 652 1847 14,
692 1792 777 1842 28.
815 1806 867 1855 g.
932 1788 1183 1839 deuinxit
1217 1788 1349 1843 Hel.

325 1928 609 1991 genitalicii
641 1926 699 1975 in
734 1925 1000 1975 honorem
1034 1924 1350 1975 Pertinacis

396 1994 573 2045 additi
610 1995 725 2057 116,
761 1994 813 2053 4,

332 2061 626 2113 Gentianus.
663 2060 955 2111 Lollianus
976 2086 1059 2109 —.
1079 2058 1192 2109 uid.
1216 2056 1348 2108 Lol·
1363 2094 1374 2101 -

397 2130 597 2180 lianus.

323 2223 395 2233 -—
427 2196 721 2248 Terentius
758 2221 841 2246 -.
877 2194 989 2245 uid.
1025 2194 1347 2245 Terentius.

324 2272 617 2329 neometras
650 2264 709 2313 in
734 2262 1121 2313 familiaritate
1146 2262 1346 2313 habuit

390 2332 565 2386 Hadr.
603 2333 685 2393 17,
725 2332 812 2381 14.

318 2402 631 2464 geometriae
718 2398 1089 2464 peritissimus
1170 2398 1342 2449 Hadr.

392 2468 482 2530 15,
523 2469 603 2517 10.
641 2482 695 2531 g.
733 2465 874 2515 fecit
906 2464 1063 2515 Alex.
1090 2466 1209 2529 246,
1259 2468 1343 2519 31.

332 2534 587 2599 θεονρίοα
645 2531 870 2583 Clodius
922 2531 1045 2583 Alb.
1116 2534 1345 2599 scripsit

283 2646 297 2653 ,
392 2602 507 2660 162,
543 2602 627 2651 24.
653 2624 665 2631 -

324 2670 566 2721 Germani
598 2669 716 2727 266,
741 2668 825 2719 25.
860 2669 979 2731 271,
1017 2670 1102 2719 27.
1156 2668 1215 2719 11
1256 2670 1340 2733 24,

390 2740 475 2789 23.
537 2762 601 2774 --
663 2736 728 2786 G.
800 2736 1093 2786 constituit
1154 2750 1342 2801 regem

388 2804 562 2856 Hadr.
612 2806 702 2866 13,
750 2805 834 2854 27.
893 2804 1030 2853 Pius
1090 2804 1342 2854 contudit

386 2875 473 2936 37,
510 2874 594 2927 28.
633 2876 827 2923 contra
862 2871 930 2924 G.
966 2886 1057 2921 res
1093 2871 1341 2922 feliciter

388 2941 568 3013 gessit
602 2938 827 2989 Marcus
863 2941 948 3002 57,
987 2940 1070 2989 26.
1109 2939 1337 2989 Germa-

390 3024 580 3059 norum
618 3006 831 3058 auxilia
868 3011 1063 3058 contra
1101 3006 1165 3057 G.
1206 3008 1341 3057 emit

388 3078 519 3129 Aur
531 3076 621 3133 61,
646 3077 731 3125 21.
746 3073 813 3125 G.
829 3073 1195 3140 subegithr.
1222 3077 1338 3138 170,

1476 367 1820 418 cenditMax.
1847 367 1904 417 II
1927 369 1985 417 11
2003 404 2017 429 ,
2044 368 2131 418 28.
2151 366 2299 416 nulli
2325 384 2444 417 ma·

1476 436 1562 501 gis
1584 440 1778 485 contra
1803 434 1871 488 G.
1900 449 2062 499 quam
2077 434 2330 499 expediti
2351 450 2437 485 sa-

1477 502 1694 569 gittarii
1740 502 1938 553 ualent
1979 502 2036 552 11
2083 505 2179 565 11,
2239 504 2293 553 9.
2343 519 2438 568 per

1477 571 1873 621 Germanorum
1965 570 2180 621 auxilia
2258 572 2437 621 Maxi-

1479 654 1600 689 mus
1624 637 1832 688 bellum
1851 639 2075 703 parauit
2101 642 2306 689 contra
2319 638 2436 687 Ma·
2467 690 2476 701 ,

1476 707 1742 756 ximinum
1799 705 1856 755 ΙΙ
1925 707 2032 768 20,
2092 708 2186 768 15,
2252 706 2436 757 occiso

1476 774 1781 824 Maximino
1842 788 1937 824 eos
1989 773 2201 823 dimisit
2246 773 2308 823 11
2355 776 2434 835 20,

1479 846 1562 894 17.
1604 841 2001 892 Germanorum
2036 841 2222 891 uictor
2271 840 2434 891 Gord.

1478 911 1678 961 tertius
1715 909 1896 959 dictus
1920 909 1978 959 11
2001 912 2084 967 52,
2114 911 2198 960 18.
2241 915 2436 960 contra

1479 977 1545 1027 G.
1603 992 1717 1028 rem
1774 977 1914 1027 satis
1966 974 2218 1028 feliciter
2263 978 2438 1042 gessit

1478 1045 1753 1095 Maximus
1788 1045 1847 1095 11
1883 1046 1974 1108 56,
2026 1046 2111 1099 29.
2175 1050 2434 1110 paratum

1475 1118 1624 1175 erat,
1673 1116 1735 1161 ut
1771 1119 1962 1169 contra
2010 1111 2074 1167 G.
2113 1112 2434 1177 proficisce-

1473 1185 1625 1231 retur
1637 1180 1926 1239 Balbinus,
1942 1195 2064 1231 cum
2088 1179 2429 1231 interfectus

1475 1253 1559 1299 est
1576 1248 1635 1299 11
1653 1248 1735 1306 62,
1759 1249 1840 1299 19.
1881 1248 2158 1307 Germani,
2189 1250 2289 1313 qui
2317 1250 2431 1297 Ma-

1419 1355 1424 1359 .
1471 1317 1679 1367 ximum
1691 1315 2099 1379 Balbinumque
2115 1316 2430 1381 stipabant,

1472 1399 1568 1435 eos
1615 1388 1810 1435 contra
1871 1381 2078 1434 milites
2131 1384 2432 1434 seditiosos

1470 1451 1773 1502 defendere
1819 1452 2185 1515 nequiuerunt
2231 1451 2294 1503 ΙΙ
2348 1454 2426 1513 62,

1469 1521 1572 1582 22;
1611 1522 1703 1581 31;
1741 1521 1824 1570 34.
1863 1519 1946 1580 63,
1988 1522 2042 1581 1;
2087 1522 2177 1581 1ος
2234 1520 2320 1573 15.
2373 1546 2432 1555 -

1473 1586 1541 1638 G.
1599 1588 1863 1637 Postumo
1921 1586 2228 1637 interfecto
2281 1588 2429 1638 subi-

1471 1659 1590 1705 tam
1642 1655 2014 1720 inruptionem
2061 1655 2120 1704 in
2177 1654 2424 1706 Galliam

1471 1724 1728 1773 fecerunt
1757 1723 1818 1779 11
1853 1724 1946 1787 94,
1989 1724 2070 1773 15.
2119 1722 2186 1773 G.
2223 1724 2421 1774 Postu·

1472 1805 1618 1841 mum
1665 1791 2120 1855 victorinumque
2167 1791 2230 1840 in
2275 1790 2423 1843 bello

1471 1863 1668 1909 contra
1705 1855 1851 1909 Gall.
1891 1858 2230 1910 adiuuerunt
2261 1858 2322 1909 11
2351 1860 2428 1917 95,

1472 1928 1522 1978 7.
1563 1926 1628 1975 G.
1669 1925 1739 1975 ab
1776 1927 1905 1979 Aur.
1944 1926 2224 1991 triumpho
2279 1927 2430 1977 ducti

1469 1992 1528 2043 11
1565 1996 1694 2054 160,
1731 1995 1782 2044 6.
1839 1993 1904 2045 G.
1952 1993 2189 2045 limitem
2225 1994 2424 2046 Trans-

1471 2076 1740 2111 renanam
1775 2066 1990 2113 mortuo
2037 2063 2169 2113 Aur.
2209 2064 2422 2127 rupisse

1470 2126 1804 2180 dicebantur
1836 2129 1893 2180 II
1930 2131 2052 2187 173,
2095 2131 2176 2182 10.
2253 2130 2321 2184 G.
2361 2131 2424 2181 ab

1469 2192 1650 2248 Probo
1687 2213 1720 2248 a
1753 2197 1935 2247 Rheni
1978 2197 2239 2249 litoribus
2288 2214 2425 2249 sum·
2494 2206 2495 2211 ’

1467 2266 1604 2314 moti
1639 2264 1698 2314 11
1736 2266 1851 2328 194,
1888 2266 1974 2316 30.
2013 2264 2079 2317 G
2119 2266 2418 2317 interfecto
2491 2280 2493 2309 ³

1465 2333 1599 2382 Aur.
1663 2332 1882 2383 Gallias
1940 2332 2312 2399 possederunt
2367 2334 2420 2384 11
2489 2384 2491 2395 ,

1470 2401 1585 2463 196,
1623 2402 1673 2451 3.
1727 2398 1793 2454 G.
1832 2416 2041 2451 omnes
2061 2400 2132 2451 ad
2157 2402 2424 2462 auxilium
2486 2443 2492 2459 .

1467 2468 1657 2518 uocati
1713 2483 1746 2517 a
1807 2468 2042 2519 Proculo
2112 2468 2424 2520 maluerunt
2487 2472 2489 2475 ‘

1467 2535 1651 2586 Probo
1696 2535 1907 2586 seruire
1947 2550 2112 2600 quam
2151 2552 2277 2587 cum
2317 2539 2417 2587 Βο-

1464 2618 1598 2654 noso
1650 2607 1707 2653 et
1749 2603 1987 2655 Proculo
2017 2606 2314 2670 imperare
2372 2604 2424 2655 II

1465 2673 1590 2731 199,
1646 2674 1730 2723 23.
1793 2670 1860 2721 de
1921 2670 1987 2721 G.
2051 2673 2414 2739 triumphauit

1463 2710 1680 2789 Probus
1724 2739 1780 2789 11
1836 2741 1964 2802 200,
2030 2741 2085 2801 13
2147 2741 2238 2791 24.
2295 2740 2419 2791 Ala-

1465 2821 1724 2870 manum,
1765 2808 1859 2871 qui
1895 2811 2027 2857 tunc
2067 2807 2251 2859 adhuc
2289 2809 2418 2860 Ger·

1474 2875 1626 2925 mani
1649 2875 1993 2934 dicebantur,
2009 2876 2280 2926 contriuit
2293 2878 2420 2926 Pro-

1466 2942 1624 2992 culus
1661 2943 1720 2991 11
1754 2944 1874 3001 212,
1910 2942 1993 2993 27.
2031 2943 2089 2992 in
2125 2943 2284 2994 Reno
2319 2944 2418 2993 Ro-

1474 3026 1669 3061 manas
1735 3009 1973 3060 lusorias
2045 3011 2418 3107 incenderunt

1459 3078 1516 3128 11
1551 3078 1680 3140 213,
1721 3080 1803 3127 22.

386 3145 472 3193 32.
526 3142 592 3194 G.
639 3142 1051 3193 uastationibus
1112 3142 1339 3208 diripie-
1394 3146 1667 3198 Germania
1705 3146 1819 3209 106,
1858 3150 1907 3198 3.
1961 3148 2076 3209 117,
2108 3098 2188 3197 17.
2229 3136 2346 3207 128,
2366 3149 2410 3195 4.
2456 3196 2458 3199 ,

388 3211 552 3261 batur
609 3209 797 3259 Gallia
842 3210 998 3260 Alex.
1046 3210 1178 3275 imp.
1216 3213 1335 3273 270,

390 3280 471 3327 19.
508 3277 569 3325 in
614 3275 919 3327 Germanos
966 3276 1338 3342 proficiscitur

385 3343 721 3394 Maximinus
758 3345 813 3393 11
851 3347 939 3403 10,
962 3347 1012 3394 6.
1047 3344 1113 3395 G.
1143 3346 1338 3396 confu-

388 3413 547 3477 giunt
588 3410 657 3458 ad
692 3410 927 3473 paludes
963 3417 1019 3461 et
1062 3412 1236 3463 siluas
1283 3412 1342 3462 11

390 3478 609 3535 11,19.
667 3491 769 3554 per
815 3478 1188 3545 quadraginta
1246 3480 1343 3531 uel

383 3543 789 3609 quinquaginta
835 3546 992 3595 milia
1052 3547 1206 3599 uicos
1258 3549 1344 3598 iu-

1457 3214 1515 3264 11
1551 3216 1646 3276 37,
1693 3214 1778 3273 26.
1840 3216 2263 3278 97,13.196‚
2327 3218 2403 3265 24.

1463 3283 1577 3344 197,
1615 3283 1702 3331 20.
1738 3282 1798 3330 in
1824 3281 1890 3333 G.
1919 3296 1987 3330 ex
2011 3281 2209 3333 Gallia
2237 3288 2409 3333 trans·
2456 3312 2458 3317 ·

1460 3349 1527 3398 iit
1572 3348 1745 3399 Hadr.
1786 3348 1875 3411 11,
1918 3350 1998 3401 11.
2045 3350 2105 3399 in
2144 3351 2220 3401 G.
2269 3352 2414 3401 inru-

1462 3422 1662 3482 perant
1683 3415 1890 3467 'Catthi
1924 3416 2117 3468 Marco
2162 3418 2297 3484 imp.
2335 3422 2409 3480 50,

1463 3486 1548 3539 28.
1595 3486 1653 3533 in
1699 3482 1762 3534 G.
1811 3482 2094 3549 profectus
2143 3484 2296 3537 Com.
2337 3488 2412 3543 98,

1468 3552 1548 3603 18.
1586 3551 1652 3603 G.
1699 3566 1799 3616 per
1826 3550 1996 3602 duces
2028 3550 2179 3603 Com.
2222 3555 2412 3605 sedata
