2517 3884
782 177 1170 236 HAnmAst.
1230 178 1287 235 c,
1322 181 1555 234 10-13.
2066 174 2147 239 13

195 345 626 404 frumentarios
657 345 1054 421 cognouisset,
1081 350 1323 423 petente
1352 341 1456 405 illo
1481 353 1874 405 commeatum
1897 344 2145 406 Hadria·

195 447 316 490 nus
347 430 404 488 ei
433 428 676 490 lauacra
709 437 769 490 et
797 427 1135 506 uoluptates
1178 428 1583 508 exprobrauit.
1651 432 1748 490 cui
1777 429 1909 490 ille:
1945 448 2142 499 „num

199 521 260 574 et
289 513 401 574 tibi
428 532 584 574 uxor
615 532 765 582 mea,
801 513 960 590 quod
991 521 1050 574 et
1077 513 1242 583 mihi,
1280 515 1604 592 scripsit?“
1666 522 1725 575 et
1754 513 1870 576 hoc
1900 515 2144 592 quidem
2180 529 2213 576 7

199 600 659 660 uitiosissimum
687 605 900 678 putant
931 605 1109 675 atque
1139 597 1282 658 huic
1314 598 1645 677 adiungunt
1675 617 1826 676 quae
1870 599 1944 658 de
1976 599 2144 664 adul-

143 697 170 736 5
197 691 401 744 torum
443 701 649 744 amore
694 702 762 744 ac
803 689 1140 762 nuptarum
1171 683 1507 754 adulteriis,
1554 683 1769 763 quibus
1806 683 2145 746 Hadrianus

195 767 505 830 laborasse
538 768 776 837 dicitur,
805 767 1107 837 adserunt,
1142 769 1455 845 iungentes
1480 768 1639 846 quod
1668 787 1745 829 ne
1777 771 1981 830 amicis
2011 771 2141 848 qui·

197 853 340 914 dem
371 855 714 914 seruauerit
741 852 937 912 fldem.
1155 874 1164 881 ·

329 937 668 1016 Conpositis
708 940 770 998 in
799 938 1092 998 Brittania
1140 937 1323 999 rebus
1354 946 1769 1016 transgressus
1798 938 1860 998 in
1893 936 2141 998 Galliam
2167 936 2247 1000 12

197 1022 599 1084 Alexandrina
629 1022 922 1084 seditione
951 1021 1247 1092 turbatus,
1284 1039 1435 1098 quae
1464 1030 1601 1084 nata
1630 1031 1724 1084 est
1766 1023 1843 1083 ob
1872 1023 2140 1102 Apidem,
2180 1044 2187 1048 ·

127 1121 174 1160 ¹⁰
199 1109 334 1184 qui,
369 1126 504 1168 cum
537 1115 818 1186 repertus
849 1114 1009 1167 esset
1047 1115 1185 1185 post
1215 1106 1433 1168 multos
1476 1125 1694 1176 annos,
1737 1108 1945 1169 turbas
1986 1111 2146 1168 inter

197 1191 456 1271 populos
487 1194 742 1261 creauit,
777 1191 934 1270 apud
965 1211 1144 1271 quem
1177 1191 1425 1252 deberet
1455 1190 1669 1260 locari,
1704 1191 1983 1252 omnibus
2016 1200 2140 1254 stu·

197 1276 368 1337 diose
401 1277 788 1338 certantibus,
853 1295 963 1355 per
1001 1276 1162 1336 idem
1193 1284 1433 1355 tempus
1462 1277 1527 1336 in
1554 1275 1847 1337 honorem
1876 1277 2143 1338 Plotinae
2180 1285 2212 1332 2

199 1360 509 1422 basilicam
539 1361 698 1440 apud
727 1362 1093 1423 Nemausum
1135 1379 1320 1440 opere
1362 1360 1621 1422 mirabili
1666 1363 1944 1422 extruxit.
2007 1368 2145 1440 post
2180 1369 2212 1418 3

199 1445 347 1508 haec
378 1446 696 1525 Hispanias
736 1448 887 1525 petit
929 1454 991 1507 et
1017 1445 1359 1508 Tarracone
1401 1444 1716 1516 hiemauit,
1762 1445 1863 1507 ubi
1901 1453 2144 1524 sumptu

127 1543 178 1584 1⁵
203 1549 310 1592 suo
343 1531 552 1592 aedem
583 1532 833 1610 Augusti
871 1532 1154 1592 restituit.
1219 1529 1499 1592 omnibus
1540 1530 1819 1610 Hispanis
1851 1530 2141 1592 Tarraco·
2180 1541 2215 1588 4

202 1632 340 1676 nem
393 1617 456 1676 in
503 1624 865 1678 conuentum
905 1619 1137 1676 uocatis
1189 1615 1595 1693 dilectumque
1647 1615 2021 1685 ioculariter,
2080 1625 2145 1677 ut

201 1700 389 1760 uerba
418 1701 550 1779 ipsa
579 1703 746 1779 ponit
773 1701 996 1762 Marius
1027 1701 1347 1770 Maximum,
1394 1701 1856 1762 retractantibus
1901 1700 2140 1772 Italicis,

201 1784 728 1847 uehementissime
759 1788 979 1848 ceteris
1009 1786 1343 1866 prudenter
1379 1794 1437 1846 et
1464 1794 1637 1848 caute
1668 1786 1986 1848 consuluit.
2022 1803 2141 1864 quo
2180 1794 2211 1843 5

203 1869 445 1946 quidem
479 1878 747 1949 tempore
793 1889 913 1932 non
956 1872 1086 1932 sine
1127 1870 1320 1949 gloria
1350 1873 1771 1948 grauissimum
1803 1871 2139 1951 periculum

129 1966 180 2006 20
205 1954 348 2015 adiit
390 1955 550 2034 apud
589 1955 990 2017 Tarraconem
1035 1957 1301 2033 spatians
1354 1974 1465 2034 per
1505 1957 1810 2026 uiridiaria
1856 1975 2037 2018 seruo
2078 1958 2143 2016 in

201 2059 266 2099 se
295 2039 548 2118 hospitis
579 2059 718 2101 cum
747 2039 942 2118 gladio
973 2042 1262 2102 furiosius
1292 2042 1595 2110 inruente,
1628 2059 1808 2118 quem
1838 2050 2143 2102 retentum

201 2123 300 2184 ille
331 2125 622 2188 ministris
653 2125 1112 2187 adcurrentibus
1156 2126 1399 2187 tradidit
1428 2135 1518 2195 et,
1552 2126 1654 2188 ubi
1685 2127 1978 2188 furiosum
2010 2143 2144 2186 esse

199 2211 499 2279 constitit,
547 2211 792 2272 medicis
823 2211 1153 2274 curandum
1195 2211 1359 2272 dedit
1399 2212 1459 2270 in
1492 2209 1656 2271 nullo
1702 2212 1943 2271 omnino
1977 2229 2138 2272 com·

199 2301 420 2356 motus,
467 2313 576 2374 per
609 2313 678 2356 ea
708 2303 976 2374 tempora
1007 2304 1070 2356 et
1097 2295 1242 2357 alias
1273 2297 1625 2374 frequenter
1654 2297 1719 2356 in
1748 2294 2022 2374 plurimis
2052 2295 2139 2357 lo-
2179 2305 2211 2352 6

131 2393 177 2434 25
203 2381 321 2448 cis,
356 2381 416 2439 in
449 2379 666 2456 quibus
708 2380 948 2442 barbari
987 2399 1109 2442 non
1139 2380 1489 2443 fluminibus
1520 2381 1625 2441 sed
1666 2380 1959 2442 limitibus
1988 2381 2141 2442 diui-

197 2463 444 2534 duntur,
479 2464 782 2543 stipitibus
811 2467 1040 2543 magnis
1069 2468 1132 2527 in
1164 2467 1409 2526 modum
1438 2465 1687 2528 muralis
1719 2468 1914 2545 saepis
1944 2467 2140 2528 fundi-

197 2555 298 2608 tus
339 2549 512 2610 iactis
553 2559 728 2628 atque
784 2552 1026 2611 conexis
1078 2550 1369 2613 barbaros
1420 2552 1741 2631 separauit.
1832 2552 2143 2611 Germanis
2180 2561 2208 2608 7

199 2649 410 2710 regem
441 2636 764 2704 constituit,
801 2642 1000 2696 motus
1025 2635 1370 2704 Maurorum
1404 2637 1737 2714 conpressit
1766 2643 1827 2696 et
1870 2655 1903 2696 a
1932 2645 2143 2696 senatu

200 2717 668 2798 supplicationes
701 2721 972 2780 emeruit.
1019 2719 1243 2782 bellum
1275 2720 1631 2782 Parthorum
1663 2739 1772 2800 per
1802 2720 1961 2781 idem
1994 2728 2141 2780 tem·
2178 2729 2211 2778 8

131 2815 175 2856 ³0
199 2821 314 2881 pus
357 2805 422 2864 in
463 2811 625 2864 motu
677 2811 906 2865 tantum
945 2806 1085 2874 fuit,
1141 2805 1321 2885 idque
1366 2805 1649 2868 Hadriani
1688 2805 2005 2884 conloquio
2044 2823 2141 2867 re·

199 2905 484 2966 pressum
516 2894 623 2949 est.

327 2974 472 3034 Post
501 2972 648 3035 haec
678 2993 790 3053 per
818 2976 1014 3036 Asiam
1060 2982 1118 3035 et
1148 2974 1373 3036 insulas
1415 2974 1486 3035 ad
1528 2973 1806 3036 Achaiam
1837 2975 2142 3052 nauigauit
2166 2974 2243 3040 13

301 3161 338 3208 2
364 3160 721 3224 exprobrabit
745 3160 794 3211 B
803 3159 818 3192 ¹
955 3175 1065 3211 non
1090 3160 1155 3210 M
1288 3163 1320 3212 3
1356 3160 1578 3226 quidam
1602 3160 1668 3210 M
1800 3162 1835 3210 4
1865 3160 2146 3212 adultero-

201 3242 322 3276 rum
343 3227 486 3277 B³M
623 3233 654 3279 5
679 3226 1000 3294 hadrianus]
1029 3231 1080 3278 in
1106 3228 1157 3277 B
1181 3227 1218 3277 h
1242 3244 1381 3282 eras.
1520 3231 1585 3280 15
1612 3227 1805 3280 eadem
1830 3228 1993 3278 BPV
1992 3229 2005 3260 ¹

202 3299 555 3346 tarraconam
584 3295 759 3347 BVM
790 3301 1137 3346 tarraconem
1169 3297 1219 3345 P
1249 3295 1359 3359 (em
1390 3299 1442 3346 in
1465 3296 1597 3360 raa.)
1752 3299 1814 3347 18
1848 3302 1904 3346 et
1937 3312 2031 3349 om.
2068 3294 2139 3350 B¹

205 3361 348 3424 (add.
373 3360 470 3426 3⁸)
497 3363 610 3412 PV
605 3365 663 3414 M
776 3367 843 3416 20
869 3379 1088 3414 seruum
1112 3363 1188 3412 Β8
1308 3366 1371 3414 21
1395 3364 1710 3414 inruentem
1732 3363 1853 3414 BP¹
1882 3364 1955 3424 (m
1980 3365 2141 3425 eras.)

304 3432 370 3480 22
398 3430 662 3482 foriosum
687 3431 736 3481 B
874 3434 942 3482 24
978 3431 1233 3497 prm-imis
1256 3431 1308 3482 B
1342 3433 1397 3480 in
1421 3432 1511 3483 Pl
1534 3434 1587 3481 in
1608 3447 1717 3486 ras,
1854 3433 1927 3481 2ss
1954 3432 2142 3480 immo-

207 3495 332 3546 dum
356 3497 407 3546 B
529 3501 594 3550 30
619 3504 803 3549 tamen
828 3516 946 3554 exc.
1057 3497 1333 3564 hadriani]
1362 3500 1415 3550 in
1440 3499 1492 3550 B
1518 3498 1553 3548 h
1578 3515 1714 3549 eras.
1827 3496 2068 3566 repssum
2090 3497 2142 3546 B
