2517 3884
328 151 454 216 246
1007 155 1181 212 AELn
1224 155 1556 212 LAMPRlDII

329 326 668 384 instituerat
725 324 882 384 inter
943 341 1217 401 campum
1262 321 1538 384 Martium
1602 327 1661 382 et
1704 329 1871 400 septa
1904 323 2273 402 Agrippiana

330 411 392 469 in
416 409 540 472 -lato
586 409 805 488 pedum
847 413 1088 469 centum
1134 409 1197 468 in
1225 407 1405 485 longo
1447 406 1671 486 pedum
1700 407 1891 477 mille,
1926 409 2009 468 ita
2040 415 2105 468 ut
2137 415 2270 469 tota

331 493 626 555 columnis
657 493 964 573 penderet.
1001 511 1178 570 quarn
1211 493 1449 553 efficere
1478 511 1601 552 non
1616 494 1831 571 potuit,
1862 500 2059 553 morte
2089 512 2267 572 prae-

262 591 294 638 8
329 588 565 641 uentus.
628 579 810 640 Isium
849 584 910 640 et
959 578 1275 657 Serapium
1319 578 1605 638 decenter
1646 579 1885 638 ornauit
1924 577 2143 640 additis
2188 581 2269 638 si·

259 676 290 724 9
329 667 464 742 gnis
509 671 568 725 et
621 661 860 724 deliacis
903 670 963 723 et
1017 663 1296 724 omnibus
1336 663 1623 743 mysticis.
1700 664 1763 722 in
1794 671 2047 724 matrem
2076 664 2267 726 Mam·
2328 677 2357 731 ξ

329 767 558 810 maeam
603 751 778 809 unice
824 751 960 828 pius
1003 748 1142 818 fuit,
1187 750 1269 809 ita
1312 754 1381 808 ut
1410 748 1633 808 Romae
1674 749 1738 808 in
1769 747 1997 808 Palatio
2040 749 2270 810 faceret

328 835 551 901 diaetas
580 835 840 894 nominis
870 833 1256 903 Mammaeae,
1294 851 1441 910 quas
1469 834 1799 912 inperitum
1839 832 2056 911 uulgus
2086 833 2267 897 hodie

330 919 428 979 ‘ad
457 919 796 980 Mammam’
831 928 1034 989 uocat,
1069 921 1219 979 etin
1253 919 1475 980 Baiano
1515 917 1803 997 palatium
1844 937 1981 980 curn
2031 926 2263 996 stagno,

229 1017 292 1064 10
330 1002 488 1082 quod
519 1005 879 1065 Mammaeae
908 1005 1151 1065 nomine
1180 1003 1481 1080 hodieque
1514 1010 1811 1065 censetur.
1876 1005 2017 1064 fecit
2062 1011 2120 1064 et
2150 1003 2267 1066 alia

326 1092 388 1149 in
422 1090 645 1150 Baiano
677 1108 861 1169 opera
905 1089 1214 1167 magnifica
1255 1091 1318 1149 in
1362 1087 1655 1150 honorem
1698 1089 1979 1149 adfinium
2012 1107 2263 1150 suorum
2298 1105 2351 1143 10

228 1186 287 1234 11
330 1182 388 1235 et
421 1182 626 1252 stagna
657 1174 948 1254 stupenda
979 1173 1236 1234 adm-isso
1283 1175 1453 1235 mari.
1530 1180 1746 1254 pontes
1786 1191 1937 1251 quos
1968 1173 2267 1236 Traianus

329 1262 552 1321 fecerat
580 1261 936 1321 instaurauit
963 1277 1155 1338 paene
1186 1261 1248 1320 in
1282 1258 1561 1320 omnibus
1590 1259 1768 1328 locis,
1819 1259 2050 1338 aliquos
2082 1261 2267 1320 etiam
2369 1318 2377 1326 ,

326 1363 520 1406 nouos
552 1345 577 1404 f
583 1347 718 1414 ecit,
753 1345 856 1406 sed
889 1347 1232 1406 instauratis
1266 1347 1483 1405 nomen
1516 1345 1755 1405 Traiani
1786 1345 2141 1405 reseruauit.

225 1429 308 1494 27
457 1430 524 1490 In
557 1432 752 1490 animo
782 1429 993 1490 hahuit
1032 1429 1315 1490 omnihus
1348 1431 1559 1490 officiis
1602 1447 1793 1507 genus
1824 1431 2087 1506 uestium
2116 1448 2259 1508 pro-

326 1516 525 1594 prium
557 1514 700 1575 dare
745 1523 804 1574 et
845 1514 1124 1576 omnibus
1165 1514 1583 1592 dignita-tibuS,
1629 1522 1699 1576 ut
1748 1534 1783 1575 a
1823 1516 2050 1576 uestitu
2088 1515 2263 1574 dino-
2296 1531 2348 1571 15

327 1607 660 1669 scerentur,
683 1605 742 1658 et
773 1599 1050 1660 omnihus
1070 1602 1281 1668 seruiS,
1302 1601 1449 1660 utin
1474 1599 1697 1679 populo
1722 1607 1965 1679 possent
1996 1602 2261 1678 agnosci,

325 1703 402 1745 ne
435 1686 568 1761 quis
599 1684 920 1745 seditiosus
951 1692 1136 1752 esset,
1187 1683 1363 1745 simul
1418 1703 1493 1744 ne
1538 1687 1703 1745 serui
1741 1686 2018 1762 ingenuis
2048 1687 2263 1746 misce·

263 1786 292 1830 2
330 1777 558 1831 rentur.
637 1769 740 1829 sed
785 1768 900 1830 hoc
929 1768 1177 1848 leiano
1206 1768 1513 1849 Pauloque
1562 1769 1864 1848 displicuit
1906 1769 2263 1840 dicentibus,

325 1854 650 1934 plurimum
683 1856 948 1916 rixarum
979 1855 1126 1924 sore,
1149 1856 1199 1915 si
1228 1853 1434 1916 faciles
1467 1861 1669 1916 essent
1697 1853 1975 1916 homines
2003 1853 2077 1914 ad
2107 1856 2265 1915 iniu-

261 1955 292 2002 3
325 1941 470 2000 rias,
549 1946 678 2000 tum
739 1941 882 2000 satis
941 1937 1074 2000 ess‘e
1134 1941 1476 2010 constituit,
1540 1947 1605 2001 ut
1656 1942 1887 2017 equites
1943 1939 2203 2000 Romani
2232 1959 2267 2001 a
2294 1956 2349 1998 20

257 2040 293 2087 4
328 2023 706 2086 senatoribus
748 2025 903 2086 claui
933 2024 1214 2105 qualitate
1247 2025 1754 2086 discernerentur.
1802 2023 2075 2104 paenulis
2105 2027 2268 2086 intra

329 2110 542 2171 urbem
582 2111 826 2188 frigoris
869 2123 1046 2172 causa
1087 2117 1152 2171 ut
1193 2129 1369 2172 senes
1413 2116 1727 2172 uterentur
1755 2110 2060 2189 permisit,
2123 2128 2266 2170 cum

325 2194 388 2254 id
445 2197 788 2258 uestimenti
846 2213 1040 2272 genus
1095 2214 1335 2274 semper
1405 2196 1778 2256 itinerarium
1836 2201 1939 2256 aut
1998 2193 2266 2274 pluuiale

327 2281 554 2341 fuisset.
631 2287 934 2342 matronas
963 2286 1162 2340 tamen
1196 2282 1353 2341 intra
1386 2280 1595 2341 urbem
1625 2279 1899 2422 paenulis
1931 2282 2018 2341 uti
2048 2281 2261 2349 uetuit,

326 2367 390 2424 in
419 2365 634 2424 itinere
663 2365 950 2442 permisit.
1423 2401 1431 2404 -
2290 2383 2349 2422 25

260 2465 292 2513 5
454 2448 790 2510 Facundiae
819 2450 1082 2511 Graecae
1111 2451 1301 2526 magis
1335 2465 1513 2530 quam
1543 2449 1787 2511 Latinae
1816 2468 1928 2511 nec
1956 2465 2139 2510 uersu
2166 2449 2261 2508 in-

329 2541 624 2594 uenustus
669 2541 728 2596 et
757 2533 831 2594 ad
875 2535 1161 2595 musicam
1204 2553 1461 2612 pronus„
1524 2535 1863 2596 matheseos
1904 2535 2167 2614 peritus,
2202 2541 2265 2594 et

328 2620 407 2679 ita
441 2618 682 2697 quidem
712 2626 777 2680 ut
807 2637 880 2680 ex
924 2621 1050 2680 eius
1092 2621 1262 2680 iussu
1302 2619 1706 2680 mathematici
1756 2619 1997 2698 publice
2036 2637 2264 2698 propo·

262 2719 292 2767 6
332 2706 562 2766 suerint
590 2705 816 2766 Romae
847 2711 914 2765 ac
945 2706 1064 2766 sint
1095 2706 1369 2783 professi,
1404 2713 1471 2766 ut
1500 2705 1806 2766 docerent.
1842 2703 2267 2783 haruspicinae

330 2806 567 2869 quoque
597 2791 998 2869 peritissimus
1028 2790 1168 2860 fuit,
1201 2808 1608 2869 orneoscopos
1638 2807 1921 2867 magnuS,
1966 2796 2031 2850 ut
2062 2796 2122 2850 et
2153 2791 2265 2851 Va·
2294 2808 2349 2850 ao

264 2892 292 2940 7
333 2893 541 2936 scones
555 2874 958 2955 Ilispanorum
992 2875 1511 2936 etPannoniorum
1547 2891 1805 2952 augures
1836 2875 2070 2935 uicerit.
2119 2891 2264 2952 geo-

330 2961 607 3022 metriam
635 2961 793 3022 fecit.
871 2962 1064 3039 pinxit
1095 2961 1266 3030 mire,
1304 2961 1567 3021 cantauit
1594 2958 1895 3029 nobiliter,
1952 2958 2058 3020 sed
2090 2971 2267 3020 num·-

431 3147 462 3194 2
486 3143 604 3194 lata
628 3146 681 3194 B
816 3149 848 3198 3
872 3146 1201 3212 inpenderet
1223 3144 1307 3195 B¹
1452 3148 1483 3196 5
1507 3158 1829 3195 mammeam
1847 3144 1951 3194 BP
1970 3144 2197 3210 (semper
2218 3148 2273 3196 in

329 3215 422 3265 hoc
445 3211 586 3278 cap.)
727 3215 758 3264 6
783 3231 1004 3265 romane
1030 3214 1081 3263 B
1219 3217 1249 3264 7
1278 3214 1461 3264 dietas
1484 3213 1653 3263 BPM
1786 3215 1817 3262 9
1842 3213 1954 3264 alio
1978 3213 2081 3262 BP
2205 3215 2269 3264 12

328 3281 668 3332 iustam-anit
689 3282 794 3332 BP
845 3331 847 3333 ,
929 3283 992 3332 16
1021 3290 1142 3347 post
1165 3282 1397 3346 agnosci
1418 3279 1497 3330 B¹
1526 3282 1646 3333 add.
1676 3285 1934 3331 censetur
2084 3283 2273 3346 17·qui
2315 3287 2322 3295 ’

329 3350 431 3399 BP
453 3357 485 3400 t.
513 3349 548 3400 I
553 3386 565 3399 .
715 3351 892 3400 seruis
915 3349 988 3399 B*
1139 3352 1203 3400 19
1229 3349 1431 3400 faciles
1455 3349 1522 3398 M
1652 3351 1717 3397 22
1742 3353 2033 3399 senatores
2058 3349 2272 3413 Lipsius

429 3420 494 3468 23
521 3417 639 3484 aut]
667 3423 730 3468 ut
755 3415 835 3467 B¹
985 3419 1051 3468 25
1075 3419 1133 3468 in
1157 3433 1248 3468 om.
1274 3417 1379 3466 BP
1520 3417 1585 3466 26
1611 3415 1909 3466 facundiae
1936 3417 2043 3466 fuit
2070 3417 2131 3466 M

331 3489 394 3536 30
420 3501 612 3536 manus
642 3486 740 3534 BP
890 3487 952 3536 31
980 3486 1373 3551 hispannornm
1396 3484 1499 3534 BP
1654 3486 1719 3534 32
1744 3483 1960 3549 pincxit
1984 3485 2035 3532 B
2172 3499 2273 3535 no-
