2517 3884
367 140 492 204 160
833 210 840 221 .
959 198 968 204 ,
1049 145 1204 202 IVLII
1245 142 1615 215 CAPI'ROLINI

299 347 302 352 -
363 313 510 374 fides
542 311 746 374 defuit.
794 331 932 374 nam
964 331 1101 372 eum-
1131 311 1204 372 ad
1235 311 1516 374 Albinum
1546 313 1858 374 uenissent
1888 321 1945 374 et
1978 314 2301 394 epistulam

366 397 690 467 dedissent,
725 415 842 475 qua
870 397 1023 458 lecta
1053 415 1190 459 cum
1221 396 1494 459 dicerent
1522 398 1813 474 quaedam
1844 401 2136 458 secretius
2158 417 2299 476 sug·-

297 482 301 486 ’
363 483 626 562 gerenda
658 491 717 544 et
747 482 946 544 locum
975 490 1273 543 semotum
1314 482 1390 544 ab
1432 482 1708 543 omnibus
1750 481 1991 544 arbitris
2032 484 2296 563 postula·

367 575 535 638 rent,
583 575 641 628 et
683 586 817 629 cum
862 569 1106 628 omnino
1134 568 1441 628 neminem
1481 575 1836 647 paterentur
1878 568 1952 628 ad
1997 571 2299 648 porticum

364 655 776 732 longissimam
806 671 940 714 cum
969 652 1182 714 Albino
1210 651 1495 732 progredi
1548 672 1615 713 ea
1658 655 1859 732 specie
1900 672 1977 714 ne
2018 653 2297 716 mandata
2360 670 2393 710 5

299 749 332 796 3
368 739 800 819 proderentur,
842 737 1094 801 Albinus
1131 737 1429 799 intellexit
1470 738 1735 800 insidias,
1800 738 2057 818 denique
2103 738 2299 799 indul-

367 842 516 902 gens
557 823 1001 902 ‘suspicionibus
1043 841 1148 883 eos
1187 825 1506 884 tormentis
1550 823 1731 884 dedit.
1807 825 1909 902 qui
1960 825 2059 896 diu
2100 826 2300 904 primo

365 915 774 988 pernegarunt
803 907 912 970 sed
939 904 1149 988 postea
1179 909 1321 969 uicti
1352 910 1711 970 necessitate
1743 909 2003 970 confessi
2046 918 2186 970 sunt
2228 928 2300 970 ea

295 997 519 1072 42quae
551 992 814 1054 Seuerus
844 993 1038 1054 isdem
1067 1000 1478 1072 praeceperat.
1511 1000 1653 1054 tunc
1682 995 1801 1054 iam
1831 995 2083 1073 proditis
2112 993 2301 1056 rebus

367 1087 427 1140 et
457 1079 682 1157 apertis
711 1078 942 1140 insidiis
973 1097 1042 1138 ea
1075 1096 1226 1155 quae
1258 1079 1674 1157 suspicabatur
1703 1078 1951 1140 Albinus
1981 1078 2300 1140 clara·esse
2332 1095 2395 1134 10

367 1162 724 1242 intellegens
755 1165 1025 1226 exercitu
1054 1163 1286 1242 ingenti
1332 1163 1582 1225 collecto
1626 1171 1831 1224 contra
1877 1164 2170 1225 Seuerum
2211 1173 2301 1224 at-

290 1247 333 1311 9
365 1266 480 1327 que
524 1251 652 1310 eius
692 1248 877 1311 duces
925 1250 1107 1309 uenit.
1174 1255 1232 1308 et
1273 1250 1466 1328 primo
1508 1248 1746 1326 quidem
1788 1249 2065 1312 conflictu
2096 1249 2301 1310 habito

365 1342 574 1396 contra
603 1334 789 1394 duces
821 1334 1031 1394 Seueri
1061 1334 1258 1413 potior
1290 1333 1420 1403 fuit,
1453 1342 1592 1413 post
1622 1339 1822 1396 autem
1854 1333 2115 1396 Seuerus
2145 1337 2298 1413 Ipse,

367 1438 502 1480 cum
543 1418 604 1478 id
638 1421 860 1496 egisset
891 1418 1043 1496 apud
1079 1425 1381 1487 senatum,
1412 1426 1480 1479 ut
1507 1418 1700 1480 hostis
1742 1419 2107 1481 iudicaretur
2135 1419 2301 1482 Albi-

365 1521 498 1572 ῑιυε,
535 1511 741 1564 contra
773 1517 910 1564 eum
939 1503 1246 1580 profectus
1278 1505 1570 1580 acerrime
1591 1505 2035 1581 fortissimeque
2065 1522 2300 1584 pugna·
2334 1519 2397 1558 15

283 1603 332 1669 ἱ2
369 1589 455 1648 uit
493 1588 556 1647 in
587 1586 776 1647 Gallia
817 1604 938 1646 non
981 1589 1112 1646 sine
1156 1589 1449 1646 uarietate
1491 1588 1785 1649 fortunae.
1866 1589 2123 1666 denique
2156 1608 2298 1656 ,cum

367 1670 656 1733 sollicitus
687 1688 944 1749 augures
977 1669 1340 1740 consuleret,
1372 1690 1731 1750 responsum
1773 1670 1859 1731 illi
1891 1681 2011 1742 est,
2058 1681 2123 1734 ut
2154 1673 2306 1736 dicit

365 1757 587 1816 Marius
617 1756 925 1824 MaximuS,
975 1763 1301 1816 uenturum
1332 1755 1575 1834 quidem
1614 1758 1679 1816 in
1710 1763 2005 1834 potestate
2038 1759 2167 1819 eius
2198 1759 2302 1818 Al-

365 1840 602 1910 binum,
651 1840 758 1901 sed
801 1858 922 1901 non
969 1841 1176 1901 uiuum
1217 1859 1329 1900 nec
1373 1849 1691 1902 mortuum.
1772 1842 1928 1918 quod
1974 1850 2032 1903 et
2072 1843 2300 1906 factum

298 1945 331 1992 3
368 1933 479 1986 est.
542 1944 682 1990 nam
713 1945 852 1986 cum
879 1924 1087 1986 ultimo
1118 1913 1350 2004 proelio
1384 1927 1772 1987 commissum
1806 1934 1985 1997 esset,
2018 1929 2300 1989 innume·
2332 1943 2395 1984 20

365 2013 451 2073 ris
483 2031 730 2072 suorum
761 2013 969 2081 caesiS,
1001 2010 1278 2088 plurimis
1318 2011 1566 2089 fugatiS‚
1612 2010 1813 2072 multis
1856 2015 2035 2073 etiam
2081 2012 2304 2074 deditis

362 2095 611 2162 Albinus
639 2097 805 2177 [fugit
847 2104 936 2166 et,
979 2104 1046 2156 ut
1085 2095 1257 2156 multi
1300 2095 1536 2166 dicunt,
1582 2115 1647 2156 se
1687 2098 1816 2175 ipse
1859 2100 2187 2176 percussit,
2234 2108 2307 2159 ut

366 2181 482 2251 alii,
519 2201 695 2243 seruo
729 2200 836 2243 suo
869 2199 1188 2260 percussus
1223 2183 1555 2242 semiuiuus
1586 2181 1659 2242 ad
1692 2182 1987 2243 Seuerum
2010 2182 2307 2243 deductus

294 2285 331 2331 4
365 2276 477 2326 est.
549 2267 714 2327 unde
751 2267 1166 2326 confirmatum
1210 2274 1300 2327 est
1340 2268 1655 2346 augurium
1708 2266 1863 2344 quod
1915 2269 2109 2327 fuerat
2160 2276 2307 2328 ante

364 2350 752 2430 praedictum.
842 2349 1013 2410 multi
1055 2359 1370 2429 praeterea
1422 2351 1642 2419 dicunt,
1678 2369 1711 2408 a
1753 2350 2068 2418 militibus,
2125 2353 2304 2412 cuius
2337 2367 2397 2407 25

365 2453 516 2494 nece
545 2455 579 2495 a
610 2434 838 2494 Seuero
870 2435 1124 2512 gratiam
1154 2429 1559 2510 requirebant.

297 2537 330 2586 5
491 2519 630 2580 Fuit
657 2514 871 2579 Albino
899 2535 1084 2587 unuS,
1119 2525 1184 2577 ut
1213 2516 1395 2594 aliqui
1427 2518 1660 2586 dicunt,-
1694 2517 1881 2587 filius,
1916 2526 1980 2578 ut
2008 2517 2306 2581 Maximus

368 2603 529 2673 dicit,
563 2602 702 2664 du0.
750 2602 966 2679 quibus
997 2604 1256 2682 primum
1293 2604 1529 2663 ueniam
1560 2601 1739 2672 dedit,
1772 2609 1977 2681 postea
2010 2622 2158 2664 uero
2192 2624 2301 2666 eos

297 2707 330 2755 6
369 2707 506 2751 curn
535 2696 727 2750 matre
757 2689 1056 2766 percussit
1100 2695 1158 2748 et
1197 2689 1260 2748 in
1292 2687 1691 2766 profluentem
1732 2686 1890 2748 abici
1933 2691 2124 2750 iussit.
2190 2690 2302 2750 Ca-

368 2781 476 2854 put
505 2775 634 2836 eius
666 2773 931 2834 excisum
962 2773 1083 2852 pilo
1117 2772 1486 2833 circumtulit
1514 2771 1883 2852 Romamque
1915 2775 2106 2842 misit,
2139 2773 2303 2835 litte·
2334 2788 2399 2830 30

367 2863 454 2921 ris
504 2859 578 2920 ad
609 2865 883 2920 senatum
915 2858 1084 2928 datis,
1142 2856 1361 2935 quibus
1410 2857 1754 2928 insultauit,
1810 2859 1971 2936 quod
2018 2857 2305 2921 Albinum

365 2951 680 3024 tantopere
712 2943 1091 3012 dilexissent,
1141 2951 1209 3004 ut
1251 2945 1381 3004 eius
1424 2942 1647 3005 adfines
1690 2950 1749 3004 et
1788 2944 2035 3005 fratrem
2063 2947 2301 3024 praeci-

384 3159 386 3161 >
471 3132 500 3179 1
525 3127 744 3180 fidefuit
767 3127 844 3179 1²¹
990 3122 1326 3195 ss'intellegit
1351 3127 1424 3179 1²¹
1450 3138 1488 3184 t.
1512 3131 1565 3182 Ι.
1712 3132 1745 3181 8
1777 3135 2124 3196 penegarunt
2148 3129 2309 3181 ΒΨ*

367 3213 512 3265 pene
537 3202 812 3261 negarunt
835 3197 911 3248 B²
1048 3201 1080 3248 9
1102 3198 1318 3248 hisdem
1340 3197 1444 3247 BP
1600 3200 1667 3250 18
1690 3198 1911 3262 quidem
1933 3203 2228 3248 uenturum
2249 3198 2306 3249 B

470 3267 536 3315 20
562 3263 821 3316 connisum
843 3265 896 3314 B
1033 3269 1099 3316 23
1123 3282 1158 3316 a
1183 3281 1345 3316 seruo
1371 3267 1439 3316 M
1569 3268 1635 3314 24
1659 3281 1928 3330 augurum
1950 3267 2003 3316 B
2115 3269 2183 3317 25
2209 3282 2305 3317 eu-

365 3330 474 3398 ius]
505 3333 600 3396 qui
623 3334 742 3382 eius
770 3333 813 3383 0
945 3335 1226 3385 26'necem
1249 3333 1353 3382 BP
1508 3336 1571 3384 27
1594 3333 1811 3397 aliquid
1833 3334 1886 3383 B
2038 3339 2100 3384 ut
2124 3335 2312 3386 addidi

469 3403 536 3451 30
559 3401 780 3452 litteras
804 3401 855 3450 B
1016 3404 1079 3452 31
1107 3401 1401 3452 insultabit
1424 3401 1527 3450 BP
1568 3401 1877 3452 insultabat
1901 3402 1969 3452 M
2008 3400 2307 3454 insultauit

363 3485 554 3535 scripu
2149 3489 2155 3494 ·
