2517 3884
347 141 431 208 72
567 146 883 205 TREBELLI
923 145 1269 204 POLLIONIS
1312 145 1663 204 VALERIANI
1704 146 1846 204 DVO.
1936 147 1989 204 C.
2022 152 2073 204 8.

274 329 310 377 2
348 321 470 384 tus,
518 334 552 376 a
580 314 792 385 fratre,
834 320 902 375 ut
931 312 1298 376 Caelestinus
1328 313 1501 385 dicit,
1546 316 1861 392 Augustus,
1925 313 2074 376 nihil
2103 313 2295 376 habet

346 398 745 479 praedicabile
774 401 835 460 in
866 400 1020 470 uita,
1061 400 1178 460 nisi
1207 398 1368 479 quod
1399 406 1490 460 est
1518 397 1799 461 nobiliter
1829 406 2030 470 natuS,
2068 399 2289 462 educa-

347 495 443 548 tus
475 487 696 564 optime
729 491 788 546 et
815 483 1231 546 miserabiliter
1259 486 1678 564 interemptus.

274 589 309 638 3
471 571 546 632 Et
574 571 854 648 quoniam
887 571 1040 640 seio,
1076 587 1280 630 errare
1310 569 1658 650 plerosque,
1702 570 1808 650 qui
1837 569 2135 632 Valeriani
2172 572 2287 631 im-

293 719 298 723 ,
342 657 639 735 peratoris
697 653 935 715 titulum
987 656 1048 715 in
1094 653 1416 734 sepulchro
1472 655 1738 734 legentes
1787 654 1945 716 illius
1986 655 2288 718 Valeriani
2340 676 2373 716 5

345 739 645 802 redditum
690 746 900 820 putant
940 758 1160 819 corpus
1186 742 1291 819 qui
1324 760 1357 802 a
1389 741 1589 802 Persis
1630 747 1723 801 est
1754 747 1991 820 eaptus,
2025 759 2103 802 ne
2126 740 2287 802 ullus

347 843 520 886 error
547 825 815 905 obrepat,
848 824 1198 906 mittendum
1221 827 1285 886 in
1314 823 1543 887 litteras
1575 827 1798 896 censui,
1833 825 1998 888 hunc
2020 825 2283 889 Valeria-

344 929 490 971 num
537 911 692 973 circa
744 909 1162 972 Mediolanium
1211 910 1514 990 sepultum
1540 977 1547 984 ,
1570 910 1769 973 addito
1825 910 2000 983 titulo
2052 911 2286 974 Claudii

323 997 540 1058 iussu:
587 994 978 1066 „Valerianus
1013 997 1401 1076 imperator“.

271 1097 310 1146 4
472 1080 604 1144 Non
634 1087 780 1160 puto
810 1080 948 1161 plus
979 1081 1201 1160 aliquid
1245 1080 1344 1142 uel
1374 1079 1449 1142 de
1479 1081 1705 1141 maiore
1734 1079 2047 1143 Valeriano
2081 1080 2178 1142 uel
2208 1081 2283 1142 de
2314 1101 2373 1143 ιο

275 1182 310 1233 5
343 1165 580 1228 iuniore
611 1166 1059 1244 requirendum.
1118 1175 1177 1228 et
1207 1167 1489 1244 quoniam
1520 1185 1758 1236 uereor,
1792 1183 1869 1228 ne
1898 1165 2140 1228 modum
2176 1186 2282 1227 uo-

279 1291 284 1296 ·
343 1251 585 1312 luminis
627 1257 957 1324 transeam,
1005 1254 1057 1313 si
1087 1250 1455 1321 Gallienum,
1491 1250 1788 1314 Valeriani
1818 1250 2034 1322 filium,
2059 1251 2135 1312 de
2164 1269 2284 1329 quo

351 1327 722 1398 iam'multus
753 1382 1008 1399 ........
1045 1335 1217 1398 nobis
1246 1338 1358 1399 fuit
1388 1353 1585 1398 sermo
1616 1382 1891 1398 ........
1924 1340 2024 1398 uel
2052 1336 2284 1398 Saloni-

345 1441 490 1484 num
533 1422 716 1482 fllium
757 1425 936 1483 etiam
978 1421 1247 1490 Gallieni,
1283 1423 1387 1502 qni
1420 1431 1478 1482 et
1508 1457 1537 1481 ,κ
1541 1465 1809 1484 ........
1852 1421 2160 1483 Gallienus
2192 1428 2287 1484 est

346 1506 536 1568 dictus
555 1509 618 1566 in
649 1551 949 1568 .........
982 1507 1139 1568 libro
1163 1507 1436 1568 adiuncto
1466 1551 1987 1570 ...............
2021 1507 2094 1568 ad
2120 1506 2281 1568 aliud
2314 1525 2375 1568 ιε

347 1590 632 1654 uolumen
664 1597 961 1654 transeam
995 1637 1144 1653 .....
1193 1610 1435 1671 semper
1478 1592 1637 1654 enim
1666 1609 1763 1654 me
1793 1591 1969 1654 uobis
1999 1592 2199 1654 dedidi
2230 1639 2244 1654 .
2264 1639 2280 1654 .

343 1683 404 1736 et
434 1676 648 1745 famae,
683 1677 780 1737 eui
808 1693 1028 1755 negare
1059 1675 1211 1737 nihil
1239 1695 1508 1756 possum.

475 1797 507 1844 3
530 1794 951 1846 misetrabiliter
971 1794 1024 1845 B
1160 1797 1192 1846 ὅ
1215 1794 1383 1846 titulo
1406 1795 1574 1846 BPM
1688 1797 1720 1844 6
1746 1811 1779 1846 a
1802 1811 1897 1848 om.
1923 1793 1993 1844 B¹
2109 1797 2143 1846 8
2167 1797 2286 1846 Me-

341 1861 624 1913 diolanum
646 1863 713 1914 M
846 1866 910 1914 13
935 1862 1108 1914 multa
1133 1863 1184 1912 B
1207 1862 1321 1913 mul
1342 1861 1419 1912 Ρ1
1444 1863 1651 1914 multus
1674 1861 1768 1914 1²².
1813 1880 2065 1916 numerum
2086 1865 2287 1914 littera-

337 1947 447 1981 rum
471 1933 748 1982 deletarum
769 1947 932 1998 supra
955 1933 1068 1983 eod.
1096 1931 1147 1980 B
1170 1938 1373 1982 secutus
1396 1947 1599 1984 numero
1622 1940 1920 1998 punctorum
1943 1934 2131 1990 notaui,
2158 1949 2285 1998 quo-

337 2015 448 2049 cum
470 2001 758 2050 consentire
783 2001 834 2050 P
863 2001 1245 2051 existumandus
1278 2007 1377 2058 est,
1404 2002 1453 2050 si
1472 2002 1655 2066 nullam
1688 2015 1758 2051 ex
1790 2016 1850 2050 eo
1884 2003 2286 2066 discrepantiam

336 2069 392 2117 in
423 2069 754 2119 adnotatione
797 2071 960 2122 attuli.
1030 2070 1237 2133 neytexz’
1268 2076 1432 2119 tamen
1466 2070 1735 2120 discrimen
1767 2070 1915 2119 unius
1954 2071 2037 2119 uel
2070 2071 2287 2120 duarum

337 2137 644 2186 litterarum.
716 2153 845 2202 quae
869 2138 1054 2188 litteris
1077 2138 1333 2188 inclinatis
1351 2138 1622 2202 descripta
1641 2143 1773 2196 sunt,
1800 2139 1981 2188 addita
2002 2144 2120 2187 sunt
2142 2153 2177 2187 a
2198 2153 2285 2188 se-

335 2205 505 2254 cunda
527 2219 674 2254 manu
697 2206 750 2255 in
773 2205 838 2256 P.
881 2207 934 2256 in
951 2205 1019 2255 M
1037 2206 1203 2255 omnia
1225 2207 1361 2256 nullo
1384 2207 1556 2269 spatio
1580 2220 1741 2256 uaeuo
1762 2206 1943 2256 relicto
1969 2221 2040 2256 ex
2064 2205 2287 2256 arbitrio

334 2271 477 2323 Boni
497 2272 722 2322 Aceursi
741 2274 1101 2324 consarcinata
1123 2279 1263 2332 sunt,
1292 2289 1439 2340 quam
1470 2272 1532 2324 ob
1556 2289 1662 2324 rem
1687 2280 1738 2323 et
1759 2273 1837 2323 his
1861 2279 1915 2325 et
1936 2276 2011 2324 eis
2026 2274 2285 2324 Gallieno—

333 2355 447 2390 rum
468 2340 557 2390 uit.
595 2341 745 2398 loeis,
781 2340 866 2390 ubi
890 2341 944 2390 in
967 2340 1018 2389 B
1053 2347 1106 2390 et
1127 2341 1179 2389 P
1197 2343 1410 2390 lacunae
1443 2347 1585 2399 sunt,
1622 2342 1731 2392 eius
1761 2344 2052 2406 scripturas
2083 2343 2287 2392 addere

311 2423 769 2481 ‘superuacaneum
794 2409 937 2458 duxi.
1102 2424 1161 2458 se
1197 2407 1326 2458 ΒΡ1
1373 2424 1549 2459 sermo
1582 2408 1660 2458 Ρ*
1707 2408 1777 2459 de
1805 2424 1911 2474 quo
1936 2409 2047 2459 iam
2070 2409 2288 2460 multus

337 2489 516 2524 sermo
541 2475 650 2524 fuit
672 2475 766 2524 uel
795 2476 955 2525 nobis
979 2475 1088 2525 fuit
1115 2491 1178 2526 se
1199 2503 1268 2511 —-
1290 2483 1428 2541 spat.
1454 2480 1524 2527 27
1556 2478 1840 2528 litterarum
1862 2486 2017 2528 uacat
2045 2505 2111 2513 —
2136 2477 2287 2528 salo-

333 2542 524 2592 ninum
556 2543 676 2593 Vat.
804 2542 896 2594 uel
921 2559 1014 2596 om.
1040 2543 1166 2593 BP¹
1195 2547 1317 2595 add.
1345 2544 1425 2594 Ρ*
1563 2546 1627 2595 14
1650 2544 1686 2594 fi
1699 2582 1850 2597 ......
1931 2545 1984 2595 Β
2018 2543 2053 2596 fi
2068 2583 2281 2597 ........

334 2647 552 2660 ......
577 2609 653 2660 P¹
680 2608 850 2662 filium
875 2612 1045 2662 etiam
1067 2611 1146 2661 1²²
1182 2609 1270 2676 (V
1264 2619 1363 2671 at„
1396 2613 1448 2662 in
1482 2628 1579 2678 quo
1612 2619 1665 2664 et
1696 2614 1777 2664 hio
1808 2619 1859 2664 et
1893 2615 1947 2663 in
1978 2629 2121 2680 seqq.
2153 2631 2285 2680 spa-

333 2680 454 2728 tium
477 2694 684 2728 uacuam
703 2679 822 2742 fere
855 2681 1010 2744 duplo
1033 2683 1196 2730 mains
1219 2680 1317 2745 est)
1480 2681 1606 2746 quie
1631 2681 1683 2730 B
1732 2682 1886 2746 quiet
1912 2681 2187 2747 gallienus
2211 2709 2285 2719 —

327 2762 410 2812 sp.
438 2749 504 2796 15
528 2749 624 2800 litt.
648 2763 763 2798 nae.
796 2775 862 2784 --
896 2747 1077 2799 lienus
1113 2753 1198 2799 est
1231 2749 1351 2798 Vat.
1514 2747 1695 2799 lienus
1726 2747 1855 2800 BP¹
1906 2748 2014 2815 gal.
2048 2752 2171 2800 add.
2196 2750 2283 2800 1²²

469 2817 534 2866 15
569 2815 658 2865 die
690 2815 820 2864 BP¹
869 2816 1052 2866 dietus
1085 2817 1144 2866 in
1175 2813 1256 2864 P²
1299 2815 1482 2866 dietus
1526 2817 1585 2868 in
1628 2816 1769 2868 libro
1816 2817 2115 2868 aduinetus
2155 2819 2213 2868 V
2206 2826 2280 2870 ac.

468 2883 674 2934 aduine
695 2880 825 2934 BP¹
873 2884 1140 2934 aduineto
1164 2882 1248 2934 P²
1411 2885 1473 2934 17
1510 2900 1799 2950 possumus
1823 2885 1876 2935 B
2030 2887 2287 2951 Exempla·

331 2967 490 3002 eausa
513 2955 724 3002 lacunas
749 2954 824 3004 iia
847 2955 1190 3018 eaepleuimus:
1215 2953 1291 3002 Et
1318 2953 1575 3016 quoniam
1599 2968 1813 3016 uereor,
1840 2969 1910 3003 ne
1936 2953 2155 3004 modum
2178 2970 2279 3004 uo-

330 3018 554 3069 luminis
578 3025 876 3083 transeam,
903 3021 952 3070 si
977 3020 1290 3072 Gallienum
1306 3019 1677 3084 Valerianum,
1705 3021 1771 3071 de
1808 3037 1914 3088 quo
1936 3021 2050 3071 'iam
2072 3021 2285 3072 multus

331 3093 386 3136 et
413 3087 641 3149 fortasse
670 3090 847 3138 nimius
878 3089 1041 3139 nobis
1077 3089 1186 3138 fuit
1225 3102 1401 3138 sermo
1424 3091 1479 3139 in
1510 3090 1645 3140 illius
1667 3092 1802 3150 uita,
1828 3089 1923 3140 uel
1950 3089 2279 3140 Saloninum

329 3153 501 3203 filium
525 3156 696 3205 etiam
720 3156 980 3220 Gallieni,
1008 3158 1103 3222 qui
1126 3161 1184 3206 et
1207 3156 1481 3208 Saloninus
1505 3166 1558 3207 et
1582 3158 1869 3209 Gallienus
1895 3161 1982 3208 est
2008 3157 2193 3208 dictus
2215 3158 2283 3207 in

329 3223 546 3272 historia
577 3225 659 3273 sui
689 3226 960 3289 temporis.
999 3226 1114 3275 huie
1145 3223 1287 3275 libro
1322 3225 1619 3276 adiunctos
1653 3228 1823 3284 edam,
1850 3241 1983 3276 nune
2014 3225 2088 3276 ad
2121 3224 2281 3275 aliud

329 3289 591 3340 uolumen
613 3295 972 3352 transeamus,
997 3301 1050 3342 ut
1071 3293 1288 3346 iubetur.
1362 3309 1579 3359 semper
1603 3295 1745 3344 enim
1770 3310 1854 3346 me
1888 3295 2051 3344 uobis
2084 3293 2283 3342 dedidi

331 3361 390 3406 et
417 3356 627 3419 famae,
655 3360 745 3408 eui
770 3375 979 3424 negare
1004 3360 1146 3410 nihil
1171 3376 1410 3426 possum.
1458 3369 1547 3412 aut
1574 3369 1763 3413 mutato
1788 3379 1875 3413 me
1899 3364 2195 3426 pronomine
2220 3364 2281 3411 in

329 3439 458 3474 nos:
487 3439 703 3490 semper
735 3429 879 3477 enim
904 3444 1005 3479 nos
1028 3429 1189 3478 uobis
1216 3429 1459 3480 dedimus
1494 3434 1553 3479 et
1581 3431 1788 3493 famae,
1824 3431 1915 3481 eui
1949 3445 2157 3496 negare
2190 3430 2281 3478 ni-

323 3491 410 3542 hil
434 3507 742 3558 possumus.
1221 3517 1226 3523 ·
