<?xml version="1.0" encoding="UTF-8"?>
<!DOCTYPE html PUBLIC "-//W3C//DTD XHTML 1.0 Transitional//EN"
    "http://www.w3.org/TR/xhtml1/DTD/xhtml1-transitional.dtd">
<html xmlns="http://www.w3.org/1999/xhtml" xml:lang="en" lang="en">
 <head>
  <title>
</title>
<meta http-equiv="Content-Type" content="text/html;charset=utf-8" />
  <meta name='ocr-system' content='tesseract 3.04.00' />
  <meta name='ocr-capabilities' content='ocr_page ocr_carea ocr_par ocr_line ocrx_word'/>
</head>
<body>
  <div class='ocr_page' id='page_1' title='image "./scriptoreshisto02petegoog_0388.png"; bbox 0 0 2517 3884; ppageno 0'>
   <div class='ocr_carea' id='block_1_1' title="bbox 431 955 2015 1270">
    <p class='ocr_par' dir='ltr' id='par_1_1' title="bbox 431 955 2015 1270">
     <span class='ocr_line' id='line_1_1' title="bbox 624 955 1819 1092; baseline 0.003 -54"><span class='ocrx_word' id='word_1_1' title='bbox 624 955 1190 1038; x_wconf 81' lang='lat' dir='ltr'><strong>TREBELLII</strong></span> <span class='ocrx_word' id='word_1_2' title='bbox 1225 1077 1232 1092; x_wconf 27' lang='grc' dir='ltr'><strong><em>ι</em></strong></span> <span class='ocrx_word' id='word_1_3' title='bbox 1259 962 1819 1084; x_wconf 75' lang='lat' dir='ltr'>POLL10N1s</span> 
     </span>
     <span class='ocr_line' id='line_1_2' title="bbox 431 1117 2015 1270; baseline 0.001 -4"><span class='ocrx_word' id='word_1_4' title='bbox 431 1131 527 1266; x_wconf 73' lang='lat' dir='ltr'>&#39;e</span> <span class='ocrx_word' id='word_1_5' title='bbox 579 1169 668 1266; x_wconf 90' lang='lat' dir='ltr'><strong>A</strong></span> <span class='ocrx_word' id='word_1_6' title='bbox 721 1169 806 1267; x_wconf 90' lang='lat' dir='ltr'>L</span> <span class='ocrx_word' id='word_1_7' title='bbox 861 1168 946 1266; x_wconf 91' lang='lat' dir='ltr'>L</span> <span class='ocrx_word' id='word_1_8' title='bbox 999 1170 1052 1266; x_wconf 92' lang='lat'><strong>1</strong></span> <span class='ocrx_word' id='word_1_9' title='bbox 1112 1117 1196 1266; x_wconf 78' lang='grc' dir='ltr'>Ε</span> <span class='ocrx_word' id='word_1_10' title='bbox 1260 1172 1356 1269; x_wconf 87' lang='lat' dir='ltr'>N</span> <span class='ocrx_word' id='word_1_11' title='bbox 1421 1171 1472 1268; x_wconf 89' lang='lat'>1</span> <span class='ocrx_word' id='word_1_12' title='bbox 1626 1172 1719 1268; x_wconf 90' lang='lat' dir='ltr'>D</span> <span class='ocrx_word' id='word_1_13' title='bbox 1774 1172 1869 1270; x_wconf 89' lang='lat' dir='ltr'><strong>V</strong></span> <span class='ocrx_word' id='word_1_14' title='bbox 1922 1171 2015 1268; x_wconf 86' lang='lat' dir='ltr'>O</span> 
     </span>
    </p>
   </div>
   <div class='ocr_carea' id='block_1_2' title="bbox 171 1441 2403 2379">
    <p class='ocr_par' dir='ltr' id='par_1_2' title="bbox 250 1441 2261 1609">
     <span class='ocr_line' id='line_1_3' title="bbox 378 1441 2261 1524; baseline 0.002 -20"><span class='ocrx_word' id='word_1_15' title='bbox 378 1443 563 1522; x_wconf 86' lang='lat' dir='ltr'>Capto</span> <span class='ocrx_word' id='word_1_16' title='bbox 596 1441 939 1512; x_wconf 86' lang='lat' dir='ltr'>Valeriano,</span> <span class='ocrx_word' id='word_1_17' title='bbox 991 1443 1321 1522; x_wconf 88' lang='lat' dir='ltr'>(enimuero</span> <span class='ocrx_word' id='word_1_18' title='bbox 1364 1443 1521 1506; x_wconf 87' lang='lat' dir='ltr'>unde</span> <span class='ocrx_word' id='word_1_19' title='bbox 1564 1443 1902 1524; x_wconf 88' lang='lat' dir='ltr'>incipienda</span> <span class='ocrx_word' id='word_1_20' title='bbox 1934 1451 2026 1505; x_wconf 79' lang='lat' dir='ltr'>est</span> <span class='ocrx_word' id='word_1_21' title='bbox 2054 1444 2189 1522; x_wconf 81' lang='lat' dir='ltr'>Gal·</span> <span class='ocrx_word' id='word_1_22' title='bbox 2228 1446 2261 1508; x_wconf 85' lang='lat'><strong>1</strong></span> 
     </span>
     <span class='ocr_line' id='line_1_4' title="bbox 250 1527 2189 1628; baseline 0.001 -40"><span class='ocrx_word' id='word_1_23' title='bbox 250 1527 394 1589; x_wconf 88' lang='lat' dir='ltr'>lieni</span> <span class='ocrx_word' id='word_1_24' title='bbox 438 1531 591 1598; x_wconf 85' lang='lat' dir='ltr'>uita,</span> <span class='ocrx_word' id='word_1_25' title='bbox 645 1530 762 1589; x_wconf 89' lang='lat' dir='ltr'>nisi</span> <span class='ocrx_word' id='word_1_26' title='bbox 805 1529 877 1589; x_wconf 84' lang='lat' dir='ltr'>ab</span> <span class='ocrx_word' id='word_1_27' title='bbox 910 1547 980 1588; x_wconf 87' lang='lat' dir='ltr'>eo</span> <span class='ocrx_word' id='word_1_28' title='bbox 1011 1531 1333 1609; x_wconf 82' lang='lat' dir='ltr'>praecipue</span> <span class='ocrx_word' id='word_1_29' title='bbox 1376 1529 1564 1599; x_wconf 85' lang='lat' dir='ltr'>malo,</span> <span class='ocrx_word' id='word_1_30' title='bbox 1610 1546 1729 1628; x_wconf 79' lang='lat' dir='ltr'>quo</span> <span class='ocrx_word' id='word_1_31' title='bbox 1775 1531 1903 1590; x_wconf 88' lang='lat' dir='ltr'>eius</span> <span class='ocrx_word' id='word_1_32' title='bbox 1934 1531 2056 1590; x_wconf 84' lang='lat' dir='ltr'>uita</span> <span class='ocrx_word' id='word_1_33' title='bbox 2088 1529 2189 1590; x_wconf 89' lang='lat' dir='ltr'>de-</span> 
     </span>
    </p>

    <p class='ocr_par' dir='ltr' id='par_1_3' title="bbox 196 1613 2193 1864">
     <span class='ocr_line' id='line_1_5' title="bbox 196 1613 2189 1694; baseline 0.002 -23"><span class='ocrx_word' id='word_1_34' title='bbox 196 1627 224 1668; x_wconf 82' lang='lat'><strong>5</strong></span> <span class='ocrx_word' id='word_1_35' title='bbox 251 1631 462 1694; x_wconf 85' lang='lat' dir='ltr'>pressa</span> <span class='ocrx_word' id='word_1_36' title='bbox 495 1613 640 1694; x_wconf 72' lang='lat' dir='ltr'>esti)</span> <span class='ocrx_word' id='word_1_37' title='bbox 673 1621 922 1675; x_wconf 84' lang='lat' dir='ltr'>nutante</span> <span class='ocrx_word' id='word_1_38' title='bbox 950 1632 1017 1674; x_wconf 85' lang='lat' dir='ltr'>re</span> <span class='ocrx_word' id='word_1_39' title='bbox 1045 1633 1126 1693; x_wconf 75' lang='lat' dir='ltr'>p„</span> <span class='ocrx_word' id='word_1_40' title='bbox 1160 1633 1321 1675; x_wconf 89' lang='lat' dir='ltr'>cum·</span> <span class='ocrx_word' id='word_1_41' title='bbox 1332 1613 1681 1675; x_wconf 77' lang='lat' dir='ltr'><strong>Odenatus</strong></span> <span class='ocrx_word' id='word_1_42' title='bbox 1665 1633 1782 1676; x_wconf 84' lang='lat' dir='ltr'>lam</span> <span class='ocrx_word' id='word_1_43' title='bbox 1814 1616 2061 1676; x_wconf 81' lang='lat' dir='ltr'>orientis</span> <span class='ocrx_word' id='word_1_44' title='bbox 2093 1633 2189 1676; x_wconf 90' lang='lat' dir='ltr'>ce-</span> 
     </span>
     <span class='ocr_line' id='line_1_6' title="bbox 247 1697 2193 1780; baseline 0.003 -22"><span class='ocrx_word' id='word_1_45' title='bbox 247 1701 439 1778; x_wconf 87' lang='lat' dir='ltr'>pisset</span> <span class='ocrx_word' id='word_1_46' title='bbox 489 1699 839 1778; x_wconf 86' lang='lat' dir='ltr'>imperium,</span> <span class='ocrx_word' id='word_1_47' title='bbox 895 1697 1199 1762; x_wconf 83' lang='lat' dir='ltr'><strong>Gallienus</strong></span> <span class='ocrx_word' id='word_1_48' title='bbox 1259 1707 1565 1779; x_wconf 86' lang='lat' dir='ltr'>comperta</span> <span class='ocrx_word' id='word_1_49' title='bbox 1614 1701 1799 1779; x_wconf 84' lang='lat' dir='ltr'>patris</span> <span class='ocrx_word' id='word_1_50' title='bbox 1851 1701 2193 1780; x_wconf 79' lang='lat' dir='ltr'>captiuitate</span> 
     </span>
     <span class='ocr_line' id='line_1_7' title="bbox 246 1783 2188 1864; baseline 0.002 -20"><span class='ocrx_word' id='word_1_51' title='bbox 246 1783 570 1863; x_wconf 81' lang='lat' dir='ltr'><strong>gauderet,</strong></span> <span class='ocrx_word' id='word_1_52' title='bbox 617 1784 1102 1864; x_wconf 84' lang='lat' dir='ltr'>uagabantur</span> <span class='ocrx_word' id='word_1_53' title='bbox 1153 1787 1487 1855; x_wconf 61' lang='lat' dir='ltr'>meruitne,</span> <span class='ocrx_word' id='word_1_54' title='bbox 1534 1787 1997 1846; x_wconf 71' lang='lat' dir='ltr'><strong><em>murmurabant</em></strong></span> <span class='ocrx_word' id='word_1_55' title='bbox 2036 1831 2188 1847; x_wconf 92' lang='grc'><strong>.....</strong></span> 
     </span>
    </p>

    <p class='ocr_par' dir='ltr' id='par_1_4' title="bbox 245 1867 2192 2034">
     <span class='ocr_line' id='line_1_8' title="bbox 249 1867 2187 1948; baseline 0.002 -19"><span class='ocrx_word' id='word_1_56' title='bbox 249 1915 298 1929; x_wconf 87' lang='grc'>..</span> <span class='ocrx_word' id='word_1_57' title='bbox 471 1915 486 1930; x_wconf 89' lang='grc'><strong>.</strong></span> <span class='ocrx_word' id='word_1_58' title='bbox 508 1916 521 1930; x_wconf 93' lang='grc'><strong>.</strong></span> <span class='ocrx_word' id='word_1_59' title='bbox 557 1869 759 1940; x_wconf 82' lang='lat' dir='ltr'>duceS,</span> <span class='ocrx_word' id='word_1_60' title='bbox 809 1876 938 1931; x_wconf 85' lang='lat' dir='ltr'>erat</span> <span class='ocrx_word' id='word_1_61' title='bbox 969 1873 1226 1931; x_wconf 79' lang='lat' dir='ltr'>omnium</span> <span class='ocrx_word' id='word_1_62' title='bbox 1257 1915 1437 1932; x_wconf 90' lang='grc'><strong>......</strong></span> <span class='ocrx_word' id='word_1_63' title='bbox 1471 1867 1729 1941; x_wconf 80' lang='lat' dir='ltr'>maeror,</span> <span class='ocrx_word' id='word_1_64' title='bbox 1776 1871 1932 1948; x_wconf 87' lang='lat' dir='ltr'>quod</span> <span class='ocrx_word' id='word_1_65' title='bbox 1964 1916 2187 1932; x_wconf 83' lang='grc'><strong>.......</strong></span> 
     </span>
     <span class='ocr_line' id='line_1_9' title="bbox 245 1954 2192 2034; baseline 0.001 -20"><span class='ocrx_word' id='word_1_66' title='bbox 245 1956 578 2034; x_wconf 79' lang='lat' dir='ltr'>imperator</span> <span class='ocrx_word' id='word_1_67' title='bbox 610 2000 862 2017; x_wconf 91' lang='grc'><strong>........</strong></span> <span class='ocrx_word' id='word_1_68' title='bbox 897 1954 1152 2015; x_wconf 87' lang='lat' dir='ltr'>Romani</span> <span class='ocrx_word' id='word_1_69' title='bbox 1180 1956 1244 2016; x_wconf 88' lang='lat' dir='ltr'>in</span> <span class='ocrx_word' id='word_1_70' title='bbox 1276 1954 1521 2016; x_wconf 83' lang='lat' dir='ltr'>Perside</span> <span class='ocrx_word' id='word_1_71' title='bbox 1554 1957 1857 2017; x_wconf 79' lang='lat' dir='ltr'>seruiliter</span> <span class='ocrx_word' id='word_1_72' title='bbox 1884 1963 2192 2016; x_wconf 85' lang='lat' dir='ltr'>teneretur</span> 
     </span>
    </p>

    <p class='ocr_par' dir='ltr' id='par_1_5' title="bbox 171 2038 2186 2118">
     <span class='ocr_line' id='line_1_10' title="bbox 171 2038 2186 2118; baseline 0.003 -24"><span class='ocrx_word' id='word_1_73' title='bbox 171 2055 223 2095; x_wconf 87' lang='lat'>10</span> <span class='ocrx_word' id='word_1_74' title='bbox 251 2083 747 2102; x_wconf 88' lang='grc'><strong>..............</strong></span> <span class='ocrx_word' id='word_1_75' title='bbox 781 2041 874 2101; x_wconf 88' lang='lat' dir='ltr'>ior</span> <span class='ocrx_word' id='word_1_76' title='bbox 897 2041 1160 2100; x_wconf 87' lang='lat' dir='ltr'>omnium</span> <span class='ocrx_word' id='word_1_77' title='bbox 1195 2084 1407 2102; x_wconf 87' lang='grc'><strong>.......</strong></span> <span class='ocrx_word' id='word_1_78' title='bbox 1442 2040 1603 2118; x_wconf 81' lang='lat' dir='ltr'>quod</span> <span class='ocrx_word' id='word_1_79' title='bbox 1634 2038 1935 2101; x_wconf 84' lang='lat' dir='ltr'>Gallienus</span> <span class='ocrx_word' id='word_1_80' title='bbox 1966 2058 2041 2100; x_wconf 87' lang='lat' dir='ltr'>na</span> <span class='ocrx_word' id='word_1_81' title='bbox 2074 2086 2118 2102; x_wconf 83' lang='lat'>..</span> <span class='ocrx_word' id='word_1_82' title='bbox 2142 2087 2153 2101; x_wconf 92' lang='lat'>.</span> <span class='ocrx_word' id='word_1_83' title='bbox 2173 2087 2186 2100; x_wconf 90' lang='lat'><strong>.</strong></span> 
     </span>
    </p>

    <p class='ocr_par' dir='ltr' id='par_1_6' title="bbox 246 2123 2403 2379">
     <span class='ocr_line' id='line_1_11' title="bbox 251 2123 2188 2205; baseline 0 -19"><span class='ocrx_word' id='word_1_84' title='bbox 251 2171 266 2186; x_wconf 94' lang='lat'><strong>.</strong></span> <span class='ocrx_word' id='word_1_85' title='bbox 283 2169 851 2188; x_wconf 87' lang='grc'><strong>................</strong></span> <span class='ocrx_word' id='word_1_86' title='bbox 886 2131 1056 2204; x_wconf 84' lang='lat' dir='ltr'>pater</span> <span class='ocrx_word' id='word_1_87' title='bbox 1079 2125 1235 2185; x_wconf 85' lang='lat' dir='ltr'>facto</span> <span class='ocrx_word' id='word_1_88' title='bbox 1257 2127 1343 2185; x_wconf 86' lang='lat' dir='ltr'>sic</span> <span class='ocrx_word' id='word_1_89' title='bbox 1368 2172 1381 2186; x_wconf 92' lang='lat'><em>.</em></span> <span class='ocrx_word' id='word_1_90' title='bbox 1402 2171 1415 2184; x_wconf 91' lang='lat'><strong>.</strong></span> <span class='ocrx_word' id='word_1_91' title='bbox 1436 2170 1449 2185; x_wconf 93' lang='lat'><strong>.</strong></span> <span class='ocrx_word' id='word_1_92' title='bbox 1468 2138 1517 2185; x_wconf 72' lang='grc'>’.·.</span> <span class='ocrx_word' id='word_1_93' title='bbox 1538 2171 1551 2184; x_wconf 91' lang='grc'><strong>.</strong></span> <span class='ocrx_word' id='word_1_94' title='bbox 1570 2123 1869 2186; x_wconf 72' lang='lat' dir='ltr'>,moribus</span> <span class='ocrx_word' id='word_1_95' title='bbox 1892 2143 1959 2185; x_wconf 93' lang='lat' dir='ltr'>re</span> <span class='ocrx_word' id='word_1_96' title='bbox 1983 2145 2039 2205; x_wconf 89' lang='lat' dir='ltr'>p.</span> <span class='ocrx_word' id='word_1_97' title='bbox 2071 2171 2084 2185; x_wconf 94' lang='lat'><strong>.</strong></span> <span class='ocrx_word' id='word_1_98' title='bbox 2104 2173 2117 2186; x_wconf 89' lang='lat'><strong>.</strong></span> <span class='ocrx_word' id='word_1_99' title='bbox 2138 2172 2153 2186; x_wconf 87' lang='lat'><strong>.</strong></span> <span class='ocrx_word' id='word_1_100' title='bbox 2175 2172 2188 2186; x_wconf 91' lang='lat'><strong>.</strong></span> 
     </span>
     <span class='ocr_line' id='line_1_12' title="bbox 246 2207 2403 2288; baseline 0.003 -19"><span class='ocrx_word' id='word_1_101' title='bbox 246 2209 614 2288; x_wconf 79' lang='lat' dir='ltr'>perdiderat.</span> <span class='ocrx_word' id='word_1_102' title='bbox 691 2209 957 2271; x_wconf 85' lang='lat' dir='ltr'>Gallieno</span> <span class='ocrx_word' id='word_1_103' title='bbox 998 2211 1181 2288; x_wconf 85' lang='lat' dir='ltr'>igitur</span> <span class='ocrx_word' id='word_1_104' title='bbox 1218 2217 1277 2270; x_wconf 93' lang='lat' dir='ltr'>et</span> <span class='ocrx_word' id='word_1_105' title='bbox 1305 2207 1624 2282; x_wconf 75' lang='lat' dir='ltr'>Volusiano</span> <span class='ocrx_word' id='word_1_106' title='bbox 1657 2227 1853 2270; x_wconf 78' lang='lat' dir='ltr'>conss,</span> <span class='ocrx_word' id='word_1_107' title='bbox 1887 2209 2186 2272; x_wconf 83' lang='lat' dir='ltr'>Macrinus</span> <span class='ocrx_word' id='word_1_108' title='bbox 2206 2211 2403 2276; x_wconf 55' lang='lat' dir='ltr'>‘zass‘lff</span> 
     </span>
     <span class='ocr_line' id='line_1_13' title="bbox 249 2272 2379 2379; baseline 0.001 -25"><span class='ocrx_word' id='word_1_109' title='bbox 249 2300 310 2355; x_wconf 87' lang='lat' dir='ltr'>et</span> <span class='ocrx_word' id='word_1_110' title='bbox 339 2293 581 2356; x_wconf 83' lang='lat' dir='ltr'>Ballista</span> <span class='ocrx_word' id='word_1_111' title='bbox 611 2295 675 2355; x_wconf 91' lang='lat' dir='ltr'>in</span> <span class='ocrx_word' id='word_1_112' title='bbox 707 2313 891 2356; x_wconf 88' lang='lat' dir='ltr'>unum</span> <span class='ocrx_word' id='word_1_113' title='bbox 926 2303 1172 2379; x_wconf 75' lang='lat' dir='ltr'>coeunt,</span> <span class='ocrx_word' id='word_1_114' title='bbox 1212 2296 1511 2356; x_wconf 84' lang='lat' dir='ltr'>exercitus</span> <span class='ocrx_word' id='word_1_115' title='bbox 1541 2294 1827 2374; x_wconf 82' lang='lat' dir='ltr'>reliquias</span> <span class='ocrx_word' id='word_1_116' title='bbox 1858 2305 2191 2357; x_wconf 82' lang='lat' dir='ltr'>conuoeant</span> <span class='ocrx_word' id='word_1_117' title='bbox 2308 2272 2379 2306; x_wconf 48' lang='grc' dir='ltr'>’δ’</span> 
     </span>
    </p>
   </div>
   <div class='ocr_carea' id='block_1_3' title="bbox 169 2463 2196 3536">
    <p class='ocr_par' dir='ltr' id='par_1_7' title="bbox 239 2463 2196 3279">
     <span class='ocr_line' id='line_1_14' title="bbox 386 2463 2087 2530; baseline 0 -16"><span class='ocrx_word' id='word_1_118' title='bbox 386 2465 412 2514; x_wconf 92' lang='grc'><strong>1</strong></span> <span class='ocrx_word' id='word_1_119' title='bbox 438 2464 640 2530; x_wconf 76' lang='lat' dir='ltr'>incipit</span> <span class='ocrx_word' id='word_1_120' title='bbox 665 2464 908 2517; x_wconf 83' lang='lat' dir='ltr'>eiusdem</span> <span class='ocrx_word' id='word_1_121' title='bbox 933 2464 1163 2530; x_wconf 82' lang='lat' dir='ltr'>gallieni</span> <span class='ocrx_word' id='word_1_122' title='bbox 1189 2465 1297 2516; x_wconf 90' lang='lat' dir='ltr'>duo</span> <span class='ocrx_word' id='word_1_123' title='bbox 1320 2464 1424 2515; x_wconf 85' lang='lat' dir='ltr'>BP</span> <span class='ocrx_word' id='word_1_124' title='bbox 1532 2465 1933 2516; x_wconf 66' lang='lat' dir='ltr'>Tuoeabantur</span> <span class='ocrx_word' id='word_1_125' title='bbox 1956 2463 2087 2514; x_wconf 71' lang='grc' dir='ltr'>ΒΡι</span> 
     </span>
     <span class='ocr_line' id='line_1_15' title="bbox 245 2530 2187 2586; baseline 0.002 -5"><span class='ocrx_word' id='word_1_126' title='bbox 245 2547 369 2582; x_wconf 86' lang='lat' dir='ltr'>mus</span> <span class='ocrx_word' id='word_1_127' title='bbox 391 2530 443 2582; x_wconf 91' lang='lat' dir='ltr'><em>B</em></span> <span class='ocrx_word' id='word_1_128' title='bbox 467 2547 558 2582; x_wconf 87' lang='lat' dir='ltr'>mu</span> <span class='ocrx_word' id='word_1_129' title='bbox 574 2531 656 2586; x_wconf 78' lang='grc' dir='ltr'>,Ρ1</span> <span class='ocrx_word' id='word_1_130' title='bbox 681 2534 1096 2584; x_wconf 82' lang='lat' dir='ltr'>murmurabant</span> <span class='ocrx_word' id='word_1_131' title='bbox 1119 2531 1200 2583; x_wconf 79' lang='lat'>1²²</span> <span class='ocrx_word' id='word_1_132' title='bbox 1226 2533 1353 2584; x_wconf 81' lang='lat' dir='ltr'>Vat.</span> <span class='ocrx_word' id='word_1_133' title='bbox 1491 2534 1524 2582; x_wconf 89' lang='lat'>8</span> <span class='ocrx_word' id='word_1_134' title='bbox 1550 2533 1787 2584; x_wconf 89' lang='lat' dir='ltr'>omnium</span> <span class='ocrx_word' id='word_1_135' title='bbox 1810 2549 1902 2586; x_wconf 87' lang='lat' dir='ltr'>om.</span> <span class='ocrx_word' id='word_1_136' title='bbox 1918 2531 2043 2583; x_wconf 88' lang='lat' dir='ltr'>BP¹</span> <span class='ocrx_word' id='word_1_137' title='bbox 2066 2535 2187 2584; x_wconf 84' lang='lat' dir='ltr'>add.</span> 
     </span>
     <span class='ocr_line' id='line_1_16' title="bbox 243 2599 2192 2666; baseline 0.003 -16"><span class='ocrx_word' id='word_1_138' title='bbox 243 2599 328 2650; x_wconf 75' lang='lat' dir='ltr'>P²</span> <span class='ocrx_word' id='word_1_139' title='bbox 465 2600 611 2666; x_wconf 89' lang='lat' dir='ltr'>quod</span> <span class='ocrx_word' id='word_1_140' title='bbox 637 2617 731 2651; x_wconf 88' lang='lat' dir='ltr'>om.</span> <span class='ocrx_word' id='word_1_141' title='bbox 755 2600 806 2650; x_wconf 90' lang='lat' dir='ltr'><em>B</em></span> <span class='ocrx_word' id='word_1_142' title='bbox 943 2603 976 2652; x_wconf 87' lang='grc'><strong>9</strong></span> <span class='ocrx_word' id='word_1_143' title='bbox 998 2601 1302 2666; x_wconf 80' lang='lat' dir='ltr'>imperator</span> <span class='ocrx_word' id='word_1_144' title='bbox 1326 2617 1583 2652; x_wconf 88' lang='lat' dir='ltr'>romanus</span> <span class='ocrx_word' id='word_1_145' title='bbox 1606 2629 1673 2637; x_wconf 91' lang='lat'><strong>—</strong></span> <span class='ocrx_word' id='word_1_146' title='bbox 1695 2618 1775 2666; x_wconf 79' lang='lat' dir='ltr'>sp.</span> <span class='ocrx_word' id='word_1_147' title='bbox 1802 2604 1833 2650; x_wconf 84' lang='lat'><strong><em>9</em></strong></span> <span class='ocrx_word' id='word_1_148' title='bbox 1858 2603 1955 2654; x_wconf 76' lang='lat' dir='ltr'>titt.</span> <span class='ocrx_word' id='word_1_149' title='bbox 1986 2619 2097 2656; x_wconf 81' lang='lat' dir='ltr'>uae.</span> <span class='ocrx_word' id='word_1_150' title='bbox 2124 2630 2192 2640; x_wconf 85' lang='lat'><em>-</em></span> 
     </span>
     <span class='ocr_line' id='line_1_17' title="bbox 239 2666 2051 2735; baseline 0.002 -18"><span class='ocrx_word' id='word_1_151' title='bbox 239 2666 380 2731; x_wconf 60' lang='grc' dir='ltr'>[ΖΗΝ</span> <span class='ocrx_word' id='word_1_152' title='bbox 409 2668 467 2717; x_wconf 91' lang='lat' dir='ltr'>in</span> <span class='ocrx_word' id='word_1_153' title='bbox 499 2668 724 2734; x_wconf 83' lang='lat' dir='ltr'>persida</span> <span class='ocrx_word' id='word_1_154' title='bbox 759 2669 809 2718; x_wconf 87' lang='lat' dir='ltr'><em>P</em></span> <span class='ocrx_word' id='word_1_155' title='bbox 851 2699 856 2703; x_wconf 85' lang='lat'><em>-</em></span> <span class='ocrx_word' id='word_1_156' title='bbox 965 2670 1024 2719; x_wconf 90' lang='lat' dir='ltr'>in</span> <span class='ocrx_word' id='word_1_157' title='bbox 1057 2685 1150 2722; x_wconf 89' lang='lat' dir='ltr'>om.</span> <span class='ocrx_word' id='word_1_158' title='bbox 1175 2668 1227 2720; x_wconf 91' lang='lat' dir='ltr'><em>B</em></span> <span class='ocrx_word' id='word_1_159' title='bbox 1259 2666 1381 2720; x_wconf 78' lang='lat' dir='ltr'>Vat.</span> <span class='ocrx_word' id='word_1_160' title='bbox 1545 2670 1769 2735; x_wconf 83' lang='lat' dir='ltr'>persida</span> <span class='ocrx_word' id='word_1_161' title='bbox 1802 2670 1905 2720; x_wconf 90' lang='lat' dir='ltr'>BP</span> <span class='ocrx_word' id='word_1_162' title='bbox 1934 2670 2051 2720; x_wconf 81' lang='lat' dir='ltr'>Vat.</span> 
     </span>
     <span class='ocr_line' id='line_1_18' title="bbox 246 2737 2193 2796; baseline 0.001 -10"><span class='ocrx_word' id='word_1_163' title='bbox 246 2772 459 2786; x_wconf 90' lang='grc'><strong>........</strong></span> <span class='ocrx_word' id='word_1_164' title='bbox 487 2741 802 2787; x_wconf 86' lang='lat' dir='ltr'>sertenetur</span> <span class='ocrx_word' id='word_1_165' title='bbox 837 2774 876 2786; x_wconf 90' lang='lat'>..</span> <span class='ocrx_word' id='word_1_166' title='bbox 1169 2738 1340 2788; x_wconf 98' lang='grc' dir='ltr'>..Β</span> <span class='ocrx_word' id='word_1_167' title='bbox 1372 2741 1427 2788; x_wconf 79' lang='lat' dir='ltr'>in</span> <span class='ocrx_word' id='word_1_168' title='bbox 1448 2737 1526 2787; x_wconf 78' lang='lat' dir='ltr'>Pl</span> <span class='ocrx_word' id='word_1_169' title='bbox 1564 2740 1729 2789; x_wconf 80' lang='lat' dir='ltr'>omnia</span> <span class='ocrx_word' id='word_1_170' title='bbox 1761 2753 1926 2787; x_wconf 82' lang='lat' dir='ltr'>uacua</span> <span class='ocrx_word' id='word_1_171' title='bbox 1946 2745 2088 2796; x_wconf 72' lang='lat' dir='ltr'>sunt,</span> <span class='ocrx_word' id='word_1_172' title='bbox 2114 2737 2193 2787; x_wconf 79' lang='lat' dir='ltr'>P²</span> 
     </span>
     <span class='ocr_line' id='line_1_19' title="bbox 244 2805 2186 2870; baseline -0.002 -14"><span class='ocrx_word' id='word_1_173' title='bbox 244 2805 373 2856; x_wconf 75' lang='lat' dir='ltr'>haee</span> <span class='ocrx_word' id='word_1_174' title='bbox 396 2806 540 2855; x_wconf 71' lang='lat' dir='ltr'>initio</span> <span class='ocrx_word' id='word_1_175' title='bbox 565 2807 778 2856; x_wconf 79' lang='lat' dir='ltr'>lacunae</span> <span class='ocrx_word' id='word_1_176' title='bbox 805 2807 1035 2856; x_wconf 77' lang='lat' dir='ltr'>addidit:</span> <span class='ocrx_word' id='word_1_177' title='bbox 1063 2805 1669 2858; x_wconf 70' lang='lat' dir='ltr'>seruiliterteneretur.</span> <span class='ocrx_word' id='word_1_178' title='bbox 1704 2821 1815 2870; x_wconf 79' lang='lat' dir='ltr'>seq.</span> <span class='ocrx_word' id='word_1_179' title='bbox 1843 2807 1909 2854; x_wconf 82' lang='lat'>16</span> <span class='ocrx_word' id='word_1_180' title='bbox 1931 2806 2025 2856; x_wconf 75' lang='lat' dir='ltr'>litt.</span> <span class='ocrx_word' id='word_1_181' title='bbox 2049 2813 2186 2870; x_wconf 77' lang='lat' dir='ltr'>spat.</span> 
     </span>
     <span class='ocr_line' id='line_1_20' title="bbox 247 2871 2196 2931; baseline 0 -9"><span class='ocrx_word' id='word_1_182' title='bbox 247 2871 530 2922; x_wconf 73' lang='lat' dir='ltr'>semiliter</span> <span class='ocrx_word' id='word_1_183' title='bbox 549 2899 614 2908; x_wconf 86' lang='lat'>-—</span> <span class='ocrx_word' id='word_1_184' title='bbox 640 2875 706 2924; x_wconf 86' lang='grc'>18</span> <span class='ocrx_word' id='word_1_185' title='bbox 731 2875 827 2923; x_wconf 73' lang='lat' dir='ltr'>litt.</span> <span class='ocrx_word' id='word_1_186' title='bbox 855 2900 918 2908; x_wconf 88' lang='lat'>—-</span> <span class='ocrx_word' id='word_1_187' title='bbox 947 2877 1323 2924; x_wconf 86' lang='lat' dir='ltr'>serteneretor</span> <span class='ocrx_word' id='word_1_188' title='bbox 1344 2879 1411 2909; x_wconf 78' lang='grc'>-’-</span> <span class='ocrx_word' id='word_1_189' title='bbox 1436 2876 1509 2924; x_wconf 84' lang='grc'>23</span> <span class='ocrx_word' id='word_1_190' title='bbox 1534 2875 1630 2926; x_wconf 78' lang='lat' dir='ltr'>litt.</span> <span class='ocrx_word' id='word_1_191' title='bbox 1656 2899 1720 2908; x_wconf 96' lang='lat'><strong>—</strong></span> <span class='ocrx_word' id='word_1_192' title='bbox 1755 2873 1805 2931; x_wconf 69' lang='lat' dir='ltr'><em>V</em></span> <span class='ocrx_word' id='word_1_193' title='bbox 1804 2879 1877 2923; x_wconf 84' lang='lat' dir='ltr'>at.</span> <span class='ocrx_word' id='word_1_194' title='bbox 2018 2874 2081 2922; x_wconf 91' lang='lat'>10</span> <span class='ocrx_word' id='word_1_195' title='bbox 2106 2873 2196 2922; x_wconf 89' lang='lat' dir='ltr'>ior</span> 
     </span>
     <span class='ocr_line' id='line_1_21' title="bbox 247 2939 2192 3004; baseline 0.001 -14"><span class='ocrx_word' id='word_1_196' title='bbox 247 2942 487 2990; x_wconf 88' lang='lat' dir='ltr'>omnium</span> <span class='ocrx_word' id='word_1_197' title='bbox 509 2943 563 2992; x_wconf 81' lang='lat' dir='ltr'>in</span> <span class='ocrx_word' id='word_1_198' title='bbox 585 2939 638 2990; x_wconf 90' lang='grc' dir='ltr'><strong>Β</strong></span> <span class='ocrx_word' id='word_1_199' title='bbox 663 2957 697 2990; x_wconf 85' lang='lat' dir='ltr'>a</span> <span class='ocrx_word' id='word_1_200' title='bbox 717 2957 822 2992; x_wconf 75' lang='lat' dir='ltr'>sec.</span> <span class='ocrx_word' id='word_1_201' title='bbox 845 2957 994 2992; x_wconf 83' lang='lat' dir='ltr'>manu</span> <span class='ocrx_word' id='word_1_202' title='bbox 1018 2948 1072 2991; x_wconf 80' lang='lat' dir='ltr'>ut</span> <span class='ocrx_word' id='word_1_203' title='bbox 1093 2943 1200 2995; x_wconf 84' lang='lat' dir='ltr'>uid.</span> <span class='ocrx_word' id='word_1_204' title='bbox 1225 2943 1455 2992; x_wconf 77' lang='lat' dir='ltr'>additum</span> <span class='ocrx_word' id='word_1_205' title='bbox 1585 2947 1707 3004; x_wconf 76' lang='lat' dir='ltr'>post</span> <span class='ocrx_word' id='word_1_206' title='bbox 1740 2955 1815 2990; x_wconf 82' lang='lat' dir='ltr'>na</span> <span class='ocrx_word' id='word_1_207' title='bbox 1836 2946 1973 3004; x_wconf 74' lang='lat' dir='ltr'>spat.</span> <span class='ocrx_word' id='word_1_208' title='bbox 2000 2943 2067 2990; x_wconf 86' lang='lat'>22</span> <span class='ocrx_word' id='word_1_209' title='bbox 2082 2943 2192 2991; x_wconf 73' lang='lat' dir='ltr'>litt.</span> 
     </span>
     <span class='ocr_line' id='line_1_22' title="bbox 226 3007 2196 3060; baseline -0.001 0.019"><span class='ocrx_word' id='word_1_210' title='bbox 226 3011 299 3060; x_wconf 80' lang='lat' dir='ltr'>in</span> <span class='ocrx_word' id='word_1_211' title='bbox 322 3010 373 3059; x_wconf 92' lang='lat' dir='ltr'><em>P</em></span> <span class='ocrx_word' id='word_1_212' title='bbox 402 3025 516 3060; x_wconf 81' lang='lat' dir='ltr'>uae.</span> <span class='ocrx_word' id='word_1_213' title='bbox 680 3011 736 3060; x_wconf 83' lang='lat' dir='ltr'>in</span> <span class='ocrx_word' id='word_1_214' title='bbox 755 3009 823 3060; x_wconf 86' lang='lat' dir='ltr'><strong><em>M</em></strong></span> <span class='ocrx_word' id='word_1_215' title='bbox 855 3011 1021 3060; x_wconf 85' lang='lat' dir='ltr'>omnia</span> <span class='ocrx_word' id='word_1_216' title='bbox 1053 3010 1331 3060; x_wconf 75' lang='lat' dir='ltr'>cohaerent</span> <span class='ocrx_word' id='word_1_217' title='bbox 1490 3009 1755 3059; x_wconf 81' lang='lat' dir='ltr'>Sententia</span> <span class='ocrx_word' id='word_1_218' title='bbox 1794 3007 2036 3058; x_wconf 77' lang='lat' dir='ltr'>Trebellii</span> <span class='ocrx_word' id='word_1_219' title='bbox 2064 3009 2196 3058; x_wconf 76' lang='lat' dir='ltr'>haee</span> 
     </span>
     <span class='ocr_line' id='line_1_23' title="bbox 241 3077 2195 3144; baseline 0 -18"><span class='ocrx_word' id='word_1_220' title='bbox 241 3077 360 3140; x_wconf 78' lang='lat' dir='ltr'>fere</span> <span class='ocrx_word' id='word_1_221' title='bbox 402 3079 566 3141; x_wconf 71' lang='lat' dir='ltr'>fuisse</span> <span class='ocrx_word' id='word_1_222' title='bbox 613 3079 846 3128; x_wconf 75' lang='lat' dir='ltr'>uidetur.-</span> <span class='ocrx_word' id='word_1_223' title='bbox 896 3078 1250 3144; x_wconf 82' lang='lat' dir='ltr'>uagabantur</span> <span class='ocrx_word' id='word_1_224' title='bbox 1295 3077 1477 3142; x_wconf 81' lang='lat' dir='ltr'>ubique</span> <span class='ocrx_word' id='word_1_225' title='bbox 1530 3077 1833 3140; x_wconf 75' lang='lat' dir='ltr'>exercitae,</span> <span class='ocrx_word' id='word_1_226' title='bbox 1891 3091 2195 3126; x_wconf 85' lang='lat' dir='ltr'>murmura</span> 
     </span>
     <span class='ocr_line' id='line_1_24' title="bbox 245 3141 2191 3210; baseline 0 -16"><span class='ocrx_word' id='word_1_227' title='bbox 245 3145 383 3194; x_wconf 80' lang='lat' dir='ltr'>bant</span> <span class='ocrx_word' id='word_1_228' title='bbox 416 3141 682 3198; x_wconf 73' lang='lat' dir='ltr'>omnibus</span> <span class='ocrx_word' id='word_1_229' title='bbox 671 3147 724 3194; x_wconf 79' lang='lat' dir='ltr'>in</span> <span class='ocrx_word' id='word_1_230' title='bbox 751 3147 1036 3210; x_wconf 78' lang='lat' dir='ltr'>prouinciis</span> <span class='ocrx_word' id='word_1_231' title='bbox 1072 3145 1269 3208; x_wconf 87' lang='lat' dir='ltr'>duces,</span> <span class='ocrx_word' id='word_1_232' title='bbox 1315 3149 1435 3194; x_wconf 84' lang='lat' dir='ltr'>erat</span> <span class='ocrx_word' id='word_1_233' title='bbox 1472 3145 1709 3195; x_wconf 89' lang='lat' dir='ltr'>omnium</span> <span class='ocrx_word' id='word_1_234' title='bbox 1742 3147 1919 3209; x_wconf 62' lang='lat' dir='ltr'>ingens</span> <span class='ocrx_word' id='word_1_235' title='bbox 1954 3161 2191 3207; x_wconf 76' lang='lat' dir='ltr'>maeror,</span> 
     </span>
     <span class='ocr_line' id='line_1_25' title="bbox 247 3211 2193 3279; baseline -0.001 -16"><span class='ocrx_word' id='word_1_236' title='bbox 247 3211 394 3277; x_wconf 89' lang='lat' dir='ltr'>quod</span> <span class='ocrx_word' id='word_1_237' title='bbox 426 3214 476 3263; x_wconf 93' lang='lat' dir='ltr'><em>V</em></span> <span class='ocrx_word' id='word_1_238' title='bbox 477 3215 734 3264; x_wconf 79' lang='lat' dir='ltr'>alemanus</span> <span class='ocrx_word' id='word_1_239' title='bbox 756 3215 1058 3279; x_wconf 82' lang='lat' dir='ltr'>imperator</span> <span class='ocrx_word' id='word_1_240' title='bbox 1079 3214 1401 3265; x_wconf 75' lang='lat' dir='ltr'>Romanus·</span> <span class='ocrx_word' id='word_1_241' title='bbox 1386 3229 1445 3262; x_wconf 88' lang='lat' dir='ltr'><strong>m</strong></span> <span class='ocrx_word' id='word_1_242' title='bbox 1468 3213 1697 3264; x_wconf 81' lang='lat' dir='ltr'>Perside</span> <span class='ocrx_word' id='word_1_243' title='bbox 1724 3213 2003 3264; x_wconf 83' lang='lat' dir='ltr'>seruiliter</span> <span class='ocrx_word' id='word_1_244' title='bbox 2036 3219 2193 3263; x_wconf 87' lang='lat' dir='ltr'>tene-</span> 
     </span>
    </p>

    <p class='ocr_par' dir='ltr' id='par_1_8' title="bbox 169 3281 2195 3536">
     <span class='ocr_line' id='line_1_26' title="bbox 169 3281 2195 3346; baseline 0 -16"><span class='ocrx_word' id='word_1_245' title='bbox 169 3287 198 3314; x_wconf 78' lang='lat'>-‘</span> <span class='ocrx_word' id='word_1_246' title='bbox 245 3285 412 3332; x_wconf 85' lang='lat' dir='ltr'>retur.</span> <span class='ocrx_word' id='word_1_247' title='bbox 483 3283 581 3332; x_wconf 72' lang='lat' dir='ltr'>sed</span> <span class='ocrx_word' id='word_1_248' title='bbox 617 3290 734 3334; x_wconf 80' lang='lat' dir='ltr'>erat</span> <span class='ocrx_word' id='word_1_249' title='bbox 765 3285 916 3332; x_wconf 82' lang='lat' dir='ltr'>etiam</span> <span class='ocrx_word' id='word_1_250' title='bbox 955 3283 1121 3332; x_wconf 86' lang='lat' dir='ltr'>maior</span> <span class='ocrx_word' id='word_1_251' title='bbox 1164 3283 1403 3333; x_wconf 87' lang='lat' dir='ltr'>omnium</span> <span class='ocrx_word' id='word_1_252' title='bbox 1435 3283 1687 3338; x_wconf 78' lang='lat' dir='ltr'>maestitia</span> <span class='ocrx_word' id='word_1_253' title='bbox 1722 3281 1867 3346; x_wconf 86' lang='lat' dir='ltr'>quod</span> <span class='ocrx_word' id='word_1_254' title='bbox 1902 3281 2195 3333; x_wconf 82' lang='lat' dir='ltr'>Gallienus</span> 
     </span>
     <span class='ocr_line' id='line_1_27' title="bbox 243 3349 2195 3416; baseline 0 -18"><span class='ocrx_word' id='word_1_255' title='bbox 243 3357 468 3402; x_wconf 72' lang='lat' dir='ltr'>nanctus</span> <span class='ocrx_word' id='word_1_256' title='bbox 483 3351 743 3414; x_wconf 76' lang='lat' dir='ltr'>imperium</span> <span class='ocrx_word' id='word_1_257' title='bbox 761 3359 814 3400; x_wconf 82' lang='lat' dir='ltr'>ut</span> <span class='ocrx_word' id='word_1_258' title='bbox 838 3354 999 3415; x_wconf 85' lang='lat' dir='ltr'>pater</span> <span class='ocrx_word' id='word_1_259' title='bbox 1024 3351 1143 3400; x_wconf 83' lang='lat' dir='ltr'>fato</span> <span class='ocrx_word' id='word_1_260' title='bbox 1169 3350 1250 3401; x_wconf 87' lang='lat' dir='ltr'>sic</span> <span class='ocrx_word' id='word_1_261' title='bbox 1273 3353 1385 3416; x_wconf 78' lang='lat' dir='ltr'>ipse</span> <span class='ocrx_word' id='word_1_262' title='bbox 1408 3349 1651 3400; x_wconf 87' lang='lat' dir='ltr'>moribus</span> <span class='ocrx_word' id='word_1_263' title='bbox 1668 3365 1784 3399; x_wconf 87' lang='lat' dir='ltr'>rem</span> <span class='ocrx_word' id='word_1_264' title='bbox 1802 3351 2047 3415; x_wconf 81' lang='lat' dir='ltr'>publicam</span> <span class='ocrx_word' id='word_1_265' title='bbox 2066 3365 2195 3415; x_wconf 87' lang='lat' dir='ltr'>per-</span> 
     </span>
     <span class='ocr_line' id='line_1_28' title="bbox 245 3416 2195 3484; baseline -0.002 -16"><span class='ocrx_word' id='word_1_266' title='bbox 245 3416 484 3470; x_wconf 81' lang='lat' dir='ltr'>diderat.</span> <span class='ocrx_word' id='word_1_267' title='bbox 523 3421 574 3468; x_wconf 81' lang='lat' dir='ltr'>in</span> <span class='ocrx_word' id='word_1_268' title='bbox 597 3420 780 3468; x_wconf 72' lang='lat' dir='ltr'>ultimis</span> <span class='ocrx_word' id='word_1_269' title='bbox 803 3421 998 3470; x_wconf 68' lang='lat' dir='ltr'>lacunis</span> <span class='ocrx_word' id='word_1_270' title='bbox 1021 3422 1293 3484; x_wconf 76' lang='lat' dir='ltr'>explendis</span> <span class='ocrx_word' id='word_1_271' title='bbox 1317 3427 1519 3470; x_wconf 78' lang='lat' dir='ltr'>secutus</span> <span class='ocrx_word' id='word_1_272' title='bbox 1542 3435 1646 3468; x_wconf 79' lang='lat' dir='ltr'>sum</span> <span class='ocrx_word' id='word_1_273' title='bbox 1672 3417 1987 3469; x_wconf 74' lang='lat' dir='ltr'>Obrechtium</span> <span class='ocrx_word' id='word_1_274' title='bbox 2126 3419 2195 3465; x_wconf 75' lang='lat'>12</span> 
     </span>
     <span class='ocr_line' id='line_1_29' title="bbox 237 3483 729 3536; baseline 0.004 -2"><span class='ocrx_word' id='word_1_275' title='bbox 237 3487 558 3536; x_wconf 84' lang='lat' dir='ltr'>macrianus</span> <span class='ocrx_word' id='word_1_276' title='bbox 581 3483 729 3536; x_wconf 80' lang='lat' dir='ltr'>P³M</span> 
     </span>
    </p>
   </div>
  </div>
 </body>
</html>
