2517 3884
19 805 21 872 f

546 185 615 242 M.
659 185 813 242 ANT.
853 171 1342 244 ramosarum:
1403 185 1459 242 c,
1489 191 1725 241 24—-27.
2030 179 2116 246 65

190 354 300 430 egit
338 351 867 432 philosophum‘in
928 353 1207 414 omnibus
1265 351 1471 414 stadiis
1531 352 1768 433 templis
1827 353 1987 414 locis.
2055 362 2113 414 et

192 457 315 499 cum
344 437 529 498 multa
553 437 939 498 Alexandrini
966 439 1029 498 in
1060 437 1328 499 Cassium
1357 437 1647 498 dixissent
1673 441 1878 508 fausta,
1910 448 2110 500 tamen

193 522 457 584 omnibus
484 524 721 600 ignonit
750 531 809 582 et
838 521 1016 583 filiam
1049 540 1218 584 suam
1248 522 1406 602 apud
1441 541 1544 583 eos
1571 523 1832 602 reliquit.
1878 523 2110 586 Fausti·
2146 534 2184 582 4

190 627 313 668 nam
344 627 515 670 suam
543 609 607 667 in
639 607 941 669 radicibus
980 609 1201 668 montis
1231 607 1413 668 Tauri
1443 609 1506 667 in
1537 609 1672 670 uico
1701 607 1942 670 Halalae
1974 625 2111 670 exa-

146 706 171 746 5
193 695 463 754 nimatam
490 695 554 752 ui
574 691 755 753 subiti
776 692 973 754 morbi
1002 694 1217 754 amisit.
1248 693 1422 772 petiit
1449 711 1480 752 a
1513 701 1742 764 senatu,
1759 702 1825 755 ut
1853 692 2113 755 honores
2150 703 2184 754 5

188 779 495 838 Faustinae
540 777 871 854 aedemque
910 777 1340 848 decernerent,
1403 777 1640 839 laudata
1673 778 1914 848 eadem,
1977 797 2113 840 cum

187 863 567 942 inpudicitiae
626 863 780 922 sama
838 863 1106 940 grauiter·
1159 861 1507 924 laborasset.
1585 882 1738 942 quae
1780 861 2114 924 Antoninus

187 947 279 1008 uel
306 949 571 1008 nesciuit
598 945 697 1008 uel
738 947 1152 1009 dissimulauit.
1210 965 1400 1009 nouas
1439 945 1670 1027 puellas
1700 949 2112 1010 Faustinianas
2147 959 2180 1007 6

184 1035 434 1094 instituit
460 1034 523 1092 in
556 1031 848 1094 honorem
888 1034 1093 1093 uxoris
1134 1039 1426 1093 mortuae.
1505 1033 1704 1094 diuam
1750 1034 1927 1094 etiam
1957 1034 2112 1094 Fau·
2149 1045 2180 1094 7

122 1132 165 1172 10
187 1119 392 1178 stiuam
424 1137 457 1178 a
484 1125 701 1178 senatu
744 1117 1104 1196 appellatam
1161 1116 1491 1194 gratulatus
1532 1127 1638 1182 est.
1701 1136 1879 1196 quam
1909 1137 2114 1179 secum
2151 1130 2182 1178 8

188 1205 330 1264 etin
362 1203 607 1264 aestiuis
635 1202 942 1271 habuerat,
989 1212 1057 1263 ut
1096 1209 1348 1264 matrem
1394 1210 1728 1263 castrorum
1760 1202 2107 1281 appellaret.

186 1289 323 1349 feeit
366 1293 426 1348 et
468 1286 763 1348 coloniam
805 1289 1007 1348 uicum
1046 1289 1107 1346 in
1152 1305 1272 1366 quo
1315 1285 1464 1347 obiit
1490 1287 1772 1348 Faustina
1815 1294 1875 1347 et
1905 1288 2114 1348 aedem
2149 1299 2182 1347 9

184 1373 265 1433 illi
296 1374 579 1434 extruxit.
658 1372 761 1434 sed
792 1372 943 1434 haec
972 1379 1177 1451 postea
1220 1371 1384 1432 aedis
1414 1369 1800 1450 Heliogabalo
1843 1372 2114 1434 dedicata

186 1466 287 1519 est.
350 1457 555 1537 Ipsum
588 1458 855 1519 Cassium
882 1475 995 1536 pro
1026 1457 1343 1518 clementia
1374 1457 1564 1517 occidi
1593 1475 1806 1538 passu-s
1839 1464 1958 1528 est,
1993 1475 2114 1518 non
2152 1469 2216 1517 10

117 1558 161 1597 1⁵
185 1543 373 1604 occidi
400 1544 590 1604 iussit.
628 1542 975 1622 deportatus
1004 1549 1095 1602 est
1122 1541 1495 1612 Heliodorus
1527 1541 1682 1604 filius
1714 1543 1892 1612 Cassi,
1928 1550 1986 1602 et
2017 1541 2116 1602 alii
2153 1554 2214 1601 11

180 1628 437 1690 liberum
497 1626 737 1688 exilium
778 1633 1141 1706 acceperunt
1200 1646 1338 1687 cum
1397 1626 1692 1688 bonorum
1750 1635 1938 1706 parte.
2013 1627 2117 1691 tilii
2153 1638 2216 1686 12

182 1722 376 1774 autem
424 1712 591 1774 Cassi
631 1719 691 1772 et
732 1712 985 1792 amplius
1025 1712 1220 1772 media
1262 1719 1431 1791 parte
1473 1720 1838 1792 acceperunt
1878 1714 2116 1792 paterni

183 1799 527 1877 patrimonii
554 1804 617 1858 et
644 1815 791 1858 auro
821 1803 1000 1874 atque
1032 1803 1284 1874 argento
1325 1797 1540 1865 adiuti,
1587 1797 1871 1859 mulieres
1914 1806 2114 1859 autem
2142 1806 2150 1814 ”

184 1886 361 1944 etiam
396 1884 797 1944 ornamentis:
841 1885 925 1942 ita
954 1889 1023 1944 ut
1049 1881 1428 1950 Alexandria,
1461 1881 1578 1943 filia
1611 1883 1796 1952 Cassi,
1831 1890 1890 1942 et
1922 1883 2114 1942 Drun-

115 1983 159 2022 20
183 1971 389 2030 cianus
430 1985 617 2046 gener
656 1965 909 2028 liberam
950 1966 1205 2044 uagandi
1236 1973 1596 2045 potestatem
1628 1966 1921 2028 haberent
1953 1985 2114 2026 com-

180 2053 446 2114 mendati
487 2054 703 2114 amitae
743 2054 978 2114 marito.
1040 2051 1226 2112 doluit
1269 2051 1528 2129 denique
1572 2051 1840 2112 Cassium
1887 2053 2218 2111 extinc-13

180 2147 306 2200 tum
338 2137 567 2206 dicens,
598 2137 861 2199 uoluisse
892 2156 957 2198 se
988 2139 1118 2200 sine
1152 2138 1452 2198 senatorio
1481 2138 1768 2214 sanguine
1798 2138 2116 2230 imperium

182 2225 539 2301 transigere.

310 2307 714 2370 Orientalibus
764 2307 949 2368 rebus
1000 2307 1292 2368 ordinatis
1332 2305 1579 2367 Athenis
1619 2307 1732 2368 fuit
1773 2314 1832 2366 et
1871 2305 2117 2367 initialia
2135 2303 2218 2366 27

113 2407 158 2446 25
185 2395 427 2455 Cereris
457 2393 597 2462 adit,
641 2400 709 2454 ut
738 2411 802 2452 se
832 2395 1213 2453 innocentem
1244 2392 1546 2471 probaret
1568 2399 1630 2452 et
1661 2393 1986 2454 sacrarium
2020 2411 2115 2452 so-

179 2479 307 2540 lum
366 2481 682 2557 ingressus
740 2485 849 2538 est.
928 2485 1245 2538 reuertens
1295 2476 1368 2538 ad
1410 2476 1638 2537 Italiam
1681 2478 1918 2555 nauigio
1961 2483 2112 2536 tem·
2152 2484 2183 2530 2

179 2571 479 2644 pestatem
520 2564 936 2640 grauissimam
978 2580 1193 2641 passus
1238 2569 1346 2622 est.
1423 2580 1536 2641 per
1575 2562 1966 2623 Brundisium
2009 2579 2116 2622 ue·
2153 2569 2183 2617 3

183 2650 357 2710 niens
387 2650 449 2709 in
482 2647 712 2709 Italiam
744 2656 945 2726 togam
988 2655 1046 2708 et
1074 2649 1205 2726 ipse
1238 2649 1492 2725 sumpsit
1535 2653 1594 2706 et
1635 2647 1854 2708 milites
1884 2654 2116 2724 togatos

184 2752 319 2796 esse
348 2735 545 2803 iussit,
578 2751 693 2794 nec
731 2741 1013 2810 umquam
1072 2733 1258 2809 sagati
1304 2732 1550 2792 fuerunt
1591 2711 1724 2793 sub
1765 2751 1835 2792 eo
1877 2731 2109 2792 militeS.

112 2830 159 2870 ³⁰
182 2818 437 2880 Romam
463 2825 535 2878 ut
561 2819 729 2878 uenit
759 2817 1167 2896 triumphauit.
1218 2817 1434 2878 exinde
1463 2816 1778 2878 Lauinium
1812 2817 2118 2895 profectus
2153 2823 2188 2872 4

184 2913 289 2964 est.
376 2902 767 2965 Commodum
796 2901 1012 2963 deinde
1042 2901 1156 2962 sibi
1188 2901 1474 2980 collegam
1505 2904 1568 2962 in
1597 2901 1978 2962 tribuniciam
2008 2919 2116 2980 po·
2155 2909 2188 2957 5

287 3110 317 3156 1
346 3105 553 3163 studiis>
572 3105 740 3162 BPM
760 3121 852 3156 em.
877 3104 920 3156 S
1054 3109 1087 3157 3
1109 3105 1440 3156 Faustinam
1463 3120 1689 3155 uxorem
1712 3105 1780 3156 M
1888 3107 1919 3156 5
1944 3105 2003 3154 ui
2027 3120 2119 3155 om.

182 3175 245 3225 M
384 3175 419 3225 8
452 3174 645 3224 resciit
666 3175 719 3226 B
854 3173 965 3224 ned
989 3171 1085 3223 P¹'
1190 3176 1264 3226 ,14
1295 3175 1511 3224 occisus
1536 3173 1640 3223 BP
1774 3175 1838 3224 15
1872 3173 2122 3223 heliudo-

183 3257 277 3292 rus
302 3240 377 3292 B¹
518 3244 583 3292 16
608 3247 827 3308 partem
847 3240 971 3298 BP!
1034 3286 1039 3292 .
1073 3297 1079 3302 ,
1106 3244 1173 3293 20
1198 3242 1444 3307 pagandi
1471 3239 1542 3290 31
1677 3241 1909 3292 haberet
1934 3241 2037 3290 BP

182 3311 249 3360 23
272 3311 589 3376 transigere
616 3308 909 3373 (transiere
937 3311 1008 3373 B)
1034 3310 1278 3360 uoluisse
1307 3325 1366 3360 se
1392 3309 1496 3360 BP
1627 3312 1696 3360 24
1717 3309 1978 3360 anthenis
2002 3308 2054 3357 B

184 3378 413 3427 initalia
436 3376 624 3430 B¹PM
653 3379 804 3428 inter
827 3378 941 3428 alia
964 3377 1041 3428 B²
1064 3395 1155 3428 em.
1184 3378 1274 3428 Gr.
1421 3379 1488 3428 25
1524 3379 1728 3428 ceteris
1754 3377 1858 3426 BP
1902 3376 2120 3426 Cereris

180 3445 451 3562 tBepgplnm
474 3447 542 3498 M
674 3446 823 3498 solus
854 3447 980 3512 Rea.
1120 3449 1185 3496 2⁷
1219 3446 1592 3502 brundissium
1616 3445 1667 3495 B
1805 3447 1871 3496 30
1905 3449 1960 3494 et
1992 3440 2122 3492 inde

260 3630 471 3666 scmr‘r.
501 3633 649 3668 mar.
674 3631 804 3668 avo.
850 3618 894 3668 Ι.
1603 3622 1608 3627 ”
1677 3594 1720 3659 5
