2517 3884
397 194 480 260 52
602 197 733 256 IVLI
775 196 1144 256 CAPITOLINI
1189 195 1498 254 GORDIANI
1543 195 1724 254 TRES.
1813 197 1871 253 G.
1905 199 1986 252 33.
2018 199 2103 252 34.

397 367 703 447 Philippus
735 341 1003 426 exhibuit
1034 361 1437 426 saecularibus
1481 363 1637 425 ludis
1682 371 1739 424 et
1770 363 2119 425 muneribus
2149 371 2341 442 atque

399 451 798 520 circensibus,
832 470 967 512 cum
1011 449 1391 512 millesimum
1434 447 1654 512 anuum
1695 451 1757 509 in
1794 448 2102 564 consulatu
2134 467 2245 512 suo
2281 457 2346 510 et

396 538 501 599 filii
532 539 626 599 sui
657 535 1002 598 celebrauit.

327 636 362 684 4
525 622 693 694 Quod
728 621 802 682 de
833 621 894 682 C.
924 621 1176 683 Caesare
1206 622 1531 682 memoriae
1560 619 1842 681 traditum
1868 626 1977 689 est,
2010 617 2124 680 hoc
2148 621 2339 680 etiam
2430 617 2443 626 ’
2513 679 2514 682 ,

329 722 362 770 5
399 709 472 769 de
497 707 796 770 Gordiano
823 705 1054 767 Cordus
1087 707 1362 767 euenisse
1392 705 1729 785 perscribit.
1756 724 1899 766 nam
1930 722 2159 775 omnes,
2196 707 2335 783 qui·
2396 720 2423 760 5

398 809 654 870 cumque
693 790 862 853 illum
905 789 1101 870 gladio
1142 790 1565 870 adpetiueruut
1610 790 1731 872 (qui
1774 809 1993 853 nouem
2024 785 2209 854 fuisse
2242 790 2337 850 di-

398 875 664 956 cuntur),
711 884 919 958 postea
948 878 1329 957 interemptis
1369 875 1686 955 Philippis,
1737 893 1839 936 sua
1873 894 2051 936 mauu
2084 877 2335 954 suisque

397 963 606 1043 gladiis
640 971 697 1024 et
727 962 918 1023 isdem
951 962 1168 1040 quibus
1206 961 1378 1023 illum
1408 968 1831 1042 percusserant
1858 962 2235 1022 interemisse
2268 978 2336 1021 se

397 1051 700 1119 dicuntur.

295 1133 380 1198 34
524 1135 732 1196 Trium
761 1135 944 1212 igitur
975 1132 1417 1194 Gordianorum
1461 1131 1607 1192 haec
1640 1132 1753 1208 fuit
1784 1132 1933 1200 uita,
1981 1132 2084 1208 qui
2122 1149 2337 1198 omnes
2368 1147 2423 1186 10
2513 1149 2514 1156 ¹

396 1221 641 1298 Augusti
703 1218 983 1299 appellati
1043 1224 1182 1279 sunt
1241 1215 1507 1298 [duobus
1559 1219 1633 1294 in
1682 1217 1876 1278 Africa
1934 1217 2335 1295 interemptis,

305 1319 360 1368 2
397 1305 660 1367 Persidis
689 1303 960 1384 finibus]
1005 1302 1307 1365 Gordiano
1340 1300 1723 1382 sepulchrum
1756 1302 1973 1363 milites
2008 1300 2166 1382 apud
2200 1301 2333 1363 Cir-

398 1393 590 1452 ceium
618 1397 881 1451 castrum
913 1390 1191 1450 fecerunt
1224 1389 1288 1450 in
1314 1387 1532 1449 finibus
1567 1387 1849 1458 PersidiS,
1884 1386 2121 1448 titulum
2156 1386 2337 1448 huius

397 1475 558 1536 modi
589 1475 874 1536 addentes
907 1482 965 1535 et
995 1473 1240 1535 Graecis
1272 1480 1333 1534 et
1364 1473 1589 1535 Latinis
1621 1481 1680 1534 et
1707 1474 1966 1534 Persicis
1998 1479 2059 1533 et
2078 1470 2338 1534 Iudaicis

328 1575 362 1623 3
399 1569 456 1621 et
496 1561 872 1640 Aegyptiacis
910 1558 1155 1628 litteris,
1200 1565 1267 1619 ut
1308 1559 1381 1620 ab
1431 1558 1709 1620 omnihus
1748 1556 2081 1636 legeretur:
2138 1558 2336 1627 „Diuo
2367 1572 2419 1612 15

398 1644 698 1707 Gordiano
741 1646 958 1706 uictori
997 1645 1350 1714 Persarum,
1424 1645 1639 1704 uictori
1691 1642 2051 1713 Gothorum,
2121 1644 2339 1704 uictori

399 1730 832 1801 Sarmatarum,
881 1729 1185 1810 depulsori
1232 1729 1635 1790 Romanarum
1668 1728 2059 1798 seditionum,
2121 1729 2339 1789 uictori

329 1816 867 1895 42Germanorum,
901 1815 1006 1876 sed
1049 1833 1171 1876 nou
1211 1815 1433 1876 uictori
1463 1815 1943 1894 Philipporum.“
2006 1813 2163 1890 quod
2196 1813 2338 1874 ideo

399 1899 715 1962 uidebatur
751 1899 1034 1971 additum,
1069 1901 1204 1980 quia
1233 1901 1296 1960 in
1328 1901 1553 1980 campis
1582 1900 1875 1979 Philippis
1907 1898 1980 1960 ab
2009 1898 2207 1961 Alanis
2236 1905 2332 1958 tu·
2513 1941 2514 1978 ἦ

299 1987 318 1993 “
397 1985 717 2048 multuario
761 1986 993 2066 proelio
1046 1987 1241 2046 uictus
1284 1985 1684 2055 abscesserat,
1731 1983 1907 2046 simul
1952 1985 2131 2046 etiam
2174 1984 2333 2062 quod
2362 1999 2414 2038 20

331 2087 364 2138 5
399 2091 430 2131 a
462 2071 750 2151 Philippis
769 2072 1086 2134 uidebatur
1108 2073 1361 2154 occisus.
1397 2088 1573 2148 quem
1600 2069 1836 2132 titulum
1862 2071 2153 2130 euertisse
2178 2069 2336 2136 Lici-

397 2159 532 2218 nius
563 2156 780 2218 dicitur
811 2177 882 2218 eo
915 2165 1184 2254 tempore
1229 2173 1347 2234 quo
1392 2163 1483 2216 est
1514 2162 1765 2217 nanctus
1795 2156 2151 2233 imperium,
2198 2173 2337 2216 cum

331 2258 364 2306 6
399 2260 464 2302 se
494 2241 677 2303 uellet
705 2242 898 2303 uideri
921 2249 954 2304 a
975 2242 1267 2322 Philippis
1299 2241 1587 2320 originem
1612 2240 1871 2302 trahere.
1917 2240 2081 2312 Quae
2114 2241 2335 2310 omnia,

400 2326 781 2388 Constantine
805 2330 1080 2398 maxime,
1113 2327 1339 2388 idcirco
1366 2342 1500 2387 sum
1522 2334 1897 2406 persecutuS,
1931 2343 2007 2386 ne
2031 2323 2169 2405 quid
2191 2331 2337 2386 tuae

397 2405 723 2489 cognitioni
751 2411 1005 2482 deesset,
1041 2411 1200 2490 quod
1232 2411 1479 2490 dignum
1512 2413 1759 2473 scientia
1792 2410 2118 2472 uideretur.
2362 2423 2414 2464 25

532 2599 564 2647 2
591 2596 877 2648 consulato
900 2597 1004 2647 BP
1135 2599 1170 2647 4
1195 2597 1254 2648 C.
1284 2599 1383 2650 del.
1406 2596 1551 2650 B²M
1678 2601 1709 2648 7
1736 2613 1769 2648 a
1794 2580 2061 2666 philippis
2084 2597 2257 2648 BPM

399 2667 430 2716 8
453 2665 668 2716 hisdem
691 2665 794 2714 BP
827 2727 830 2729 Α
928 2681 986 2716 se
1012 2667 1195 2717 addida·
1339 2669 1399 2718 11
1430 2666 1641 2718 duobus
1664 2693 1731 2702 -·-
1754 2665 1954 2716 finibus
1976 2668 2121 2716 unda·
2142 2668 2339 2716 inclusi.

399 2734 566 2784 tertio
590 2735 649 2784 in
673 2733 926 2786 Persidis
949 2733 1165 2785 finibus.
1193 2735 1387 2786 Tertio
1414 2735 1732 2793 GordianO,
1737 2742 1897 2795 ‚uetus
1922 2736 2131 2786 codem-‘⁸'
2160 2734 2345 2785 Vrsini

537 2804 598 2852 12
625 2803 892 2868 gorgiano
916 2803 1021 2853 BP
1153 2803 1467 2854 Circessum
1488 2807 1571 2854 uel
1593 2803 1895 2854 Circesium
1920 2803 1962 2853 S
2097 2805 2163 2854 15
2185 2802 2341 2868 lege-

397 2874 489 2920 tur
511 2869 615 2919 BP
749 2873 812 2921 16
837 2871 1092 2938 gordiani
1114 2871 1217 2922 BP
1353 2874 1413 2922 17
1439 2887 1779 2923 romanorum
1803 2871 1856 2920 B
1981 2873 2047 2923 18
2072 2871 2213 2921 adeo
2238 2871 2347 2920 BP

507 2941 620 3056 122
620 2938 864 3056 {Licinius
886 2939 1018 2990 BP¹
1155 2942 1222 3017 24
1247 2944 1471 2991 secutus
1495 2939 1599 2990 BP
1716 2941 1783 2991 25
1808 2939 2109 3008 gordianus
2133 2938 2340 2996 tertius

399 3021 505 3072 exp
531 3045 542 3057 .
