2517 3884
719 195 922 252 DlDIVS
966 195 1291 254 IVLIANVS.
1381 196 1436 254 C.
1482 199 1651 251 4—6.
2030 191 2149 255 121
2247 214 2253 220 ·

209 363 551 426 destinae.-
615 363 719 423 sed
766 382 899 424 cum
945 365 1002 426 ei
1030 365 1367 426 nuntiatum
1411 370 1589 432 esset,
1624 363 1919 424 Seuerum
1960 365 2150 425 desci-
2187 380 2221 426 3

213 451 406 518 uisse,
443 466 627 527 quem
657 456 1006 540 suspectum
1037 468 1160 510 non
1199 447 1523 519 habuerat,
1560 449 1943 528 perturbatus
1976 457 2067 510 est
2096 457 2155 510 et

214 534 288 595 ad
317 542 598 596 senatum
629 522 802 595 uenit
823 536 1279 614 imperauitque,
1316 543 1383 596 ut
1413 535 1599 596 hostis
1632 535 1897 596 Seuerus
1925 553 2149 596 renun-

211 623 504 688 tiaretur;
538 619 828 682 militibus
859 622 1036 682 etiam
1079 622 1180 720 qui
1211 620 1507 682 Seuerum
1538 621 1730 682 secuti
1758 621 1993 682 fuerant
2023 621 2152 682 dies
2187 635 2223 682 4

167 723 192 762 5
216 707 632 786 praestitutus,
663 704 824 768 ultra
855 723 1033 782 quam
1081 708 1132 766 si
1162 723 1299 768 cum
1332 706 1559 768 Seuero
1589 707 1863 776 luissent,
1894 705 2167 767 hostium

215 809 470 852 numero
500 789 890 852 haberentur.
963 793 1132 852 missi
1159 797 1299 852 sunt
1327 799 1642 870 praeterea
1673 790 1851 869 legati
1880 811 1913 854 a
1942 799 2155 853 senatu
2190 805 2241 860 5,

217 875 566 938 consulares
581 867 671 936 ad
703 876 942 946 militeS,
975 878 1080 954 qui
1109 875 1451 947 suaderent,
1482 883 1554 937 ut
1578 876 1843 938 Seuerus
1871 877 2153 956 repudia-

217 969 418 1031 retur,
453 969 514 1022 et
541 963 592 1022 is
625 970 784 1022 esset
813 963 1140 1041 imperator
1171 979 1351 1040 quem
1384 968 1627 1023 senatus
1660 961 1938 1040 elegerat.
1993 964 2152 1024 inter
2192 975 2223 1021 6

219 1054 456 1108 ceteros
486 1047 738 1124 legatus
749 1053 838 1108 est
870 1047 1234 1126 Vespronius
1247 1047 1564 1116 Candidus,
1598 1053 1773 1108 uetus
1804 1048 2152 1118 consularis,

144 1150 192 1189 ιο
221 1131 362 1193 olim
393 1132 683 1194 militibus
725 1133 956 1194 inuisus
999 1133 1074 1194 ob
1119 1133 1334 1194 durum
1379 1141 1438 1193 et
1468 1132 1769 1194 sordidum
1812 1135 2151 1212 imperium.

217 1219 439 1278 missus
493 1225 583 1278 est
639 1235 954 1278 successor
999 1219 1228 1278 Seuero
1273 1217 1540 1277 Valerius
1589 1217 1921 1286 Catulinus,
1986 1219 2153 1296 quasi
2193 1236 2220 1283 7

217 1309 427 1382 posset
459 1304 514 1363 ei
543 1302 786 1363 succedi
845 1304 949 1382 qui
1007 1302 1254 1365 militem
1298 1304 1411 1362 iam
1458 1300 1573 1362 sibi
1616 1300 1876 1363 tenebat.
1940 1305 2157 1362 missus
2192 1321 2229 1368 8

217 1395 534 1468 praeterea
577 1387 848 1466 Aquilius
889 1390 1191 1457 centurio,
1253 1395 1434 1448 notus
1487 1387 1769 1448 caedi-bus
1818 1389 2153 1457 senatoriis,

221 1475 322 1550 qui
347 1474 640 1534 Seuerum
683 1473 1002 1534 occideret.
1062 1476 1192 1553 ipse
1223 1479 1421 1534 autem
1453 1472 1716 1534 Iulianus
1747 1475 2157 1552 praetorianos
2192 1493 2229 1540 9

145 1577 196 1615 15
221 1561 284 1618 in
315 1577 594 1638 campum
625 1557 842 1618 deduci
871 1558 1056 1627 iubet,
1103 1559 1326 1619 muniri
1358 1565 1575 1638 turres,
1610 1557 1714 1618 sed
1747 1559 1966 1619 milites
1998 1558 2151 1618 desi-

222 1643 328 1704 des
371 1650 431 1704 et
475 1643 700 1704 urbana
739 1641 978 1705 luxuria
1029 1643 1350 1705 dissolutos
1392 1645 1779 1704 inuitissimos
1823 1643 1894 1704 ad
1928 1646 2153 1704 exerci-

223 1731 371 1790 tium
405 1727 658 1790 militare
689 1727 998 1808 produxit,
1042 1731 1122 1790 ita
1166 1736 1233 1788 ut
1280 1730 1535 1789 uicarios
1578 1731 1778 1807 operis
1822 1729 1983 1806 quod
2023 1731 2153 1789 uni-

225 1817 444 1891 cuique
473 1813 1006 1893 praescribebatur
1038 1814 1317 1874 mercede
1350 1813 1776 1874 conducerent.

391 1899 467 1959 Et
497 1899 760 1960 Seuerus
790 1893 1032 1977 quidem
1065 1900 1137 1960 ad
1181 1899 1395 1960 urbem
1424 1899 1640 1959 infesto
1687 1901 1920 1978 agmine
1950 1901 2154 1958 uenie-
2189 1904 2232 1966 6

147 2003 195 2042 20
225 1983 358 2054 bat,
405 1982 510 2044 sed
555 1985 758 2045 Didius
801 1985 1058 2046 lulianus
1099 1984 1248 2046 nihil
1292 2003 1425 2044 cum
1474 1985 1737 2044 exercitu
1779 1985 2157 2062 praetoriano

223 2069 591 2148 proficiebat,
627 2087 804 2147 quem
835 2070 1078 2131 cottidie
1123 2068 1379 2148 populus
1422 2077 1480 2128 et
1522 2070 1709 2146 magis
1751 2069 1959 2128 oderat
1990 2078 2047 2128 et
2078 2071 2157 2128 ri-

225 2154 420 2237 debat.
487 2161 545 2214 et
574 2155 833 2216 Iulianus
863 2173 1115 2234 sperans
1142 2155 1389 2214 Laetum
1418 2154 1710 2214 fautorem
1742 2153 1970 2221 Seueri,
2024 2172 2155 2213 cum
2196 2172 2224 2217 2

221 2257 336 2320 per
367 2258 503 2300 eum
534 2240 843 2301 Commodi
874 2259 1084 2301 manus
1116 2241 1423 2308 euasisset,
1457 2239 1729 2316 ingratus
1769 2246 1932 2298 tanto
1975 2237 2155 2299 bene-

185 2385 194 2392 ,
226 2327 360 2386 licio
383 2326 560 2386 iussit
589 2344 721 2386 eum
757 2326 964 2388 occidi.
1011 2327 1184 2386 iussit
1216 2325 1393 2385 etiam
1424 2324 1699 2384 Marciam
1723 2342 1841 2384 una
1884 2324 2153 2384 interfici.

149 2429 197 2468 25
227 2410 336 2470 sed
379 2410 519 2470 dum
550 2410 698 2472 haec
730 2413 850 2490 egit
879 2411 1160 2480 IulianuS,
1196 2410 1457 2471 Seuerus
1488 2409 1734 2469 classem
1753 2409 2155 2471 Rauennatem
2197 2429 2227 2474 3

225 2502 496 2574 occupat,
544 2494 720 2574 legati
761 2504 1036 2564 senatus,
1084 2494 1185 2574 qui
1215 2495 1441 2556 Iuliano
1485 2497 1885 2574 promiserant
1916 2513 2157 2575 operam

227 2599 415 2650 suam,
461 2581 533 2640 ad
567 2581 853 2642 Seuerum
898 2583 1278 2662 transierunt.
1358 2579 1583 2641 Tullius
1615 2580 1950 2660 CrispinuS,
1983 2599 2155 2659 prae·
2198 2598 2229 2644 4

223 2668 420 2727 fectus
446 2668 770 2746 praetorio,
805 2674 1010 2738 contra
1043 2667 1332 2727 Seuerum
1365 2668 1597 2735 missus
1644 2672 1711 2725 ut
1741 2665 1985 2725 classem
2019 2684 2157 2744 pro-

225 2753 492 2821 duceret,
541 2751 816 2831 repulsus
846 2751 1095 2812 Romam
1135 2751 1307 2812 redit.
1400 2750 1547 2811 haec
1594 2769 1727 2810 cum
1769 2750 2028 2811 Iulianus
2070 2751 2157 2808 ui·
2197 2769 2233 2815 5

151 2854 198 2893 30
226 2837 417 2907 deret,
453 2845 722 2898 senatum
753 2839 1003 2914 rogauit,
1047 2843 1113 2897 ut
1157 2839 1419 2914 uirgines
1452 2836 1719 2896 Vestales
1762 2843 1819 2894 et
1848 2836 2035 2896 ceteri
2068 2853 2158 2894 sa·

226 2922 504 2984 cerdotes
546 2941 678 2982 cum
724 2930 934 2984 senatu
977 2921 1213 2983 obuiam
1259 2923 1547 2982 exercitui
1591 2920 1801 2980 Seueri
1852 2919 2159 2998 prodirent

229 3015 287 3068 et
315 3009 649 3088 praetentis
678 3007 880 3071 infulis
910 3015 1210 3086 rogarent,
1258 3008 1500 3066 inanem
1536 3021 1663 3065 rem
1706 3012 1913 3065 contra
1947 3003 2158 3065 barba—

328 3232 360 3279 2
389 3233 477 3278 est
502 3245 595 3280 om.
619 3229 688 3279 M
761 3189 781 3197 ἐ
809 3234 865 3278 et
891 3230 1012 3280 add.
1037 3220 1079 3277 S
1187 3229 1217 3277 5
1243 3227 1613 3291 praestiturus
1636 3225 1687 3274 B
1822 3241 1981 3290 quem
2006 3225 2072 3274 M

229 3332 434 3382 fuisset
457 3331 561 3380 BP
697 3333 757 3380 11
788 3331 1027 3380 catulius
1050 3331 1101 3378 B
1128 3305 1447 3391 catglslinus
1472 3329 1521 3378 P
1558 3369 1563 3372 .
1656 3331 1721 3378 20
1748 3329 1873 3377 dius
1894 3326 1963 3376 P1
2102 3329 2163 3376 21

229 3400 436 3450 cotidie
463 3399 515 3448 B
653 3401 718 3448 24
742 3400 915 3448 marci
939 3414 1196 3448 mannum
1220 3396 1387 3446 BPM
1404 3398 1673 3446 Marciam
1697 3413 1809 3446 una.
1844 3413 1932 3446 em.
1961 3396 2169 3445 Momm-

223 3483 378 3518 senus
518 3468 584 3518 26
606 3467 785 3532 lagati
807 3465 927 3515 BP¹
1065 3469 1128 3516 27
1158 3465 1373 3529 crispus
1396 3464 1462 3512 Pl
1604 3467 1669 3514 ⁵28
1696 3481 1797 3513 con
1821 3463 1923 3511 BP
1944 3480 1987 3512 C.
2016 3459 2087 3510 1³³

225 3537 399 3586 misus
423 3534 476 3584 B
613 3537 680 3585 32
705 3551 816 3583 rem
842 3536 1022 3584 addidi
1716 3562 1719 3568 ·
