2517 3884
1619 2 1766 127 R

603 208 978 266 ANTONINVS
1027 210 1471 268 CARACALLVS.
1532 210 1589 268 C.
1624 214 1789 267 1—4.
2060 206 2184 271 169

237 394 312 438 se
345 378 545 437 omnia
575 378 953 456 permisisse,
1005 378 1252 439 fratrem
1286 376 1362 454 ab
1390 377 1621 439 insidiis
1652 376 1965 448 liberasse,
2023 388 2082 441 et
2108 378 2179 440 il-

233 462 374 523 lum
417 469 620 523 tamen
679 461 792 522 sibi
826 463 1207 539 grauissimas
1260 463 1503 524 insidias
1555 464 1768 527 fecisse
1819 482 1932 524 nec
1982 466 2179 525 uicem

235 548 440 608 amori
469 547 799 608 reddidisse
831 547 1117 609 fraterne.
1196 549 1341 610 Post
1372 547 1485 609 hoc
1514 546 1795 625 relegatis
1824 547 2176 628 deportatis-
2209 554 2256 619 3

235 650 362 710 que
403 633 664 694 reditum
704 634 768 692 in
808 634 1062 712 patriam
1108 634 1383 695 restituit.
1460 632 1600 693 inde
1654 633 1727 693 ad
1768 636 2179 712 praetorianos

175 733 210 775 5
235 719 545 797 processit
575 724 634 779 et
661 719 726 779 in
758 719 968 779 castris
998 722 1235 780 mansit.
1286 718 1471 779 altera
1502 717 1597 778 die
1628 718 1991 797 Capitolium.
2008 720 2175 800 petit,
2214 739 2273 799 2-

237 820 352 863 eos
384 820 536 880 quos
568 802 844 864 occidere
884 803 1135 883 parabat
1175 797 1509 865 adfabiliter
1551 809 1642 863 est
1682 802 1991 865 adlocutus
2022 806 2176 864 inni-
2238 802 2247 808 ”

235 896 502 965 tensque
533 888 858 967 Papiniano
895 895 954 949 et
983 888 1174 951 Ciloni
1204 888 1279 951 ad
1309 886 1597 950 Palatium
1627 888 1801 949 redit.
1845 888 2174 950 cum-flen—
2214 910 2254 958 3-

223 978 364 1034 ‘tem
399 978 655 1033 matrem
685 972 869 1033 Getae
901 974 1154 1036 uidisset
1194 974 1460 1051 aliasque
1490 972 1775 1033 mulieres
1803 982 1939 1053 post
1967 992 2177 1035 necem

231 1060 472 1133 fratriS,
506 1058 794 1120 mulieres
826 1059 1102 1121 occidere
1135 1067 1383 1121 conatus
1416 1065 1536 1126 est,
1583 1058 1688 1119 sed
1720 1058 1798 1119 ob
1829 1058 1943 1119 hoc
1973 1066 2173 1119 reten-

139 1160 202 1200 ιο
233 1150 362 1213 tuS,
400 1160 478 1204 ne
524 1152 842 1222 augeretur
891 1143 1094 1206 fratris
1146 1146 1329 1205 occisi
1380 1141 1719 1204 crudelitas.
1797 1144 2045 1204 Laetum
2104 1143 2177 1205 ad
2211 1165 2249 1213 4

227 1237 503 1310 mortem
535 1230 727 1308 coegit
755 1231 938 1290 misso
971 1248 1002 1290 a
1033 1249 1100 1291 se
1128 1248 1400 1291 ueneno:
1434 1230 1562 1307 ipse
1596 1230 1750 1288 enim
1782 1230 1941 1288 inter
1972 1233 2175 1289 suaso-

227 1332 344 1375 res
375 1314 562 1375 Getae
594 1316 804 1375 mortis
832 1316 1066 1393 primus
1087 1316 1312 1383 fuerat,
1356 1314 1459 1391 qui
1502 1320 1559 1373 et
1588 1314 1820 1392 primus
1847 1315 2174 1392 interemp-

226 1407 337 1459 tus
371 1406 478 1459 est.
555 1400 686 1478 ipse
715 1405 972 1460 mortem
1003 1401 1132 1461 eius
1161 1400 1511 1478 saepissime
1542 1398 1729 1459 fleuit.
1799 1398 2038 1473 multoS,
2076 1399 2188 1479 qui⁸
2212 1418 2247 1467 5

229 1484 449 1545 caedis
480 1485 609 1545 eius
651 1486 876 1545 conscii
907 1486 1162 1555 fuerant,
1193 1486 1521 1545 interemit.
1558 1502 1692 1543 eum
1726 1486 1827 1562 qui
1856 1485 2177 1561 imaginem

141 1584 202 1625 15
233 1570 376 1644 eius
407 1565 1026 1649 honorauit***post
1055 1569 1168 1630 hoc
1198 1571 1448 1630 fratrem
1480 1567 1809 1648 patruelem
1822 1569 2049 1638 Afrum,
2081 1569 2177 1627 cui
2212 1588 2245 1635 6

229 1653 439 1734 pridie
467 1662 671 1733 partes
713 1654 786 1715 de
819 1673 964 1715 cena
993 1656 1256 1725 miserat,
1303 1654 1477 1715 iussit
1522 1652 1732 1714 occidi.
1813 1654 1912 1732 qui
1942 1672 2079 1714 cum
2110 1672 2173 1713 se
2212 1674 2243 1722 τ

227 1740 697 1819 praecipitasset
748 1758 1172 1817 percussorum
1227 1742 1443 1800 timore
1492 1746 1550 1798 et
1602 1737 1675 1797 ad
1717 1757 1967 1800 uxorem
2000 1756 2176 1798 crure

227 1826 433 1885 fracto
468 1825 780 1902 erepisset,
813 1832 1015 1885 tamen
1045 1843 1159 1903 per
1200 1823 1527 1885 ludibrium
1571 1822 2031 1901 percussoribus
2073 1823 2175 1883 de-

228 1907 582 1989 prehensus
645 1916 736 1969 est
794 1917 854 1969 et
913 1911 1164 1970 occisus,
1243 1908 1458 1969 occidit
1518 1908 1692 1967 etiam
1726 1908 2171 1986 Pompeianum,
2212 1928 2247 1976 8

137 2010 199 2049 20
225 1994 423 2055 Marci
453 2001 753 2071 nepotem,
789 2011 862 2053 ex
889 1994 1006 2053 filia
1039 2002 1243 2054 natum
1278 2000 1336 2053 et
1368 2011 1439 2052 ex
1452 1991 1832 2072 Pompeiano,
1868 1994 1962 2053 cui
1990 2000 2177 2070 nupta

226 2080 436 2139 fuerat
477 2077 704 2139 Lucilla
744 2086 884 2157 post
939 2087 1198 2160 mortem
1241 2079 1383 2138 Veri
1432 2078 1844 2156 imperatoris,
1907 2093 2084 2152 quem
2118 2084 2177 2135 et

231 2162 552 2225 consulem
577 2162 673 2223 bis
701 2163 926 2223 fecerat
957 2170 1015 2223 et
1047 2162 1327 2224 omnibus
1350 2160 1526 2223 bellis
1549 2167 2000 2241 praeposuerat,
2023 2179 2175 2239 quae

227 2250 594 2326 grauissima
635 2256 780 2308 tunc
822 2248 1094 2317 fuerunt,
1155 2255 1212 2307 et
1247 2248 1341 2307 ita
1403 2245 1643 2323 quidem
1688 2254 1754 2307 ut
1793 2244 2099 2309 uideretur
2142 2247 2176 2305 a

229 2332 576 2394 latronibus
606 2334 1025 2413 interemptus.
1075 2333 1224 2394 Dein
1268 2329 1334 2392 in
1378 2339 1703 2410 conspectu
1744 2332 1873 2391 eius
1902 2331 2175 2410 Papinia-
2204 2336 2256 2400 4

141 2432 204 2473 25
231 2436 357 2479 nus
389 2419 589 2478 securi
618 2435 942 2497 percussus
974 2436 1006 2477 a
1047 2416 1337 2479 militibus
1380 2424 1439 2477 et
1484 2418 1717 2497 occisus
1756 2424 1864 2477 est..
1942 2435 2057 2495 quo
2090 2418 2177 2477 fa*

233 2511 338 2564 cto
368 2504 719 2581 percussori
760 2501 936 2563 dixit:
1001 2501 1234 2563 ‘Gladio
1278 2510 1337 2563 te
1392 2502 1637 2579 exsequi
1681 2502 1944 2581 oportuit
1972 2520 2173 2562 meum

232 2590 521 2648 iussum'.
599 2588 834 2648 occisus
894 2595 986 2648 est
1031 2589 1207 2649 etiam
1264 2588 1391 2647 eius
1442 2588 1613 2647 iussu
1656 2587 1975 2647 Patruinus
2034 2593 2169 2647 ante
2206 2600 2243 2649 2

233 2672 533 2751 templum
566 2672 669 2734 diu
709 2672 830 2741 Pii,
869 2679 1178 2750 tractaque
1220 2679 1360 2732 sunt
1410 2688 1617 2733 eorum
1648 2691 1759 2750 per
1786 2672 2045 2751 plateam
2078 2690 2172 2731 ca-

234 2757 464 2817 dauera
499 2759 626 2817 sine
661 2756 855 2835 aliqua
905 2755 1290 2817 humanitatis
1332 2758 1691 2817 reuerentia.
1768 2756 1953 2815 filium
2000 2757 2173 2815 etiam

148 2857 206 2895 30
231 2843 570 2921 Papiniani,
607 2844 710 2918 qui
754 2849 890 2902 ante
921 2842 1187 2902 triduum
1231 2849 1511 2919 quaestor
1555 2840 1907 2919 opulentum
1956 2857 2178 2901 munus

336 2996 363 3043 1
394 2994 661 3059 permisse
687 2991 816 3044 BP¹
979 2996 1010 3043 2
1037 2990 1162 3057 sibi]
1194 2956 1241 3042 si
1266 2993 1323 3042 in
1346 2992 1398 3041 B
1557 2994 1589 3041 3
1613 2990 1867 3056 religatis
1889 2990 1995 3040 BP
2143 2992 2177 3039 6

225 3063 454 3113 locutus
480 3061 641 3110 BPM
777 3064 808 3111 7
835 3060 1078 3125 papiano
1102 3060 1206 3110 BP
1340 3059 1525 3111 Giloni
1548 3057 1612 3109 M
1749 3060 1813 3109 10
1837 3075 1905 3109 ne
1932 3075 2023 3111 om.
2051 3056 2171 3107 BP*

230 3129 378 3192 (add.
407 3127 565 3192 P³M)
704 3130 770 3178 14
803 3144 1034 3192 eumque
1061 3134 1117 3178 et
1142 3128 1305 3193 imag.
1333 3128 1398 3177 M
1536 3128 1599 3177 15
1630 3134 1749 3190 post
1779 3126 2075 3177 honorauit
2099 3130 2171 3177 la-

229 3214 409 3248 cunam
431 3198 717 3261 siqnificaui
866 3196 1163 3249 honorabit
1187 3196 1292 3245 BP
1444 3196 1505 3245 17
1528 3208 1913 3260 percussurum
1939 3196 2040 3245 BP

233 3267 298 3317 18
322 3264 629 3333 erepsisset
654 3264 721 3313 M
854 3279 954 3329 per
984 3263 1259 3314 latebram
1284 3262 1577 3315 Mommsen.
1649 3278 1742 3328 eqo
1766 3265 1963 3314 conieci
1983 3268 2172 3313 tamen

231 3332 656 3397 percussoribus
681 3330 1060 3397 deprehensus
1091 3336 1178 3381 est
1203 3336 1260 3381 et
1286 3346 1385 3396 per
1408 3330 1705 3381 ludibrium
1730 3332 1945 3383 occisus
2104 3334 2167 3380 21

231 3400 480 3450 lucillam
503 3397 632 3449 BP¹
738 3402 808 3449 24
832 3400 1106 3464 papianus
1130 3398 1256 3449 BP¹
1362 3400 1429 3448 26
1453 3400 1618 3448 iussit
1641 3396 1713 3447 Β1
1819 3404 2047 3465 patrous
2071 3398 2180 3447 BP

231 3469 532 3517 Petronius
566 3466 630 3515 M
663 3484 752 3517 em.
785 3467 1046 3531 Borghesi
1074 3483 1279 3518 memor.
1314 3468 1430 3517 dell'
1463 3468 1619 3517 instit.
1651 3483 1710 3530 p.
1734 3470 1836 3533 271
1974 3468 2039 3516 29
2074 3480 2171 3515 au-

232 3540 346 3585 tem
367 3536 438 3585 M
569 3537 635 3585 30
657 3535 888 3599 papiani
911 3532 1036 3584 BP¹
1063 3550 1108 3583 c.
1133 3532 1203 3583 P³
