2517 3884
293 173 338 237 4
979 179 1151 234 AELH
1197 177 1543 234 SPARTIANI

296 346 451 406 redit
479 363 547 406 ac
577 344 773 405 statim
806 343 1072 404 militiam
1103 345 1248 411 iniit,
1276 343 1550 403 uenando
1580 360 1770 420 usque
1795 343 1868 403 ad
1898 341 2231 422 reprehen-

228 446 259 496 2
296 433 526 492 sionem
567 429 878 490 studiosus
960 445 1143 505 quare
1190 447 1221 488 a
1256 429 1512 488 Traiano
1545 428 1835 489 abductus
1877 447 1908 488 a
1938 430 2132 507 patria
2175 437 2236 490 et

197 561 213 570 r
293 535 405 596 pro
437 515 555 576 lilio
586 513 823 575 habitus
856 531 965 574 nec
996 512 1185 573 multo
1215 520 1354 591 post
1384 512 1690 573 decemuir
1733 511 1935 574 litibus
1965 512 2232 574 iudican-

296 602 387 662 dis
418 601 589 662 datus
621 606 798 675 atque
828 597 968 658 inde
999 597 1280 659 tribunus
1310 597 1608 658 secundae
1629 597 1950 659 Adiutricis
1980 597 2236 675 legionis

226 703 259 748 3
295 693 546 746 creatus.
595 691 730 763 post
759 683 872 743 hoc
903 685 962 742 in
996 683 1340 743 inferiorem
1372 682 1651 742 Moesiam
1683 682 2002 743 translatus
2035 690 2230 744 extre·
2288 697 2314 736 5

223 785 258 833 4
292 772 407 832 mis
437 773 554 830 iam
569 768 888 829 Domitiani
919 766 1310 845 temporibus,
1345 768 1428 828 ibi
1458 785 1491 827 a
1522 766 1940 828 mathematico
1973 767 2235 845 quodam

292 855 367 916 de
412 855 616 916 futuro
660 854 915 932 imperio
958 851 1018 912 id
1072 851 1292 912 dicitur
1335 853 1682 930 conperisse
1739 851 1898 929 quod
1940 871 1969 911 3
2017 860 2234 930 patruo

290 957 508 1017 magno
550 935 717 1000 Aelio
760 937 1061 997 Hadriano
1102 937 1319 1016 peritia
1363 935 1704 996 caelestium
1749 935 2002 997 callente
2054 954 2232 1015 prae·

225 1039 257 1089 5
293 1025 516 1085 dictum
566 1041 697 1083 esse
738 1029 1113 1100 conpererat.
1189 1021 1447 1083 Traiano
1505 1041 1538 1083 a
1579 1021 1776 1082 Nerua
1827 1021 2109 1100 adoptato
2159 1022 2232 1082 ad

292 1108 749 1187 gratulationem
803 1109 1100 1166 exercitus
1152 1108 1370 1167 missus
1423 1107 1800 1168 Germaniam
1853 1108 2231 1185 superiorem
2260 1122 2310 1161 10

60 1247 75 1278 l,
225 1207 257 1256 6
293 1192 615 1254 translatus
648 1199 755 1251 est.
822 1209 897 1250 ex
940 1208 1055 1268 qua
1086 1193 1373 1253 festinans
1418 1191 1489 1252 ad
1521 1191 1871 1260 Traianum,
1905 1199 1972 1252 ut
2001 1193 2231 1270 primus

108 1317 229 1332 ..ψ-.-
292 1279 592 1339 nuntiaret
626 1293 935 1337 excessum
962 1275 1225 1346 Neruae,
1258 1287 1293 1336 a
1325 1277 1633 1344 Seruiano,
1670 1277 1896 1336 sororis
1932 1277 2082 1355 uiro,
2109 1275 2231 1356 (qui

17 1375 27 1388 ·
294 1371 352 1423 et
383 1359 719 1441 sumptibus
750 1369 809 1421 et
839 1378 977 1422 aere
1009 1361 1202 1420 alieno
1236 1363 1364 1421 eius
1391 1361 1630 1440 prodito
1662 1361 1902 1422 Traiani
1935 1360 2136 1422 odium
2166 1363 2230 1421 in

294 1465 429 1508 eum
460 1443 665 1523 mouit)
698 1445 802 1506 diu
833 1445 1108 1505 detentus
1147 1447 1460 1522 fractoque
1491 1443 1758 1507 consulte
1799 1443 2076 1506 uehiculo
2107 1451 2227 1506 tar-

292 1532 481 1600 datus,
507 1527 758 1609 pedibus
788 1531 905 1590 iter
933 1531 1163 1590 faciens
1194 1530 1463 1591 eiusdem
1487 1530 1760 1592 Seruiani
1782 1528 2225 1591 beneficiarium
2257 1543 2307 1582 15

225 1632 255 1680 ’1
293 1616 616 1678 anteuenit.
692 1615 922 1691 fuitque
963 1616 1025 1674 in
1068 1632 1271 1674 amore
1313 1614 1582 1684 Traiani,
1629 1633 1739 1676 nec
1778 1622 1978 1676 tamen
2027 1615 2080 1674 ei
2121 1633 2232 1692 per

291 1701 664 1780 paedagogos
693 1716 1041 1778 puerorum,
1076 1716 1225 1776 quos
1255 1700 1548 1760 Traianus
1577 1701 1888 1780 inpensius
1919 1697 2226 1776 diligebat,

224 1801 257 1850 8
291 1783 519 1865 †Gallo
550 1785 787 1844 fauente
812 1783 1023 1845 defuit.
1073 1801 1191 1861 quo
1218 1784 1456 1861 quidem
1489 1793 1758 1864 tempore
1785 1803 1917 1845 cum
1941 1783 2230 1844 sollicitus

292 1869 367 1930 de
406 1871 783 1948 imperatoris
830 1886 969 1946 erga
1002 1886 1065 1929 se
1096 1868 1348 1939 iudicio,
1384 1869 1755 1948 Vergilianas
1786 1877 1980 1931 sortes
2011 1885 2221 1930 consu·

294 1954 464 2024 leret,
2254 1968 2304 2007 20

104 2043 272 2132 ὲοθςῑηζῐ
427 2039 573 2110 Quis
601 2036 809 2116 procul
839 2037 939 2098 ille
972 2047 1169 2099 autem
1200 2005 1384 2100 ramis
1414 2041 1667 2117 insignis
1697 2039 1887 2099 oliuae

422 2141 587 2184 sacra
617 2124 850 2183 ferens?
884 2140 1063 2183 nosco
1097 2124 1293 2185 crines
1324 2126 1654 2202 incanaque
1685 2130 1884 2184 menta

101 2251 249 2270 η,-
417 2211 577 2286 regis
606 2198 859 2268 Romani
886 2209 1139 2286 primam
1173 2211 1276 2286 qui
1304 2209 1536 2288 legibus
1567 2208 1777 2270 urbem

415 2291 719 2362 fundabit,
755 2292 1008 2354 Curibus
1038 2295 1239 2373 paruis
1272 2302 1331 2354 et
1360 2311 1626 2373 paupere
1658 2301 1816 2354 terra

417 2378 639 2438 missus
666 2378 729 2436 in
760 2378 1079 2457 imperium
1112 2396 1420 2456 magnum,
1457 2379 1552 2437 cui
1583 2377 1798 2436 deinde
1829 2361 2074 2444 subibit,
2251 2391 2304 2431 25

290 2480 424 2523 sors
457 2457 692 2531 excidit,
720 2479 896 2539 quam
929 2462 1027 2522 alii
1058 2481 1130 2522 ex
1156 2461 1455 2542 Sibyllinis
1486 2461 1762 2522 uersibus
1788 2461 1842 2520 ei
1874 2463 2226 2559 prouenisse

222 2556 255 2604 9
292 2547 587 2608 dixerunt.
650 2545 856 2608 habuit
886 2554 1084 2608 autem
1117 2547 1660 2626 praesumptionem
1691 2547 1929 2624 imperii
1960 2564 2097 2605 mox
2130 2548 2224 2606 fu-

288 2633 408 2692 turi
450 2650 523 2691 ex
566 2633 703 2692 fano
755 2648 993 2708 quoque
1036 2632 1318 2692 Niceforii
1372 2631 1530 2691 louis
1582 2637 1856 2691 manante
1909 2647 2224 2709 responso,

392 2819 418 2866 1
448 2817 905 2882 praehensionem
934 2815 1046 2864 ΒΜ
1077 2830 1254 2880 usque
1281 2814 1354 2864 ad
1377 2815 1592 2882 repreh.
1620 2817 1669 2866 P
1693 2815 1822 2880 (que
1850 2815 1921 2866 ad
1947 2833 2004 2868 re
2039 2819 2092 2866 in
2115 2833 2222 2868 rcw.

288 2900 471 2936 erasae
494 2892 661 2935 tamen
680 2886 918 2933 uidentur·
941 2885 1157 2948 quinque
1182 2886 1518 2935 tantummodo
1543 2885 1768 2948 litterae)
1792 2885 1842 2933 V
1949 2888 1980 2936 2
2007 2886 2226 2935 troiano

286 2951 359 3001 Β1
398 2952 515 3015 (sic)
661 2954 693 3001 3
726 2950 1042 3002 indicandis
1075 2950 1127 3000 B
1273 2955 1307 3002 4
1341 2951 1583 3003 secunde
1608 2953 1660 3002 B
1807 2955 1838 3004 5
1871 2952 1977 3003 hec
2013 2953 2059 3002 P
2195 2954 2226 3001 6

288 3018 609 3069 domitianis
631 3018 735 3068 BP
756 3018 830 3081 (in
856 3034 954 3086 quo
982 3034 1007 3068 s
1032 3035 1167 3070 eras.
1196 3019 1303 3083 est)
1435 3020 1792 3072 mathemtico
1826 3023 1876 3071 V
2007 3021 2040 3072 8
2067 3036 2224 3085 pere-

286 3093 374 3138 rat
408 3089 461 3137 V
462 3087 473 3119 ¹
502 3092 852 3152 persenserat
884 3087 938 3136 V
936 3086 956 3118 ³²
1092 3089 1123 3138 9
1148 3087 1207 3138 in
1230 3094 1351 3162 ante
1377 3088 1727 3140 Germaniam
1751 3091 1873 3142 add.
1894 3087 2030 3138 P³V
2162 3091 2226 3139 14

287 3155 469 3205 fracto
494 3155 545 3203 P
566 3153 716 3216 (teste
749 3155 992 3218 Jordan.)
1134 3158 1197 3208 15
1228 3155 1620 3208 ueneficiarum
1643 3156 1714 3206 B¹
1727 3157 1784 3206 V
1809 3155 2222 3206 ueneficiarium

285 3221 363 3271 B²
396 3220 802 3285 ueneficiallllll
829 3225 879 3272 P
910 3223 1181 3276 beneficio
1206 3225 1272 3275 M
1301 3241 1392 3278 em.
1424 3225 1464 3276 C
1599 3227 1662 3274 16
1699 3224 1752 3276 ei
1786 3227 1930 3275 deest
1959 3227 2013 3274 in
2035 3225 2087 3274 B

288 3291 352 3339 17
387 3288 706 3354 pedagogos
737 3290 783 3340 B
930 3294 994 3342 18
1028 3292 1190 3343 Gallo
1223 3293 1474 3344 faciente
1515 3292 1730 3343 inuidia
1766 3291 1948 3342 defuit
1983 3292 2024 3343 G
2057 3292 2223 3344 male·

288 3356 543 3406 fauentia
572 3357 645 3408 Gr
749 3360 812 3408 19
836 3359 1018 3425 uirgil.
1046 3359 1115 3410 P³
1141 3361 1183 3422 (i
1206 3363 1258 3410 in
1282 3361 1413 3424 ras.)
1521 3361 1836 3412 consuleret
1861 3364 2042 3410 sortes
2074 3363 2127 3410 V

247 3426 265 3442 ‘
284 3425 354 3473 24
385 3424 645 3476 fundauit
676 3425 900 3477 BPVM
928 3443 1017 3478 em.
1057 3429 1097 3478 C
1130 3445 1202 3479 eoe
1233 3429 1360 3493 Rey.
1511 3431 1577 3480 26
1611 3429 1888 3493 sybillinis
1920 3428 2024 3478 BP
2157 3430 2222 3479 27

287 3494 755 3558 presumptionem
778 3494 829 3544 B
967 3498 1033 3547 28
1058 3496 1358 3548 nicheforii
1389 3498 1442 3546 V
