2517 3884
371 195 494 259 188
1081 198 1213 254 IVLI
1253 196 1621 255 CAPITOLINI

304 380 334 428 7
371 368 552 448 mine,
587 367 672 425 sic
705 366 882 425 etiam
913 366 1084 441 regni
1114 364 1363 424 honore.
1423 364 1583 441 quod
1616 382 1741 433 uos,
1773 382 1831 443 p.
1868 383 1941 435 c.,
1986 364 2145 425 bono
2178 366 2305 427 fau·

373 458 586 527 stoque
617 451 819 509 omine
865 448 1208 527 adprobetis
1237 450 1526 527 petimuS,
1575 468 1649 508 ne
1680 450 1853 511 uobis
1883 450 2036 509 desit
2062 449 2307 510 Antoni-

303 549 336 597 8
373 554 590 597 norum
620 552 858 603 nomen,
893 532 1052 611 quod
1084 535 1341 594 maxime
1374 533 1681 611 diligitis.“
1740 534 1891 595 Item
1922 536 2108 595 infra:
2144 536 2303 604 „An-

371 621 576 682 tonino
609 626 804 681 autem
849 618 1084 678 diuinos
1127 618 1393 679 honores
1438 627 1495 679 et
1539 618 1710 680 miles
1756 620 2051 689 decreuit,
2098 627 2157 681 et
2197 637 2308 680 nos

371 706 754 767 decernimus
798 710 858 763 et
899 722 1038 773 uos,
1081 722 1139 782 p.
1175 723 1259 772 c.,
1308 710 1374 763 ut
1416 703 1779 774 decernatis,
1828 722 1965 765 cum
2008 706 2307 783 possimus
2356 720 2391 763 5

369 790 754 869 imperatorio
785 790 920 849 iure
951 790 1333 867 praecipere,
1378 794 1579 849 tamen
1621 806 1901 868 rogamus
1942 788 2209 851 dicantes
2252 797 2309 849 et

372 876 520 935 duas
565 880 788 933 statuas
845 881 1188 949 equestreS,
1245 873 1557 952 pedestres
1601 874 1748 934 duas
1789 874 1997 934 habitu
2049 874 2307 943 militari,

372 959 654 1021 sedentes
685 957 851 1018 ciuili
881 957 1091 1019 habitu
1123 957 1287 1025 duas,
1324 960 1468 1017 item
1500 958 1639 1018 diuo
1672 958 1901 1019 Seuero
1926 959 2069 1041 duas
2099 961 2308 1020 trium-

303 1060 334 1107 9
372 1043 599 1123 phales,
695 1060 846 1120 quae
887 1044 1116 1111 omnia,
1160 1061 1220 1121 p.
1257 1061 1330 1111 c.,
1375 1061 1487 1103 uos
1529 1043 1768 1122 impleri
1809 1044 2095 1104 iubebitis
2136 1044 2309 1104 nobis

300 1134 336 1196 7
370 1129 649 1206 religiose
680 1146 790 1207 pro
822 1128 1126 1207 prioribus
1163 1125 1633 1188 ambientibuS.“
1685 1128 1881 1189 Lectis
1912 1129 2091 1207 igitur
2120 1130 2185 1188 in
2206 1147 2306 1189 se·
2338 1148 2393 1186 10

372 1222 516 1274 natu
547 1213 766 1273 litteris
797 1219 1004 1275 contra
1037 1213 1380 1291 opinionem
1428 1215 1693 1273 omnium
1738 1220 1797 1273 et
1838 1221 2091 1274 mortem
2123 1214 2305 1274 Anto-

370 1299 499 1359 nini
542 1306 782 1358 senatus
825 1304 1128 1374 gratanter
1171 1297 1402 1375 accepit
1444 1304 1503 1357 et
1547 1296 1808 1376 Opilium
1856 1299 2185 1359 Macrinum
2239 1298 2308 1357 li-

373 1384 669 1444 bertatem
700 1381 1003 1461 publicam
1037 1389 1389 1444 curaturum
1432 1400 1680 1460 sperans
1723 1384 1985 1461 primum
2023 1385 2085 1443 in
2128 1385 2310 1461 patri-

373 1469 499 1528 cios
531 1466 749 1543 allegit,
783 1483 1007 1526 nouum
1039 1466 1347 1527 hominem
1381 1474 1439 1525 et
1471 1469 1570 1543 qui
1615 1467 1793 1545 paulo
1842 1475 1977 1528 ante
2022 1485 2308 1545 procura-

304 1566 336 1613 2
375 1560 469 1611 tor
498 1552 770 1629 priuatae
800 1550 1033 1611 fuisset.
1101 1551 1391 1618 eundem,
1437 1570 1574 1611 cum
1619 1551 1815 1612 scriba
1845 1553 2183 1631 pontificius
2214 1571 2307 1613 es·
2340 1571 2394 1610 15

327 1644 497 1706 ·set,
553 1654 703 1713 quos
755 1633 932 1694 hodie
986 1635 1301 1712 pontifices
1350 1636 1616 1695 minores
1666 1644 1912 1706 uocant,
1965 1638 2311 1715 pontificem

303 1736 336 1782 3
371 1722 699 1781 maximum
733 1718 1054 1797 appellauit
1083 1720 1174 1779 Pii
1205 1722 1448 1779 nomine
1480 1720 1741 1781 decreto.
1779 1721 1881 1781 diu
1911 1729 2111 1782 tamen
2140 1720 2312 1783 lectis

372 1805 610 1873 litteriS,
645 1822 781 1863 cum
827 1805 1068 1863 omnino
1113 1822 1291 1863 nemo
1336 1804 1615 1865 crederet
1657 1804 1730 1865 de
1773 1806 2056 1866 Antonini
2096 1812 2309 1874 morte,

302 1905 338 1953 4
374 1888 675 1950 silentium
705 1889 834 1949 fuit.
909 1888 1014 1949 sed
1045 1894 1431 1966 posteaquam
1478 1891 1743 1951 constitit
1786 1892 2070 1960 occisum,
2134 1908 2307 1951 sena-

372 1982 472 2035 tus
500 1975 560 2033 in
597 1990 732 2033 eum
776 1972 936 2033 uelut
977 1975 1036 2032 in
1069 1980 1386 2053 tyrannum
1418 1975 1693 2034 inuectus
1726 1984 1835 2035 est.
1898 1976 2159 2053 denique
2189 1984 2307 2036 sta·
2340 1995 2394 2033 20

373 2060 480 2119 tim
512 2058 774 2119 Macrino
809 2064 868 2117 et
896 2057 1330 2135 proconsulare
1358 2060 1679 2137 imperium
1713 2066 1771 2119 et
1798 2068 2157 2139 potestatem
2200 2063 2310 2120 tri-

372 2143 674 2205 buniciam
709 2142 1068 2203 detulerunt.

299 2243 334 2291 5
498 2228 716 2288 Filium
770 2245 911 2287 sane
973 2246 1175 2296 suum,
1233 2246 1367 2287 cum
1419 2230 1551 2305 ipse
1602 2228 1817 2289 Felicis
1870 2248 2090 2289 nomen
2135 2248 2310 2289 rece-

370 2313 588 2391 pisset,
633 2319 700 2371 ut
742 2312 1150 2389 suspicionem
1195 2313 1378 2370 occisi
1432 2330 1463 2370 a
1508 2330 1573 2371 se
1614 2314 1895 2372 Antonini
1940 2322 2309 2383 remoueret‚

367 2396 732 2456 Antoninum
759 2397 1017 2462 uocauit,
1035 2394 1467 2453 Diadumenum
1491 2403 1660 2455 antea
1685 2395 1927 2457 dictum.
1964 2394 2150 2475 [quod
2176 2401 2311 2475 qui·
2342 2414 2397 2454 25

300 2493 332 2539 6
371 2479 506 2538 dem
541 2476 790 2557 nomen]
838 2479 1012 2537 etiam
1050 2478 1256 2537 Varius
1297 2478 1743 2554 Heliogabalus,
1793 2481 1894 2555 qui
1940 2498 2004 2539 se
2035 2480 2313 2542 Bassiani

369 2562 562 2622 tilium
592 2563 852 2631 diceret,
899 2560 1090 2621 homo'
1126 2562 1573 2623 sordidissimus
1616 2571 1674 2623 et
1706 2582 1777 2623 ex
1809 2566 2130 2625 meretrice
2164 2585 2311 2627 con·

300 2662 333 2709 7
371 2654 598 2725 ceptus,
631 2646 792 2706 idem
824 2652 1030 2725 postea
1062 2664 1285 2706 nomen
1328 2648 1573 2726 accepit.
1651 2649 1908 2725 denique
1946 2668 2161 2711 uersus
2206 2670 2311 2711 ex-

369 2738 498 2793 tant
529 2731 834 2792 cuiusdam
865 2738 1107 2810 poetae,
1143 2729 1357 2807 quibus
1390 2733 1740 2803 ostenditur,
1773 2735 2057 2795 Antonini
2086 2754 2311 2795 nomen

369 2818 644 2901 coepisse
675 2837 708 2878 a
739 2816 843 2876 Pio
878 2823 936 2875 et
967 2817 1248 2894 paulatim
1291 2834 1401 2894 per
1443 2818 1775 2879 Antoninos
1818 2837 2012 2897 usque
2056 2821 2128 2880 ad
2174 2840 2305 2881 sor·
2338 2837 2391 2875 30

368 2902 479 2962 des
502 2902 742 2963 ultimas
764 2902 1135 2980 peruenisse,
1166 2902 1216 2961 si
1241 2901 1483 2980 quidem
1515 2902 1677 2964 solus
1710 2904 1945 2965 Marcus
1986 2924 2205 2965 nomen
2234 2905 2309 2965 il-

366 2986 473 3046 lud
505 2994 778 3049 sanctum
809 2989 968 3047 uitae
999 2985 1222 3063 genere
1253 2988 1491 3047 auxisse
1534 2988 1841 3058 uideatur,
1875 2989 2063 3049 Verus
2108 2997 2311 3050 autem

369 3071 786 3149 degenerasse,
823 3071 1184 3134 Commodus
1215 3090 1365 3132 uero
1400 3074 1575 3133 etiam
1606 3073 1894 3152 polluisse
1938 3076 2155 3135 sacrati
2198 3093 2307 3133 no-

473 3240 499 3287 1
529 3240 753 3303 regione
779 3239 904 3291 hon.
931 3238 1013 3289 B1
1151 3244 1182 3291 2
1207 3241 1425 3291 homine
1451 3241 1580 3291 BP¹
1720 3245 1751 3292 5
1776 3243 2119 3293 decreuimus
2142 3242 2205 3292 M

365 3308 396 3357 7
423 3305 595 3371 pedes
618 3306 787 3357 BPM
917 3311 948 3358 9
971 3308 1250 3360 iubebetis
1275 3308 1379 3357 BP
1398 3310 1585 3360 iubete
1611 3312 1679 3361 M
1786 3312 1850 3361 10
1874 3311 2229 3361 anbientibus
2253 3310 2310 3359 B

472 3375 534 3423 12
561 3374 863 3439 gradanter
886 3374 1021 3425 B¹P
1157 3378 1220 3427 15
1246 3376 1541 3441 pontificus
1566 3380 1668 3428 BP
1690 3376 2007 3443 pontificum
2031 3379 2099 3427 M
2123 3379 2308 3443 ponti-

365 3440 527 3491 ficius
549 3444 738 3505 scripsi
873 3446 938 3493 20
962 3444 1022 3493 in
1045 3461 1138 3495 om.
1165 3444 1217 3493 B
1233 3443 1250 3477 ¹
1390 3446 1452 3494 21
1488 3446 1935 3509 proconsularem
1958 3444 2087 3495 BP¹
2236 3447 2307 3495 25

367 3509 515 3573 quod
542 3510 760 3574 quidem
784 3526 984 3562 nomen
1003 3514 1170 3563 delent·
1273 3514 1338 3562 26
1362 3514 1614 3564 uassiani
1637 3514 1689 3564 B
1788 3516 1853 3565 33
1880 3514 2125 3563 sacranti
2146 3510 2305 3561 B¹P¹
