2517 3884
729 183 1140 244 -PESCENNIVS
1181 185 1397 244 NIGER.
1458 187 1516 245 C.
1544 190 1713 245 3-5,
2079 183 2200 248 147

251 352 618 422 ambitione„
652 352 809 432 quod
842 355 1065 414 nostris
1094 371 1218 415 non
1249 357 1535 416 conuenit
1563 353 1861 426 morihuS,
1926 356 2031 417 sed
2062 358 2189 418 uir-

249 445 380 499 tute
411 439 652 498 uenisse
683 437 758 498 ad
789 455 924 498 eum
966 437 1164 500 locum
1209 456 1384 517 quem
1430 459 1577 502 auus
1622 459 1794 501 meus
1826 440 2184 513 Hadrianus

253 541 433 603 quem
466 523 762 584 Traianus
790 542 1060 603 proauus
1089 543 1208 584 non
1252 526 1371 585 nisi
1421 525 1909 605 exploratissimis
1940 526 2181 589 dabat.“

253 609 336 670 De
385 608 503 669 hoc
547 608 755 670 eodem
797 609 1195 670 Commodus:
1243 610 1685 680 „Pescennium
1726 612 1941 672 fortem
1984 613 2186 675 uirum
2222 621 2257 669 4

203 711 228 754 5
253 695 394 754 noui
437 701 496 754 et
528 695 584 754 ei
611 693 952 756 tribunatus
982 697 1100 756 iam
1135 694 1287 756 duos
1320 696 1484 756 dedi:
1530 697 1809 758 ducatum
1838 715 1978 758 mox
2010 697 2183 767 dabo,

251 779 353 840 uhi
393 798 508 859 per
549 787 922 840 senectutem
949 780 1152 841 Aelius
1183 781 1535 843 Corduenus
1577 801 1707 842 rem
1736 800 1794 861 p.
1830 801 2183 844 recussaue·

252 867 397 925 rit.“
474 865 621 925 haec
653 865 728 924 de
761 884 833 925 eo
863 865 1080 926 iudicia
1113 868 1384 927 omnium
1423 867 1686 928 fuerunt.
1750 867 1867 928 Sed
1900 874 1960 928 et
1991 867 2177 930 Seue·
2216 877 2249 924 5

249 969 356 1012 rus
383 952 514 1029 ipse
543 967 721 1029 saepe
753 950 919 1018 dixit,
953 952 1297 1028 ignoturum
1331 969 1396 1011 se
1426 953 1777 1022 Pescennio,
1831 954 1945 1014 nisi
1974 967 2183 1032 perse·

247 1043 504 1096 ueraret.
582 1053 614 1094 a
647 1035 976 1097 Commodo
1017 1036 1277 1114 denique
1324 1036 1693 1098 Pescennius
1735 1037 1943 1098 consul
1987 1039 2181 1100 decla·
2220 1046 2251 1093 6

177 1139 226 1178 10
249 1129 416 1182 ratus
435 1121 675 1182 Seuero
704 1123 1090 1200 praepositus
1122 1128 1229 1191 est,
1280 1128 1341 1182 et
1369 1121 1609 1200 quidem
1650 1124 1823 1192 irato,
1869 1123 2026 1200 quod
2057 1126 2181 1202 pri-

249 1204 624 1286 mipilaribus
665 1206 1220 1268 commendantibus
1274 1206 1651 1288 consulatum
1693 1207 1877 1284 Niger
1916 1227 2182 1270 merere-

251 1298 364 1352 tur.
443 1293 508 1352 in
542 1292 663 1351 uita
696 1310 802 1352 sua
835 1290 1098 1353 Seuerus
1128 1292 1298 1362 dicit,
1346 1310 1443 1362 se,
1478 1293 1829 1371 priusquam
1862 1291 1967 1352 filii
1998 1294 2093 1355 sui
2120 1293 2181 1354 id
2218 1302 2247 1350 7

247 1379 460 1438 aetatis
501 1375 824 1446 haherent,
881 1384 950 1438 ut
996 1379 1298 1456 imperare
1348 1383 1625 1456 possent,
1680 1384 2091 1455 aegrotantem
2119 1378 2181 1439 id

244 1465 309 1522 in
339 1463 539 1522 animo
569 1460 883 1531 hahuisse,
917 1468 1000 1532 ut,
1037 1464 1088 1523 si
1119 1462 1257 1540 quid
1290 1461 1595 1523 fortesihi
1625 1462 1965 1532 accidisset,
1998 1461 2181 1542 Niger

14 1529 16 1532 ’
84 1581 88 1585 -
173 1565 222 1604 15
245 1548 616 1608 Pescennius
676 1547 886 1607 eodem
949 1553 1008 1606 et
1038 1546 1280 1610 Clodius
1309 1546 1559 1609 Albinus
1590 1548 2016 1617 succederent,
2080 1551 2180 1626 qui
2270 1543 2273 1546 ’

247 1632 422 1693 ambo
457 1631 683 1692 Seuero
715 1633 1054 1710 grauissimi
1082 1632 1289 1693 hostes
1320 1634 1661 1693 extiterunt.
1720 1633 1881 1693 unde
1912 1641 2178 1712 apparet,
2216 1641 2249 1689 8

247 1717 404 1797 quod
437 1718 615 1777 etiam
648 1717 860 1778 Seueri
902 1717 976 1778 de
1007 1718 1339 1778 Pescennio
1378 1718 1665 1779 iudicium
1699 1719 1899 1779 fuerit.
1978 1719 2043 1780 Si
2076 1719 2179 1780 Se·
2212 1715 2255 1779 5

161 1851 166 1854 .
245 1821 394 1864 uero
445 1802 764 1872 credimUS,
826 1803 940 1863 fuit
981 1801 1204 1880 gloriae
1248 1803 1498 1881 cupidus
1541 1803 1754 1880 Niger,
1806 1804 1925 1864 uita
1984 1804 2178 1874 fictuS,

245 1888 515 1949 moribus
545 1891 756 1967 turpis,
793 1889 1000 1948 aetatis
1029 1894 1371 1967 prouectae,
1407 1906 1539 1970 cum
1568 1889 1632 1947 in
1661 1889 1981 1966 imperium
2010 1890 2179 1949 inua-

172 1989 222 2028 20
246 1975 340 2034 sit.
377 1991 448 2033 ex
479 1990 598 2051 quo
629 1972 980 2052 cupiditates
1010 1973 1136 2033 eius
1164 1974 1425 2041 incusat,
1452 1973 1705 2051 proinde
1738 1975 1907 2049 quasi
1922 1973 2181 2035 Seuerus

245 2060 443 2118 minor
467 2057 542 2118 ad
565 2060 888 2136 imperium
912 2059 1166 2127 uenerit,
1189 2059 1293 2136 qui
1316 2075 1507 2118 annos
1534 2075 1685 2117 suos·
1702 2056 2015 2127 contrahit,
2044 2076 2178 2116 cum

213 2143 452 2206 decem
479 2151 537 2204 et
568 2150 701 2204 octo
727 2143 898 2204 annis
928 2144 1252 2222 imperauit
1284 2151 1339 2203 et
1373 2145 1780 2218 octogensimo
1812 2159 1970 2201 nono
2001 2145 2177 2220 perit.

376 2229 533 2289 Sane
577 2229 839 2290 Seuerus
877 2228 1246 2289 Heraclitum
1290 2227 1361 2288 ad
1418 2226 1800 2305 optinendam
1842 2225 2178 2305 Bithyniam
2215 2233 2247 2280 2

193 2309 200 2316 ’
246 2315 436 2384 misit,
485 2313 760 2374 Fuluium
793 2321 989 2374 autem
1027 2314 1102 2374 ad
1133 2311 1512 2392 occupandos
1543 2311 1775 2372 adultos
1805 2311 1974 2390 Nigri
2002 2311 2176 2374 filios.

177 2413 226 2452 25
249 2416 362 2460 nec
401 2406 605 2460 tamen
652 2401 713 2458 in
753 2393 1024 2460 senatum
1057 2400 1371 2475 quicquam
1406 2397 1479 2456 de
1502 2397 1686 2474 Nigro
1720 2397 1982 2458 Seuerus
2014 2396 2176 2468 dixit,
2216 2403 2247 2452 3

249 2503 385 2545 cum
415 2486 533 2544 iam
566 2484 827 2544 audisset
859 2483 931 2545 de
964 2485 1092 2544 eius
1133 2485 1407 2562 imperio,
1443 2484 1574 2561 ipse
1606 2490 1804 2544 autem
1834 2483 2177 2561 proficisce-

247 2576 438 2630 retur·
479 2569 549 2628 ad
613 2569 1070 2648 conponendum
1128 2569 1377 2630 orientis
1436 2575 1654 2629 statum
1712 2573 1960 2630 tantum.
2038 2581 2187 2629 sane·
2215 2572 2249 2622 4

246 2653 392 2714 illud
422 2655 566 2714 fecit
597 2654 984 2732 proficiscens
1015 2661 1081 2715 ut
1110 2653 1378 2732 legiones
1410 2653 1752 2714 adAfricam
1784 2654 2070 2722 mitteret,
2103 2672 2180 2713 ne

250 2741 390 2800 eam‘
419 2740 790 2800 Pescennius
843 2747 1162 2818 occuparet
1219 2745 1280 2799 et
1322 2740 1477 2799 fame
1518 2737 1805 2818 populum
1846 2737 2203 2798 Romanum·

178 2837 224 2876 ³0
245 2832 661 2904 perurgueret.
726 2823 1046 2885 uidebatur
1097 2830 1293 2886 autem
1336 2823 1397 2886 id
1427 2825 1625 2912 facere
1655 2841 1836 2902 posse
1864 2840 1977 2902 per
2006 2821 2179 2902 Liby·
2218 2826 2249 2874 5

351 3047 376 3094 1
413 3045 772 3095 ambitionem
796 3045 900 3095 BP
925 3051 963 3094 t.
989 3045 1040 3094 I.
1182 3046 1212 3094 6
1247 3048 1595 3094 senectutem
1626 3043 1823 3092 melius
1847 3039 1998 3091 B¹P¹
2035 3042 2108 3105 (in
2131 3043 2184 3092 B

245 3115 390 3178 prius
412 3129 467 3162 m
493 3129 648 3176 eras„
675 3116 728 3162 in
752 3113 804 3161 P
823 3116 1034 3164 alterum
1060 3111 1208 3178 emp.)
1349 3116 1737 3162 recussauerat
1760 3111 1813 3160 B
1836 3111 2185 3160 recusauerit

246 3184 297 3232 P
429 3184 459 3230 7
498 3197 556 3232 se
586 3196 812 3231 seuerus
837 3181 942 3232 BP
1075 3182 1116 3232 8
1148 3182 1461 3246 ignotorum
1484 3180 1537 3229 B
1675 3181 1740 3228 14
1772 3179 2060 3229 habuisset
2086 3178 2189 3227 BP

347 3251 412 3300 15
440 3249 620 3299 eidem
644 3251 709 3298 M
867 3251 930 3298 19
957 3265 1079 3298 curn
1103 3249 1233 3314 imp.
1258 3249 1327 3298 M
1481 3250 1547 3297 23
1582 3247 1653 3296 ad
1680 3247 2039 3298 obtinendam
2063 3247 2183 3294 Bri-

247 3319 495 3368 tanniam
518 3318 766 3368 Huebner
789 3333 848 3366 m.
880 3317 970 3366 Rk.
999 3335 1048 3369 n.
1077 3317 1199 3366 XII
1225 3334 1276 3382 p.
1304 3319 1371 3366 64
1463 3318 1531 3365 24
1552 3315 1789 3364 fulbium
1811 3315 1916 3364 BP
2038 3315 2142 3363 25·
2126 3329 2185 3363 m

249 3391 444 3436 senatu
471 3386 532 3436 M
669 3387 732 3435 27
771 3383 958 3434 statua
985 3374 1058 3434 B¹
1085 3387 1341 3436 distinctio
1373 3393 1492 3450 post
1522 3387 1742 3433 tantum
1773 3390 1850 3433 est
1874 3382 2185 3432 Mommseni.

249 3468 338 3518 ego
363 3459 582 3504 tantum
608 3469 678 3503 eoe
704 3457 912 3504 statum
931 3456 1069 3518 falso
1105 3453 1181 3504 bis
1203 3455 1399 3516 scripto
1425 3459 1587 3505 ortum
1612 3466 1723 3500 esse
1747 3453 2060 3501 coniecerant

250 3522 312 3571 30
339 3526 395 3572 et
419 3523 722 3572 uidebatur
743 3521 911 3573 BPM
935 3527 992 3574 et
1017 3524 1184 3574 deleui
1207 3520 1403 3586 (Iord.)
1540 3519 1749 3584 lybiam
1771 3519 1877 3568 BP

1592 3654 1601 3662 .
1638 3601 1721 3664 10
1746 3605 1781 3640 '¹‘
