2517 3884
793 196 1183 254 HADRIANVS.
1251 197 1306 253 c.
1340 199 1574 252 19—21.
2069 189 2151 252 21

215 373 304 425 est
333 375 402 425 ut
430 364 674 424 domum
705 365 997 442 priuatam
1041 365 1242 440 quiuis
1271 363 1697 442 paterfamilias
1736 363 1991 440 diligens
2032 383 2154 424 non

215 451 402 510 satius
431 451 620 510 nouit.
685 465 870 528 equos
911 457 970 508 et
1013 467 1192 509 canes
1233 451 1320 510 sic
1352 451 1572 510 amauit
1615 456 1680 509 ut
1721 451 1806 509 eis
1838 447 2155 528 sepulchra
2195 463 2256 511 12

217 535 628 596 constitueret.
701 534 987 613 oppidum
1028 533 1533 596 Hadrianotheras
1585 536 1646 594 in
1690 533 1945 612 quodam
2000 533 2150 604 loco,
2192 548 2256 597 13

219 619 377 698 quod
417 618 543 680 illic
588 626 648 680 et
691 619 942 680 feliciter
987 627 1144 680 esset
1181 627 1438 680 uenatus
1491 626 1549 680 et
1598 638 1797 680 ursam
1842 617 2157 680 occidisset

171 725 194 764 5
219 704 556 783 aliquando,
597 706 920 766 constituit.

340 790 429 850 De
458 789 758 850 iudicibus
789 787 1068 849 omnibus
1101 807 1340 868 semper
1381 796 1593 850 cuncta
1638 788 1958 850 scrutando
2002 797 2149 850 tam·
2173 789 2254 852 21

217 875 315 935 diu
359 875 682 953 requisiuit
725 873 1006 952 quamdiu
1049 891 1260 934 uerum
1304 875 1625 934 inueniret.
1712 873 1964 935 libertos
2016 893 2155 934 suos
2190 890 2221 937 2

215 977 328 1020 nec
357 960 504 1020 sciri
531 957 720 1019 d'oluit
747 961 809 1018 in
841 957 1079 1036 publico
1110 977 1226 1018 nec
1253 957 1479 1036 aliquid
1502 959 1664 1038 ,apud
1695 977 1759 1020 se
1790 976 1967 1038 posse
1998 957 2154 1020 dicto

215 1062 324 1105 suo
369 1043 648 1104 omnihus
688 1043 1103 1124 superioribus
1142 1043 1519 1123 principibus
1559 1046 1704 1104 uitia
1746 1045 2043 1123 imputans
2084 1044 2155 1105 li-

147 1148 192 1186 10
216 1129 527 1190 bertorum
572 1128 864 1190 damnatis
906 1128 1185 1189 omnibus
1224 1128 1455 1190 libertis
1486 1131 1639 1198 suiS,
1687 1130 2047 1208 quicumque
2090 1147 2155 1190 se

217 1215 289 1275 de
337 1232 409 1274 eo
451 1216 838 1274 iactauerant.
900 1212 1060 1273 unde
1103 1221 1265 1274 extat
1308 1214 1485 1274 etiam
1529 1212 1676 1274 illud
1706 1232 1887 1274 saeue
1914 1213 2153 1291 quidem
2191 1229 2224 1278 3

217 1298 322 1359 sed
355 1315 544 1378 prope
575 1297 840 1359 ioculare
867 1298 942 1358 de
972 1300 1181 1358 seruiS.
1246 1316 1385 1358 nam
1429 1317 1561 1358 cum
1594 1297 1853 1375 quodam
1882 1305 2155 1377 tempore

215 1401 463 1445 seruum
495 1401 670 1445 suum
701 1385 862 1444 inter
894 1383 1046 1444 duos
1075 1390 1387 1444 senatores
1420 1401 1451 1444 e
1482 1389 1814 1462 conspectu
1846 1382 2154 1444 ambulare

217 1468 500 1539 uidisset,
555 1470 720 1528 misit
773 1470 877 1544 qui
925 1470 981 1528 ei
1021 1466 1300 1529 collafum
1346 1469 1515 1530 daret
1552 1470 1922 1547 diceretque:
1970 1467 2155 1538 „Noli
2225 1467 2235 1477 ‘

147 1570 194 1609 15
215 1556 374 1614 inter
407 1571 511 1614 eos
543 1553 851 1614 ambulare
875 1570 1132 1630 quorum
1166 1571 1296 1614 esse
1328 1553 1522 1615 adhuc
1550 1563 1722 1633 potes
1752 1562 2031 1615 seruuS.“
2060 1555 2153 1614 in·
2189 1569 2226 1616 4

215 1647 308 1698 ter
339 1637 509 1699 cibos
547 1640 723 1699 unice
765 1639 988 1700 amauit
1023 1641 1537 1709 tetrafarmacum,
1586 1639 1743 1717 quod
1786 1648 1914 1700 erat
1957 1638 2031 1698 de
2067 1639 2153 1699 fa·

133 1727 138 1732 ’
217 1725 385 1784 siano
416 1725 650 1784 sumine
681 1741 869 1802 perna
901 1730 962 1784 et
992 1722 1280 1784 crustulo.

342 1809 615 1870 Fuerunt
645 1810 773 1869 eius
805 1807 1178 1887 temporibus
1208 1810 1399 1870 fames
1428 1808 1766 1888 pestilentia
1796 1818 1993 1870 terrae
2024 1827 2152 1870 mo·
2190 1824 2223 1873 5

214 1902 340 1961 tus,
389 1911 539 1971 quae
571 1895 798 1962 omnia,
843 1901 1132 1970 quantum
1173 1895 1395 1972 potuit,
1440 1896 1790 1973 procurauit
1830 1894 2155 1972 multisque

143 1995 188 2035 20
217 1978 565 2040 ciuitatibus
609 1980 856 2040 uastatis
900 1997 1009 2058 per
1048 1980 1159 2038 ista
1202 1979 1501 2040 subuenit.
1566 1981 1676 2041 suit
1709 1982 1885 2041 etiam
1917 1979 2153 2041 Tiberis
2190 1993 2221 2042 6

213 2063 546 2125 inundatio.
608 2061 839 2126 Latium
870 2063 1072 2124 multis
1103 2063 1445 2126 ciuitatibus
1475 2064 1665 2135 dedit,
1699 2063 1921 2125 tributa
1952 2064 2154 2126 multis
2190 2079 2221 2127 7

215 2150 463 2209 remisit.
509 2148 935 2228 Expeditiones
967 2147 1078 2210 sub
1112 2167 1182 2209 eo
1213 2167 1431 2226 graues
1460 2148 1659 2210 nullae
1688 2151 1964 2217 fuerunt;
1996 2148 2152 2210 bella
2190 2162 2221 2212 8

215 2235 390 2294 etiam
425 2232 660 2295 silentio
690 2251 881 2311 paene
910 2241 1225 2295 transacta.
1290 2253 1323 2294 a
1352 2233 1641 2294 militibus
1670 2244 1917 2314 propter
1948 2253 2151 2296 curam
2190 2247 2221 2296 9

217 2319 522 2379 exercitus
562 2320 746 2378 nimie
785 2317 1039 2394 multum
1083 2327 1476 2388 amatusest,
1521 2318 1699 2380 simul
1742 2319 1899 2398 quod
1946 2321 2009 2380 in
2052 2339 2154 2382 eos

146 2419 192 2460 25
217 2401 668 2465 liberalissimus
715 2403 845 2465 fuit.
931 2403 1182 2465 Parthos
1223 2405 1286 2464 in
1327 2405 1583 2466 amicitia
1635 2423 1875 2484 semper
1925 2404 2149 2474 habuit,
2192 2418 2257 2466 10

217 2488 373 2565 quod
423 2488 562 2548 inde
617 2506 822 2566 regem
873 2490 1153 2558 retraxit,
1209 2492 1388 2566 quem
1439 2490 1732 2551 Traianus
1782 2492 2148 2569 inposuerat.

213 2574 512 2634 Armeniis
540 2591 747 2651 regem
777 2572 1002 2634 habere
1031 2575 1334 2652 permisit,
1370 2592 1507 2634 cum
1548 2573 1663 2635 sub
1693 2574 1950 2636 Traiano
1991 2575 2150 2654 lega·
2191 2587 2253 2635 11

215 2665 342 2718 tum
391 2656 759 2719 habuissent.
837 2657 1351 2737 Mesopotamenos
1404 2677 1523 2720 non
1577 2661 1772 2738 exegit
1826 2659 2147 2729 tributum,
2190 2672 2253 2719 12

215 2742 373 2818 quod
405 2743 698 2804 Traianus
736 2744 1020 2823 inposuit.
1081 2742 1341 2804 Albanos
1384 2754 1443 2805 et
1471 2743 1725 2805 Hiberos
1766 2747 2153 2807 amicissimos
2190 2757 2256 2806 13

316 2914 348 2960 2
373 2911 517 2962 satis
541 2911 762 2962 BPVM
785 2928 874 2964 em.
907 2912 961 2962 C.
997 2911 1326 2962 PVachmutk
1461 2916 1493 2964 3
1519 2912 1739 2978 opidum
1763 2914 1928 2968 BPV
2055 2914 2152 2966 ha-

217 2977 658 3030 drianothermas
681 2979 754 3030 B³
895 2981 924 3030 6
951 2980 1227 3031 indicibus
1255 2981 1299 3030 0
1432 2983 1463 3032 9
1487 2981 1783 3034 liberorum
1816 2982 1870 3031 V
1978 2985 2037 3032 11
2068 2998 2153 3034 se-

215 3061 348 3097 uero
371 3045 586 3097 B¹P¹V
603 3062 796 3099 seuere
820 3046 961 3099 P³M
982 3063 1114 3098 seue
1139 3047 1214 3097 B²
1240 3065 1333 3102 em.
1356 3048 1673 3116 Bernhardy
1811 3053 1872 3100 12
1905 3049 2151 3102 iaculare

223 3113 278 3162 V
375 3116 440 3164 14
466 3114 610 3165 colla
636 3114 896 3166 fundaret
923 3117 1017 3180 qui
1041 3116 1154 3166 noli
1178 3117 1228 3166 B
1254 3116 1392 3168 eoec.¹
1422 3117 1711 3182 colaphum
1736 3118 1894 3168 daret
1920 3119 2014 3182 qui
2038 3119 2155 3170 noli

216 3181 298 3232 ait
322 3180 463 3232 exc-²
490 3182 781 3248 colaphum
806 3183 967 3234 daret
992 3189 1048 3233 et
1076 3184 1291 3235 diceret
1314 3183 1385 3234 P³
1408 3187 1460 3235 in
1483 3201 1591 3238 ras.
1619 3186 1682 3236 M
1706 3186 1965 3236 collafum
1991 3186 2151 3237 daret

217 3252 274 3298 et
299 3249 514 3300 diceret
547 3251 598 3300 V
620 3251 940 3316 diceretque
964 3254 1154 3316 scr-ipsi
1173 3252 1271 3315 (eie
1294 3255 1442 3303 etiam
1466 3253 1823 3316 Mommsenns)
1916 3257 1978 3304 16
2003 3270 2151 3304 ama-

213 3316 301 3366 bit
323 3316 396 3367 B¹
423 3319 650 3369 amabat
673 3317 811 3370 P⁰M
917 3320 1194 3385 taetraph.
1222 3321 1272 3369 B
1399 3321 1616 3372 fasiono
1641 3320 1781 3372 B¹P¹
1797 3323 1847 3372 V
1852 3321 1866 3354 ¹
2004 3324 2068 3372 18
2095 3327 2153 3372 et

215 3387 346 3435 terr.
371 3386 433 3436 M
571 3389 635 3436 21
672 3387 930 3437 solatium
961 3385 1035 3437 B³
1067 3387 1243 3438 latum
1276 3389 1333 3437 V
1460 3391 1526 3440 23
1560 3405 1700 3456 pene
1734 3389 1837 3440 BP
1886 3441 1892 3448 ,
1969 3391 2037 3439 24
2069 3389 2150 3438 ni-

217 3453 360 3503 miae
387 3453 438 3503 B
472 3454 696 3504 nimiam
719 3455 825 3506 PV
825 3456 891 3506 M
1021 3456 1258 3505 militum
1281 3454 1350 3506 B¹
1493 3459 1559 3508 28
1592 3456 2053 3522 mesopotamenis
2075 3453 2150 3503 B²

221 3521 726 3588 mesopotamiisllsl
747 3525 797 3573 P
820 3523 912 3586 (iis
938 3527 989 3574 in
1013 3523 1144 3586 ras.)
1175 3524 1224 3573 V
1233 3540 1268 3572 a
1287 3525 1705 3588 Mesopotamiis
1718 3525 1781 3574 M
1857 3521 2159 3586 exigitBV
