2517 3884
325 184 418 251 ’88
939 187 1280 247 TREBELLII
1320 184 1665 245 POLLIONIS

339 358 392 419 si
420 356 658 435 quidem
693 356 872 418 etiam
904 374 1091 435 equos
1124 360 1183 415 et
1214 369 1461 417 currum
1489 354 1620 415 fieri
1661 355 1919 416 iusserat
1945 371 2057 433 pro
2090 352 2283 431 quali-

221 459 224 461 ’
271 456 305 505 5
340 449 462 505 tate
493 448 718 503 statuae
751 448 928 519 atque
956 442 1020 501 in
1051 441 1391 501 auctissima
1423 438 1567 499 base
1594 440 1759 518 poni.
1812 440 2113 518 porticum
2142 437 2281 501 Fla·

341 528 589 588 miniam
632 542 824 603 usque
867 524 942 587 ad
985 532 1228 604 pontem
1257 522 1543 595 Moluium
1576 530 1634 584 et
1660 525 1791 602 ipse
1820 531 2139 605 parauerat
2169 523 2283 585 du-

342 631 499 683 cere,
533 614 613 673 ita
645 618 714 672 ut
745 610 1122 671 tetrastichae
1152 611 1384 679 fierent,
1420 616 1485 669 ut
1514 616 1711 669 autem
1744 607 1841 669 alii
1870 608 2093 678 dicunt,
2128 626 2283 688 pen-

340 696 662 767 tastichae,
711 697 792 757 ita
822 701 888 756 ut
915 696 1147 775 primus
1185 694 1334 755 ordo
1363 693 1515 773 pilas
1544 692 1795 755 haberet
1824 701 1883 756 et
1913 701 2050 757 ante
2080 712 2145 753 se
2176 712 2281 754 co·
2339 712 2371 752 5

341 781 578 846 lumnas
620 800 756 842 cum
792 780 1030 849 statuis,
1074 778 1383 842 secundus
1427 785 1485 839 et
1514 780 1731 841 tertius
1762 785 1821 839 et
1850 778 2133 878 deinceps
2164 771 2285 839 διὰ

271 880 306 927 6
343 862 692 944 τεσσάρων
724 866 1048 928 columnas.
1109 864 1157 927 I
1161 882 1381 943 ongum
1425 870 1515 925 est
1556 866 1685 925 eius
1716 870 1929 925 cuncta
1958 866 2018 925 iu
2050 862 2284 925 litteras

342 953 613 1021 mittere,
672 968 824 1035 quae
867 951 969 1028 qui
1013 949 1174 1011 uolet
1216 951 1399 1017 scire,
1457 947 1616 1028 legat
1668 945 1997 1011 Palfurium
2042 948 2279 1019 Suram,

343 1038 446 1116 qui
479 1035 896 1116 ephemeridas
928 1037 1054 1097 eius
1085 1037 1240 1097 uitae
1274 1036 1629 1114 composuit.
1688 1053 1795 1095 nos
1826 1034 1898 1095 ad
1930 1033 2282 1095 Saloninum

343 1129 738 1183 reuertamur.
2312 1138 2371 1180 10

761 1284 1275 1354 SALONINVS
1343 1284 1868 1351 GALLIENVS

143 1460 322 1541 190)
473 1460 580 1521 Hic
613 1460 867 1525 Gallieni
897 1402 1053 1521 filius
1083 1459 1213 1527 fuit,
1247 1457 1766 1539 neposValeriani,
1800 1456 1875 1519 de
1904 1473 2022 1535 quo
2055 1458 2279 1537 quippe

347 1544 492 1607 nihil
524 1553 612 1606 est
642 1545 799 1625 quod
831 1544 1117 1623 dignum
1102 1563 1166 1605 m
1192 1544 1424 1607 litteras
1444 1546 1732 1613 mittatur,
1765 1544 1882 1605 nisi
1912 1542 2073 1623 qued
2103 1544 2277 1603 nohi-
2322 1586 2327 1589 -

344 1630 482 1692 liter
511 1638 712 1699 natue,
777 1630 1060 1690 educatus
1092 1631 1288 1706 regie,
1350 1631 1580 1710 occisus
1624 1628 1837 1689 deinde
1880 1646 2003 1689 non
2032 1646 2135 1688 sua
2168 1628 2278 1689 sed

275 1730 306 1777 2
344 1717 532 1795 patris
575 1733 772 1776 causa.
859 1714 946 1775 De
987 1713 1166 1773 huius
1208 1714 1447 1774 nomine
1487 1730 1703 1791 magna
1746 1719 1839 1775 est
1896 1712 2270 1791 ambiguitas,
2307 1730 2365 1771 15

341 1817 480 1863 nam
543 1799 716 1860 multi
761 1818 899 1859 eum
942 1798 1306 1869 Gallienum,
1368 1797 1535 1859 multi
1582 1797 1931 1859 Saloninum
1991 1797 2277 1859 historiae

273 1900 306 1949 3
341 1884 754 1965 prodiderunt.
835 1892 894 1945 ct
925 1886 1027 1963 qui
1058 1882 1435 1953 Saloninum,
1468 1882 1693 1958 idcirco
1724 1882 1886 1961 quod
1916 1882 2071 1962 apud
2106 1882 2275 1944 Salo·

340 1988 446 2031 nas
477 1976 653 2031 natus
697 1976 872 2039 esset,
907 1970 1388 2047 cognominatum
1420 1967 1652 2037 ffirunt3
1690 1970 1790 2045 qui
1820 1975 2019 2028 autem
2051 1967 2273 2029 Gallie·

341 2073 502 2124 num,
538 2056 726 2133 patris
757 2056 998 2115 nomine
1031 2056 1516 2153 cognominatum
1548 2061 1609 2113 et
1638 2050 2023 2122 auiGallieni,
2055 2054 2274 2114 summi

269 2155 304 2203 4
341 2139 642 2217 quondam
691 2140 752 2200 in
804 2158 872 2200 re
902 2157 960 2218 p.
993 2141 1130 2199 uiri.
1199 2140 1312 2199 fuit
1356 2138 1613 2215 denique
1660 2136 1947 2199 hactenus
1988 2144 2179 2199 statua
2211 2140 2273 2199 in
2302 2155 2363 2195 ao

337 2224 494 2304 pede
541 2227 764 2294 montis
793 2223 1100 2293 Romulei,
1162 2222 1277 2284 hoc
1312 2216 1411 2284 est
1431 2229 1569 2283 ante
1600 2240 1830 2283 sacram
1868 2223 2055 2293 uiam,
2116 2224 2275 2283 intra

339 2308 630 2389 templum
662 2306 1369 2389 Faustinae†aduentam
1401 2307 1472 2369 ad
1505 2315 1708 2369 arcum
1740 2307 2087 2378 Fabianum,
2120 2324 2273 2385 quae

339 2393 591 2455 haberet
619 2396 974 2472 inscriptum
1009 2391 1304 2454 Gallieno
1334 2394 1581 2455 iuniori’
1618 2390 1949 2454 ‘Salonino'
1984 2392 2267 2461 additum.

171 2554 179 2563 ⁸
267 2495 302 2544 5
340 2497 411 2537 ex
445 2497 559 2557 quo
595 2480 721 2539 eius
751 2496 968 2539 nomen
999 2477 1265 2555 intellegi
1296 2479 1531 2556 poterit.
1567 2478 1880 2539 Transisse
1912 2478 2271 2538 decennium

335 2563 575 2642 imperii
606 2561 938 2623 Gallienum
984 2564 1125 2623 satis
1163 2561 1387 2625 clarum
1430 2569 1537 2623 est.
1615 2562 1772 2639 quod
1804 2562 2029 2623 idcirco
2072 2561 2273 2625 addidi
2298 2578 2361 2619 25

335 2650 472 2727 quia
503 2647 675 2709 multi
707 2667 842 2709 eum
873 2647 1110 2726 imperii
1157 2649 1252 2709 sui
1296 2666 1449 2707 anno
1490 2664 1645 2709 nono
1693 2648 1920 2726 perisse
1967 2647 2268 2708 dixerunt.

265 2750 300 2799 6
335 2734 522 2795 fuisse
563 2740 760 2795 autem
794 2740 852 2794 et
878 2732 1032 2794 alios
1061 2732 1422 2795 rebelliones
1454 2732 1563 2793 sub
1597 2732 1839 2803 eodem,
1898 2734 2145 2811 proprio
2180 2732 2273 2791 di·-

335 2837 540 2881 cemus
571 2818 723 2888 loco,
758 2821 809 2879 si
835 2817 1072 2899 quidem
1103 2818 1329 2898 placuit
1357 2819 1601 2896 triginta
1632 2824 1917 2898 tyrannos
1948 2836 2067 2877 uno
2098 2815 2274 2878 uolu-

469 2972 500 3021 2
526 2970 828 3021 actussima
853 2969 978 3019 BP¹
1007 2970 1330 3020 acutissima
1356 2968 1501 3020 P²M
1518 2986 1608 3021 em.
1636 2969 1677 3019 S
1798 2969 2153 3019 flamminiam
2174 2967 2284 3017 BP

467 3041 500 3087 4
525 3039 889 3089 tetrastichoe
915 3066 981 3073 —
1006 3036 1393 3103 pentastichoe
1418 3038 1460 3087 S
1592 3036 1751 3087 fieret
1774 3037 1843 3087 M
1982 3040 2013 3087 5
2039 3037 2275 3102 primum

331 3106 435 3155 BP
567 3108 598 3155 6
625 3106 972 3157 diatesseron
995 3105 1099 3155 BP
1239 3108 1273 3157 8
1299 3106 1666 3171 calpfurinum
1684 3105 1753 3155 M
1884 3106 1945 3154 11
1974 3104 2277 3155 Saloninus

333 3173 621 3225 Gallienus
653 3177 706 3223 in
727 3174 832 3223 BP
851 3178 1022 3225 colore
1056 3173 1210 3225 rubro
1230 3176 1377 3238 picta
1397 3180 1538 3233 sunt,
1572 3175 1670 3224 sed
1698 3176 1751 3223 in
1778 3180 1953 3223 tenore
1987 3174 2277 3222 litterarum

471 3243 533 3291 12
559 3242 833 3305 gallienus
857 3240 928 3290 B¹
1078 3243 1141 3292 16
1165 3241 1351 3291 multis
1373 3242 1426 3291 B
1573 3243 1636 3291 21
1664 3241 1923 3291 monticis
1946 3240 2049 3291 BP
2184 3256 2275 3289 ro·

329 3308 501 3357 mulet
525 3308 576 3357 B
734 3312 800 3358 22
825 3308 1144 3375 aduentam]
1179 3312 1284 3361 uid.
1308 3308 1513 3359 Becker
1546 3312 1703 3375 antiq.
1728 3310 1869 3360 Rom.
1894 3309 1931 3358 I
1946 3324 2000 3373 p.
2029 3310 2131 3357 241
2144 3344 2157 3363 ,
2184 3309 2278 3373 qut·

330 3379 459 3427 coni.
493 3390 526 3425 a
551 3378 726 3427 Vesta
753 3376 824 3425 ad
845 3393 1048 3427 arcum.
1086 3378 1455 3434 Mommsemcs:
1488 3378 1637 3427 inter
1668 3376 1931 3443 templum
1958 3376 2275 3427 Faustinae

330 3459 398 3493 ac
422 3445 630 3495 Vestae
753 3448 818 3495 23
845 3444 1096 3495 solonino
1120 3443 1246 3494 BP¹
1386 3447 1452 3497 25
1476 3444 1675 3509 imperi
1698 3446 1748 3495 B
1884 3446 1951 3493 26
1976 3460 2119 3494 nono
2143 3444 2273 3497 add.

327 3511 372 3560 S
507 3514 572 3562 27
598 3511 740 3562 alias
758 3512 818 3563 M
957 3513 1023 3562 de
1051 3514 1249 3577 quibus
1275 3514 1495 3578 proprio
1518 3514 1587 3563 M
1700 3514 1783 3564 ’28
1806 3512 2009 3579 uiginti
2031 3512 2135 3562 BP
