2517 3884
968 137 1360 194 PRAEFATIO.
2009 137 2147 194 XVII
2255 181 2272 198 .

91 333 93 350 ἰ
199 278 601 334 demonstrasse
636 273 742 331 sibi
773 276 929 330 uisus
959 282 1059 330 est.
1092 275 1251 332 cuius
1284 276 1607 332 sententiam
1639 289 1762 331 cum
1794 292 1899 349 ego
1923 291 2146 350 quoque

91 365 93 372 '
202 370 347 419 antea
386 360 678 435 amplexus
721 361 823 416 sim
856 357 1005 431 (hist.
1040 361 1161 416 crit.
1192 378 1247 434 p.
1280 358 1385 432 23),
1440 377 1588 415 nunc
1630 366 1808 415 tamen
1852 368 2144 434 postquam

204 456 256 504 et
284 446 401 520 ipse
434 451 695 519 excerpta
737 444 950 501 contuli
994 451 1049 500 et
1090 461 1280 500 omnes
1311 445 1414 500 hos
1447 444 1666 502 codices
1697 444 1788 501 uel
1820 445 1876 500 in
1908 447 2143 501 minimis

205 530 531 606 corruptelis
574 529 723 586 inter
752 545 811 584 se
840 531 1152 586 consentire
1182 529 1446 592 intellexi,
1490 545 1576 586 me
1623 537 1740 585 tum
1772 545 1986 586 errasse
2017 547 2146 586 con-

204 609 476 688 fiteor12);
535 630 866 688 quamquam
912 630 985 670 ne
1024 612 1288 671 Salmasio
1337 615 1571 690 quidem,
1621 617 1715 688 qui
1766 614 1856 671 uel
1898 611 2144 671 Palatino

204 704 420 774 integro
452 701 590 756 haec
620 707 877 773 excerpta
904 699 1167 773 praefert,
1222 699 1486 756 adsentiri
1515 715 1760 774 possum,
1807 715 1929 756 cum
1960 716 2026 755 ex
2055 714 2150 756 eo·

208 787 323 842 dem
353 785 499 843 libro
534 785 805 856 originem
832 783 997 840 ducat
1026 801 1091 840 ex
1124 801 1234 858 quo
1267 785 1323 839 B
1353 792 1407 840 et
1437 783 1504 847 P,
1536 785 1612 841 ita
1646 792 1824 841 tamen
1854 792 1917 840 ut
1947 785 2146 840 horum

208 878 437 945 uterque
466 885 593 927 cum
625 869 833 926 maiore
862 867 1146 943 diligentia
1178 877 1433 926 exaratus
1466 868 1555 926 sit.
1590 885 1729 943 quae
1760 886 1882 927 cum
1913 871 1987 926 ita
2021 868 2146 931 sint,

210 971 329 1011 eum
371 954 490 1011 fere
529 953 668 1010 nihil
712 953 778 1010 ad
818 955 941 1027 ipsa
985 954 1155 1010 uerba
1197 953 1582 1011 constituenda
1625 953 1878 1010 conferre
1910 956 2152 1029 adparet,

207 1057 329 1096 nam
367 1040 493 1096 leue
540 1047 645 1101 est,
687 1039 836 1112 quod
876 1037 1032 1096 solus
1077 1055 1141 1095 ex
1180 1039 1266 1095 his
1306 1039 1486 1096 tribus
1527 1039 1684 1096 libris
1727 1039 1842 1095 Ael.
1887 1043 1920 1093 5
1963 1055 2152 1096 ueram

209 1125 539 1199 scripturam
571 1123 815 1180 exhibet:
849 1123 1019 1186 ,alias’
1054 1119 1203 1201 [alus
1228 1124 1284 1179 B
1314 1131 1370 1180 et
1399 1117 1499 1200 Ρ],
1531 1123 1691 1181 Marc.
1717 1126 1751 1177 8
1783 1124 2153 1199 ,ipse'Romae

212 1211 489 1267 remansit’
534 1203 785 1284 [Romam
827 1192 986 1284 BP}
1030 1209 1152 1267 Ver.
1196 1214 1229 1263 2
1273 1209 1610 1283 ,Telephum’
1657 1204 1966 1286 [talephum
1996 1203 2153 1284 BP],

210 1296 517 1351 Seuer..l4
570 1310 691 1356 ,cur
730 1293 993 1368 pleraque
1033 1293 1300 1368 figuratae
1344 1290 1410 1371 [i.
1453 1309 1500 1350 e.
1553 1288 1816 1370 figurate]
1873 1294 2153 1362 dixissent’

212 1375 479 1456 [figurata
507 1371 733 1455 BPM],
790 1377 933 1452 Opil.
962 1381 995 1433 3
1038 1378 1424 1442 ,credentibus'
1473 1373 1777 1455 [credentis
1807 1373 1962 1455 BP],
2007 1379 2157 1436 Alex.

212 1469 276 1518 22
308 1463 628 1538 ‚unumque'
662 1458 1137 1540 [unumquemque
1169 1459 1308 1540 BP]
1343 1474 1399 1521 et
1439 1463 1678 1522 fortasse
1707 1464 1868 1521 Auid.
1908 1470 1943 1517 4
1987 1465 2155 1528 ,fumo

209 1550 522 1606 cruciatos’
569 1543 753 1624 [fumo
794 1549 1039 1606 cruciato
1089 1542 1192 1612 P1,
1236 1549 1390 1606 fumo
1433 1551 1681 1607 cruciatu
1710 1543 1815 1613 P2,
1857 1550 1992 1606 sumi
2031 1568 2158 1608 cru-

212 1638 358 1692 ciatu
384 1623 490 1714 B].
2075 1697 2084 1703 ,

339 1725 390 1773 4.
434 1718 617 1774 codex
666 1717 971 1774 Vaticanus
1011 1735 1097 1774 nr.
1129 1721 1284 1783 5301,
1328 1719 1504 1777 forma
1544 1722 1790 1783 maxima,
1836 1720 2160 1778 chartaceus

212 1805 470 1878 (excepto
502 1805 683 1878 primo
716 1804 847 1860 folio
882 1803 1029 1878 quod
1060 1812 1148 1860 est
1175 1805 1690 1879 membranaceum),
1723 1805 1871 1862 soliis
1893 1807 2014 1866 240.
2049 1822 2158 1862 sec.

213 1889 320 1946 XV.
380 1889 607 1963 Incipit:
654 1887 946 1962 ‚Spartiani
988 1890 1054 1945 de
1095 1889 1211 1946 uita
1242 1905 1272 1944 a
1302 1891 1544 1947 hadriani
1575 1890 1922 1966 imperatoris
1948 1891 2015 1948 ad
2043 1889 2163 1947 dio-

210 1975 495 2032 clitianum
528 1981 859 2048 augustum..
906 1974 1091 2050 Origo’
1142 1974 1294 2050 Expl.

900 2060 1217 2123 ,contendas
1248 2059 1486 2117 feliciter

870 2153 875 2158 ·
977 2145 982 2150 ’
1036 2145 1106 2200 de
1135 2160 1362 2219 possess

516 2277 527 2282 -
840 2225 1542 2286 BONACCURSIUSAPISA'

212 2317 315 2386 qui
344 2314 574 2371 ultimus
604 2329 803 2370 uersus
834 2320 1027 2388 postea
1056 2315 1123 2370 ab
1153 2313 1338 2389 aliquo
1370 2315 1626 2372 inductus
1669 2323 1772 2373 est.

350 2399 451 2454 Hic
491 2398 633 2454 liber
664 2398 933 2470 originem
976 2399 1189 2473 quidem
1222 2401 1373 2456 duxit
1403 2417 1468 2456 ex
1497 2400 1684 2458 codice
1715 2401 1878 2457 huius
1909 2398 2162 2466 familiae,

219 2499 407 2558 neque
435 2491 617 2540 tamen
649 2482 865 2557 integra
906 2483 1025 2540 eius
1055 2483 1222 2541 uerba
1266 2485 1500 2549 exhibet,
1546 2487 1673 2559 quia
1703 2485 1752 2542 is
1781 2485 2038 2544 librarius
2071 2487 2166 2559 qui

218 2569 373 2625 hunc
404 2569 653 2626 exarauit
679 2568 773 2625 uel
804 2569 1054 2656 quixeum
1084 2569 1228 2626 unde
1258 2570 1382 2627 hice
1413 2571 1722 2646 descriptus
1755 2579 1856 2636 est,
1889 2587 1991 2628 suo
2022 2571 2166 2628 arbi-

220 2655 341 2708 trio
376 2656 784 2728 corruptionem
816 2653 981 2717 illam,
1015 2671 1154 2730 quae
1184 2655 1239 2710 in
1271 2657 1404 2711 uitis
1427 2655 1716 2713 Alexandri
1745 2653 2168 2731 imperatorum-

214 2753 335 2812 que
368 2737 463 2810 qui
493 2753 616 2795 eum
647 2740 823 2796 secuti
855 2747 985 2796 sunt
1012 2742 1449 2815 transpositione
1481 2741 1622 2798 facta
1653 2750 1787 2804 erat,
1829 2757 2018 2798 sanare
2050 2749 2167 2797 stu-

363 2971 450 3036 12)
476 2971 697 3022 Paucos
720 2973 875 3024 locos
898 2973 991 3022 hic
1016 2972 1336 3026 coniunctos
1359 2975 1572 3035 addam,
1597 2977 1792 3040 quibus
1815 2979 2080 3041 excerpta
2101 2990 2170 3025 ex

222 3037 569 3105 Pdeseripta
589 3055 701 3090 non
728 3057 851 3092 esse
878 3041 1308 3092 demonstretur:
1333 3045 1582 3097 Mare.12
1610 3049 1696 3094 est
1719 3041 2166 3110 inP¹,puerum‘,

221 3105 283 3152 in
309 3122 429 3156 exc.
466 3111 794 3172 ‚puerorum'
829 3107 994 3174 [utin
1018 3109 1071 3158 B
1099 3115 1155 3160 et
1176 3107 1306 3176 P2],
1354 3116 1522 3162 antea
1553 3127 1685 3162 uero
1713 3112 1988 3174 ,culcitas'
2022 3111 2170 3162 utin

222 3171 277 3220 B
302 3177 360 3222 et
378 3173 459 3222 P¹
485 3173 607 3240 [ubi
631 3176 931 3238 ‚culcitras'
954 3177 1035 3227 P²
1062 3175 1349 3245 correxit],
1373 3181 1502 3230 Ver.
1519 3183 1550 3230 2
1574 3177 1653 3229 P¹
1681 3180 2168 3246 arprocrationem,

220 3239 337 3291 P²z
380 3245 841 3308 arpocrationem,
891 3262 1038 3295 eoec..·
1076 3251 1534 3311 arpocratiorem;
1584 3247 1742 3299 Alex.
1776 3251 1808 3300 3
1850 3249 1902 3298 P
1937 3245 2021 3312 [ut
2053 3247 2168 3316 M]=

226 3323 357 3357 eum
391 3325 635 3374 mamea3
684 3329 799 3366 exo.
842 3307 931 3378 [ut
952 3311 1060 3380 B]:
1101 3316 1192 3364 cui
1224 3331 1460 3370 mamea.
1499 3331 1612 3367 nee*
1639 3317 1758 3371 cod.
1787 3316 1838 3366 B
1861 3331 2020 3366 usum
2045 3333 2169 3368 esse

224 3391 375 3436 eum,
421 3379 516 3444 qui
542 3381 847 3446 excerpsit,
883 3381 1036 3432 hisee
1062 3381 1205 3432 locis
1240 3383 1486 3444 docetur,
1527 3384 1726 3450 quibus
1753 3387 2019 3447 excerpta
2044 3401 2196 3434 eona

222 3445 479 3500 sentiunt
502 3461 628 3496 cum
650 3449 716 3510 P,
744 3447 1027 3513 discrepat
1053 3449 1131 3498 B:
1156 3450 1329 3505 Hadr.
1358 3455 1424 3502 13
1447 3452 1641 3514 osdroe
1664 3452 1717 3501 P
1737 3468 1854 3503 eoec.
1892 3455 2075 3501 ostroe
2100 3451 2193 3500 Β.1

222 3510 435 3564 Anton.
462 3516 491 3562 1
517 3515 800 3568 dolouella
823 3516 902 3567 P¹
928 3514 1069 3568 eaec.¹
1098 3513 1400 3582 [dolobella
1423 3520 1502 3569 P²
1527 3517 1690 3582 eoec.²]
1717 3517 2010 3568 donouella
2033 3519 2103 3572 B.

305 3610 525 3650 scnn’m.
546 3615 698 3656 RIST.
733 3616 865 3652 AUG.
905 3618 946 3656 1·
1765 3605 1798 3653 b
