<?xml version="1.0" encoding="UTF-8"?>
<!DOCTYPE html PUBLIC "-//W3C//DTD XHTML 1.0 Transitional//EN"
    "http://www.w3.org/TR/xhtml1/DTD/xhtml1-transitional.dtd">
<html xmlns="http://www.w3.org/1999/xhtml" xml:lang="en" lang="en">
 <head>
  <title>
</title>
<meta http-equiv="Content-Type" content="text/html;charset=utf-8" />
  <meta name='ocr-system' content='tesseract 3.04.00' />
  <meta name='ocr-capabilities' content='ocr_page ocr_carea ocr_par ocr_line ocrx_word'/>
</head>
<body>
  <div class='ocr_page' id='page_1' title='image "./scriptoreshisto02petegoog_0061.png"; bbox 0 0 2517 3884; ppageno 0'>
   <div class='ocr_carea' id='block_1_1' title="bbox 191 197 2375 2888">
    <p class='ocr_par' dir='ltr' id='par_1_1' title="bbox 345 197 1603 262">
     <span class='ocr_line' id='line_1_1' title="bbox 345 197 1603 262; baseline -0.004 0"><span class='ocrx_word' id='word_1_1' title='bbox 345 197 435 262; x_wconf 82' lang='lat'><strong>24</strong></span> <span class='ocrx_word' id='word_1_2' title='bbox 1036 203 1210 260; x_wconf 85' lang='lat' dir='ltr'><strong>AELII</strong></span> <span class='ocrx_word' id='word_1_3' title='bbox 1253 201 1603 260; x_wconf 84' lang='lat' dir='ltr'><strong>SPARTIANI</strong></span> 
     </span>
    </p>

    <p class='ocr_par' dir='ltr' id='par_1_2' title="bbox 245 367 2289 708">
     <span class='ocr_line' id='line_1_2' title="bbox 245 367 2289 432; baseline -0 -2"><span class='ocrx_word' id='word_1_4' title='bbox 245 367 338 432; x_wconf 81' lang='lat'><strong>24</strong></span> <span class='ocrx_word' id='word_1_5' title='bbox 355 371 594 432; x_wconf 80' lang='lat' dir='ltr'><strong>uetitus,</strong></span> <span class='ocrx_word' id='word_1_6' title='bbox 675 369 793 430; x_wconf 90' lang='lat' dir='ltr'><strong>Sed</strong></span> <span class='ocrx_word' id='word_1_7' title='bbox 834 377 1074 430; x_wconf 85' lang='lat' dir='ltr'><strong>mortuo</strong></span> <span class='ocrx_word' id='word_1_8' title='bbox 1118 367 1291 429; x_wconf 87' lang='lat' dir='ltr'><strong>Helio</strong></span> <span class='ocrx_word' id='word_1_9' title='bbox 1323 370 1477 429; x_wconf 86' lang='lat' dir='ltr'><strong>Vero</strong></span> <span class='ocrx_word' id='word_1_10' title='bbox 1520 368 1776 429; x_wconf 80' lang='lat' dir='ltr'>Caesare</span> <span class='ocrx_word' id='word_1_11' title='bbox 1816 368 2155 431; x_wconf 79' lang='lat' dir='ltr'>Hadrianus</span> <span class='ocrx_word' id='word_1_12' title='bbox 2196 372 2289 429; x_wconf 84' lang='lat' dir='ltr'><strong>in-</strong></span> 
     </span>
     <span class='ocr_line' id='line_1_3' title="bbox 355 453 2287 534; baseline -0.001 -18"><span class='ocrx_word' id='word_1_13' title='bbox 355 463 610 534; x_wconf 86' lang='lat' dir='ltr'><strong>gruente</strong></span> <span class='ocrx_word' id='word_1_14' title='bbox 649 455 986 515; x_wconf 84' lang='lat' dir='ltr'><strong>tristissima</strong></span> <span class='ocrx_word' id='word_1_15' title='bbox 1031 453 1369 514; x_wconf 86' lang='lat' dir='ltr'><strong>ualetudine</strong></span> <span class='ocrx_word' id='word_1_16' title='bbox 1412 453 1716 531; x_wconf 85' lang='lat' dir='ltr'><strong>adoptauit</strong></span> <span class='ocrx_word' id='word_1_17' title='bbox 1756 455 1994 514; x_wconf 88' lang='lat' dir='ltr'><strong>Arrium</strong></span> <span class='ocrx_word' id='word_1_18' title='bbox 2038 457 2287 515; x_wconf 87' lang='lat' dir='ltr'><strong>Antoni·</strong></span> 
     </span>
     <span class='ocr_line' id='line_1_4' title="bbox 355 538 2289 619; baseline -0.002 -18"><span class='ocrx_word' id='word_1_19' title='bbox 355 559 522 608; x_wconf 91' lang='lat' dir='ltr'><strong>num,</strong></span> <span class='ocrx_word' id='word_1_20' title='bbox 557 540 660 619; x_wconf 90' lang='lat' dir='ltr'><strong>qui</strong></span> <span class='ocrx_word' id='word_1_21' title='bbox 688 547 896 618; x_wconf 82' lang='lat' dir='ltr'><strong>postea</strong></span> <span class='ocrx_word' id='word_1_22' title='bbox 925 538 1066 600; x_wconf 88' lang='lat' dir='ltr'><strong>Pius</strong></span> <span class='ocrx_word' id='word_1_23' title='bbox 1098 539 1294 598; x_wconf 87' lang='lat' dir='ltr'><strong>dictus</strong></span> <span class='ocrx_word' id='word_1_24' title='bbox 1326 545 1433 607; x_wconf 89' lang='lat' dir='ltr'><strong>est,</strong></span> <span class='ocrx_word' id='word_1_25' title='bbox 1470 545 1528 598; x_wconf 84' lang='lat' dir='ltr'><strong>et</strong></span> <span class='ocrx_word' id='word_1_26' title='bbox 1559 553 1627 598; x_wconf 90' lang='lat' dir='ltr'><strong>ea</strong></span> <span class='ocrx_word' id='word_1_27' title='bbox 1658 539 1896 617; x_wconf 90' lang='lat' dir='ltr'><strong>quidem</strong></span> <span class='ocrx_word' id='word_1_28' title='bbox 1929 538 2061 617; x_wconf 85' lang='lat' dir='ltr'><strong>lege</strong></span> <span class='ocrx_word' id='word_1_29' title='bbox 2093 547 2159 599; x_wconf 90' lang='lat' dir='ltr'><strong>ut</strong></span> <span class='ocrx_word' id='word_1_30' title='bbox 2188 539 2289 599; x_wconf 78' lang='lat' dir='ltr'><strong>ilie</strong></span> 
     </span>
     <span class='ocr_line' id='line_1_5' title="bbox 361 621 2287 708; baseline -0.002 -22"><span class='ocrx_word' id='word_1_31' title='bbox 361 625 476 686; x_wconf 87' lang='lat' dir='ltr'><strong>sibi</strong></span> <span class='ocrx_word' id='word_1_32' title='bbox 501 625 668 708; x_wconf 51' lang='lat' dir='ltr'><strong>‚duos</strong></span> <span class='ocrx_word' id='word_1_33' title='bbox 709 622 1051 702; x_wconf 84' lang='lat' dir='ltr'><strong>adoptaret,</strong></span> <span class='ocrx_word' id='word_1_34' title='bbox 1095 624 1353 683; x_wconf 89' lang='lat' dir='ltr'><strong>Annium</strong></span> <span class='ocrx_word' id='word_1_35' title='bbox 1390 621 1614 683; x_wconf 86' lang='lat' dir='ltr'><strong>Verum</strong></span> <span class='ocrx_word' id='word_1_36' title='bbox 1658 630 1716 683; x_wconf 89' lang='lat' dir='ltr'><strong>et</strong></span> <span class='ocrx_word' id='word_1_37' title='bbox 1745 624 2011 684; x_wconf 85' lang='lat' dir='ltr'><strong>Marcum</strong></span> <span class='ocrx_word' id='word_1_38' title='bbox 2040 626 2287 684; x_wconf 87' lang='lat' dir='ltr'><strong>Antoni·</strong></span> 
     </span>
    </p>

    <p class='ocr_par' dir='ltr' id='par_1_3' title="bbox 191 707 2375 1126">
     <span class='ocr_line' id='line_1_6' title="bbox 285 707 2375 787; baseline -0.001 -17"><span class='ocrx_word' id='word_1_39' title='bbox 285 722 318 769; x_wconf 82' lang='lat'>2</span> <span class='ocrx_word' id='word_1_40' title='bbox 357 727 519 770; x_wconf 88' lang='lat' dir='ltr'><strong>num.</strong></span> <span class='ocrx_word' id='word_1_41' title='bbox 580 708 642 767; x_wconf 90' lang='lat' dir='ltr'><strong>hi</strong></span> <span class='ocrx_word' id='word_1_42' title='bbox 682 716 820 768; x_wconf 88' lang='lat' dir='ltr'><strong>sunt</strong></span> <span class='ocrx_word' id='word_1_43' title='bbox 862 709 966 787; x_wconf 89' lang='lat' dir='ltr'><strong>qui</strong></span> <span class='ocrx_word' id='word_1_44' title='bbox 1012 715 1217 786; x_wconf 88' lang='lat' dir='ltr'><strong>postea</strong></span> <span class='ocrx_word' id='word_1_45' title='bbox 1259 707 1378 768; x_wconf 91' lang='lat' dir='ltr'><strong>duo</strong></span> <span class='ocrx_word' id='word_1_46' title='bbox 1411 709 1633 786; x_wconf 86' lang='lat' dir='ltr'><strong>pariter</strong></span> <span class='ocrx_word' id='word_1_47' title='bbox 1663 709 1913 786; x_wconf 84' lang='lat' dir='ltr'><strong>Augusti</strong></span> <span class='ocrx_word' id='word_1_48' title='bbox 1942 710 2125 787; x_wconf 86' lang='lat' dir='ltr'><strong>primi</strong></span> <span class='ocrx_word' id='word_1_49' title='bbox 2154 726 2284 768; x_wconf 87' lang='lat' dir='ltr'><strong>rem</strong></span> <span class='ocrx_word' id='word_1_50' title='bbox 2343 722 2375 760; x_wconf 82' lang='lat'>5</span> 
     </span>
     <span class='ocr_line' id='line_1_7' title="bbox 286 792 2287 882; baseline -0.001 -27"><span class='ocrx_word' id='word_1_51' title='bbox 286 808 318 855; x_wconf 88' lang='lat'><strong>3</strong></span> <span class='ocrx_word' id='word_1_52' title='bbox 357 792 658 873; x_wconf 81' lang='lat' dir='ltr'><strong>publicam</strong></span> <span class='ocrx_word' id='word_1_53' title='bbox 697 792 1209 870; x_wconf 84' lang='lat' dir='ltr'><strong>gubernauerunt.</strong></span> <span class='ocrx_word' id='word_1_54' title='bbox 1272 799 1330 852; x_wconf 92' lang='lat' dir='ltr'><strong>et</strong></span> <span class='ocrx_word' id='word_1_55' title='bbox 1358 793 1689 852; x_wconf 85' lang='lat' dir='ltr'><strong>Antoninus</strong></span> <span class='ocrx_word' id='word_1_56' title='bbox 1732 793 1972 882; x_wconf 83' lang='lat' dir='ltr'><strong>quidem</strong></span> <span class='ocrx_word' id='word_1_57' title='bbox 2016 793 2157 853; x_wconf 89' lang='lat' dir='ltr'><strong>Pius</strong></span> <span class='ocrx_word' id='word_1_58' title='bbox 2198 793 2287 853; x_wconf 91' lang='lat' dir='ltr'><strong>id·</strong></span> 
     </span>
     <span class='ocr_line' id='line_1_8' title="bbox 191 875 2289 957; baseline -0.001 -19"><span class='ocrx_word' id='word_1_59' title='bbox 191 943 200 950; x_wconf 59' lang='lat'><em>,</em></span> <span class='ocrx_word' id='word_1_60' title='bbox 359 881 520 938; x_wconf 82' lang='lat' dir='ltr'><strong>cir&#39;co</strong></span> <span class='ocrx_word' id='word_1_61' title='bbox 550 877 880 957; x_wconf 84' lang='lat' dir='ltr'><strong>appellatus</strong></span> <span class='ocrx_word' id='word_1_62' title='bbox 911 876 1128 938; x_wconf 86' lang='lat' dir='ltr'><strong>dicitur</strong></span> <span class='ocrx_word' id='word_1_63' title='bbox 1155 875 1321 955; x_wconf 88' lang='lat' dir='ltr'><strong>quod</strong></span> <span class='ocrx_word' id='word_1_64' title='bbox 1341 894 1614 952; x_wconf 87' lang='lat' dir='ltr'><strong>socerum</strong></span> <span class='ocrx_word' id='word_1_65' title='bbox 1642 877 1865 938; x_wconf 78' lang='lat' dir='ltr'><strong>fessum</strong></span> <span class='ocrx_word' id='word_1_66' title='bbox 1886 884 2081 938; x_wconf 83' lang='lat' dir='ltr'><strong>aetate</strong></span> <span class='ocrx_word' id='word_1_67' title='bbox 2105 896 2289 938; x_wconf 90' lang='lat' dir='ltr'><strong>manu</strong></span> 
     </span>
     <span class='ocr_line' id='line_1_9' title="bbox 254 960 2287 1046; baseline 0.001 -26"><span class='ocrx_word' id='word_1_68' title='bbox 254 975 324 1023; x_wconf 75' lang='grc'><strong>,4</strong></span> <span class='ocrx_word' id='word_1_69' title='bbox 358 961 720 1024; x_wconf 85' lang='lat' dir='ltr'><strong>subleuaret.</strong></span> <span class='ocrx_word' id='word_1_70' title='bbox 783 963 1061 1046; x_wconf 79' lang='lat' dir='ltr'><strong>quamuis</strong></span> <span class='ocrx_word' id='word_1_71' title='bbox 1101 960 1200 1022; x_wconf 88' lang='lat' dir='ltr'><strong>alii</strong></span> <span class='ocrx_word' id='word_1_72' title='bbox 1231 969 1702 1039; x_wconf 80' lang='lat' dir='ltr'><strong>cognomentum</strong></span> <span class='ocrx_word' id='word_1_73' title='bbox 1736 962 1851 1022; x_wconf 92' lang='lat' dir='ltr'><strong>hoc</strong></span> <span class='ocrx_word' id='word_1_74' title='bbox 1882 963 1938 1022; x_wconf 88' lang='lat' dir='ltr'><strong>ei</strong></span> <span class='ocrx_word' id='word_1_75' title='bbox 1966 962 2168 1022; x_wconf 90' lang='lat' dir='ltr'><strong>dicant</strong></span> <span class='ocrx_word' id='word_1_76' title='bbox 2197 963 2287 1022; x_wconf 88' lang='lat' dir='ltr'><strong>in-</strong></span> 
     </span>
     <span class='ocr_line' id='line_1_10' title="bbox 355 1045 2283 1126; baseline -0.001 -19"><span class='ocrx_word' id='word_1_77' title='bbox 355 1048 558 1116; x_wconf 87' lang='lat' dir='ltr'><strong>ditum,</strong></span> <span class='ocrx_word' id='word_1_78' title='bbox 593 1046 754 1126; x_wconf 90' lang='lat' dir='ltr'><strong>quod</strong></span> <span class='ocrx_word' id='word_1_79' title='bbox 783 1045 1004 1106; x_wconf 85' lang='lat' dir='ltr'><strong>multos</strong></span> <span class='ocrx_word' id='word_1_80' title='bbox 1033 1054 1345 1106; x_wconf 76' lang='lat' dir='ltr'><strong>senatores</strong></span> <span class='ocrx_word' id='word_1_81' title='bbox 1374 1045 1672 1106; x_wconf 86' lang='lat' dir='ltr'><strong>Hadriano</strong></span> <span class='ocrx_word' id='word_1_82' title='bbox 1702 1047 1817 1107; x_wconf 89' lang='lat' dir='ltr'><strong>iam</strong></span> <span class='ocrx_word' id='word_1_83' title='bbox 1852 1047 2142 1107; x_wconf 86' lang='lat' dir='ltr'><strong>saeuienti</strong></span> <span class='ocrx_word' id='word_1_84' title='bbox 2181 1045 2283 1106; x_wconf 87' lang='lat' dir='ltr'><strong>ab·</strong></span> 
     </span>
    </p>

    <p class='ocr_par' dir='ltr' id='par_1_4' title="bbox 287 1115 2375 1550">
     <span class='ocr_line' id='line_1_11' title="bbox 287 1115 2375 1211; baseline -0.002 -17"><span class='ocrx_word' id='word_1_85' title='bbox 287 1145 319 1194; x_wconf 87' lang='lat'>5</span> <span class='ocrx_word' id='word_1_86' title='bbox 354 1133 654 1211; x_wconf 85' lang='lat' dir='ltr'><strong>ripuisset,</strong></span> <span class='ocrx_word' id='word_1_87' title='bbox 729 1131 854 1201; x_wconf 87' lang='lat' dir='ltr'><strong>alii,</strong></span> <span class='ocrx_word' id='word_1_88' title='bbox 929 1131 1090 1208; x_wconf 91' lang='lat' dir='ltr'><strong>quod</strong></span> <span class='ocrx_word' id='word_1_89' title='bbox 1155 1132 1272 1210; x_wconf 88' lang='lat' dir='ltr'><strong>ipsi</strong></span> <span class='ocrx_word' id='word_1_90' title='bbox 1340 1130 1641 1190; x_wconf 86' lang='lat' dir='ltr'><strong>Hadriano</strong></span> <span class='ocrx_word' id='word_1_91' title='bbox 1710 1115 1959 1209; x_wconf 56' lang='lat' dir='ltr'><strong>magffls</strong></span> <span class='ocrx_word' id='word_1_92' title='bbox 2026 1131 2288 1191; x_wconf 85' lang='lat' dir='ltr'><strong>honores</strong></span> <span class='ocrx_word' id='word_1_93' title='bbox 2317 1145 2375 1184; x_wconf 75' lang='grc' dir='ltr'><strong>ιο</strong></span> 
     </span>
     <span class='ocr_line' id='line_1_12' title="bbox 287 1214 2288 1296; baseline -0.001 -19"><span class='ocrx_word' id='word_1_94' title='bbox 287 1229 320 1277; x_wconf 81' lang='grc'><strong>6</strong></span> <span class='ocrx_word' id='word_1_95' title='bbox 355 1224 493 1296; x_wconf 84' lang='lat' dir='ltr'><strong>post</strong></span> <span class='ocrx_word' id='word_1_96' title='bbox 542 1224 799 1276; x_wconf 88' lang='lat' dir='ltr'><strong>mortem</strong></span> <span class='ocrx_word' id='word_1_97' title='bbox 859 1215 1187 1276; x_wconf 79' lang='lat' dir='ltr'><strong>detulisset.</strong></span> <span class='ocrx_word' id='word_1_98' title='bbox 1262 1217 1543 1276; x_wconf 82' lang='lat' dir='ltr'><strong>Antonini</strong></span> <span class='ocrx_word' id='word_1_99' title='bbox 1604 1215 1983 1294; x_wconf 89' lang='lat' dir='ltr'><strong>adoptionem</strong></span> <span class='ocrx_word' id='word_1_100' title='bbox 2043 1214 2288 1294; x_wconf 86' lang='lat' dir='ltr'><strong>plurimi</strong></span> 
     </span>
     <span class='ocr_line' id='line_1_13' title="bbox 355 1297 2285 1378; baseline -0.001 -16"><span class='ocrx_word' id='word_1_101' title='bbox 355 1311 500 1362; x_wconf 88' lang='lat' dir='ltr'><strong>tunc</strong></span> <span class='ocrx_word' id='word_1_102' title='bbox 541 1302 754 1361; x_wconf 80' lang='lat' dir='ltr'><strong>factam</strong></span> <span class='ocrx_word' id='word_1_103' title='bbox 799 1318 932 1362; x_wconf 87' lang='lat' dir='ltr'><strong>esse</strong></span> <span class='ocrx_word' id='word_1_104' title='bbox 973 1299 1326 1368; x_wconf 85' lang='lat' dir='ltr'><strong>doluerunt,</strong></span> <span class='ocrx_word' id='word_1_105' title='bbox 1384 1301 1689 1378; x_wconf 82' lang='lat' dir='ltr'><strong>speciatim</strong></span> <span class='ocrx_word' id='word_1_106' title='bbox 1726 1301 1968 1362; x_wconf 84' lang='lat' dir='ltr'><strong>Catilius</strong></span> <span class='ocrx_word' id='word_1_107' title='bbox 1999 1297 2285 1369; x_wconf 80' lang='lat' dir='ltr'><strong>SeueruS‚</strong></span> 
     </span>
     <span class='ocr_line' id='line_1_14' title="bbox 289 1384 2287 1465; baseline -0.002 -17"><span class='ocrx_word' id='word_1_108' title='bbox 289 1399 319 1448; x_wconf 78' lang='grc'><strong>7</strong></span> <span class='ocrx_word' id='word_1_109' title='bbox 356 1387 697 1465; x_wconf 83' lang='lat' dir='ltr'><strong>praefectus</strong></span> <span class='ocrx_word' id='word_1_110' title='bbox 731 1384 894 1454; x_wconf 85' lang='lat' dir='ltr'><strong>urbi,</strong></span> <span class='ocrx_word' id='word_1_111' title='bbox 928 1387 1028 1463; x_wconf 90' lang='lat' dir='ltr'><strong>qui</strong></span> <span class='ocrx_word' id='word_1_112' title='bbox 1061 1385 1177 1445; x_wconf 88' lang='lat' dir='ltr'><strong>sibi</strong></span> <span class='ocrx_word' id='word_1_113' title='bbox 1209 1384 1603 1463; x_wconf 80' lang='lat' dir='ltr'><strong>praeparabat</strong></span> <span class='ocrx_word' id='word_1_114' title='bbox 1644 1387 1982 1465; x_wconf 79' lang='lat' dir='ltr'><strong>imperium.</strong></span> <span class='ocrx_word' id='word_1_115' title='bbox 2061 1401 2173 1460; x_wconf 88' lang='lat' dir='ltr'><strong>qua</strong></span> <span class='ocrx_word' id='word_1_116' title='bbox 2218 1403 2287 1445; x_wconf 83' lang='lat' dir='ltr'><strong>re</strong></span> 
     </span>
     <span class='ocr_line' id='line_1_15' title="bbox 288 1469 2285 1550; baseline -0.001 -20"><span class='ocrx_word' id='word_1_117' title='bbox 288 1482 322 1531; x_wconf 86' lang='lat'><em>8</em></span> <span class='ocrx_word' id='word_1_118' title='bbox 356 1471 592 1550; x_wconf 88' lang='lat' dir='ltr'><strong>prodita</strong></span> <span class='ocrx_word' id='word_1_119' title='bbox 623 1487 972 1530; x_wconf 79' lang='lat' dir='ltr'><strong>successore</strong></span> <span class='ocrx_word' id='word_1_120' title='bbox 1004 1477 1250 1548; x_wconf 89' lang='lat' dir='ltr'><strong>accepto</strong></span> <span class='ocrx_word' id='word_1_121' title='bbox 1277 1470 1560 1547; x_wconf 87' lang='lat' dir='ltr'><strong>dignitate</strong></span> <span class='ocrx_word' id='word_1_122' title='bbox 1590 1471 1863 1548; x_wconf 86' lang='lat' dir='ltr'><strong>priuatus</strong></span> <span class='ocrx_word' id='word_1_123' title='bbox 1884 1477 1990 1530; x_wconf 90' lang='lat' dir='ltr'><strong>est.</strong></span> <span class='ocrx_word' id='word_1_124' title='bbox 2038 1469 2285 1529; x_wconf 80' lang='lat' dir='ltr'><strong>Hadria-</strong></span> 
     </span>
    </p>

    <p class='ocr_par' dir='ltr' id='par_1_5' title="bbox 288 1553 2372 1718">
     <span class='ocr_line' id='line_1_16' title="bbox 355 1553 2372 1632; baseline -0 -17"><span class='ocrx_word' id='word_1_125' title='bbox 355 1573 472 1616; x_wconf 88' lang='lat' dir='ltr'><strong>nus</strong></span> <span class='ocrx_word' id='word_1_126' title='bbox 516 1562 715 1616; x_wconf 86' lang='lat' dir='ltr'><strong>autem</strong></span> <span class='ocrx_word' id='word_1_127' title='bbox 768 1553 978 1614; x_wconf 82' lang='lat' dir='ltr'><strong>ultimo</strong></span> <span class='ocrx_word' id='word_1_128' title='bbox 1025 1555 1184 1615; x_wconf 89' lang='lat' dir='ltr'><strong>uitae</strong></span> <span class='ocrx_word' id='word_1_129' title='bbox 1236 1554 1433 1614; x_wconf 84' lang='lat' dir='ltr'><strong>taedio</strong></span> <span class='ocrx_word' id='word_1_130' title='bbox 1484 1556 1602 1614; x_wconf 90' lang='lat' dir='ltr'><strong>iam</strong></span> <span class='ocrx_word' id='word_1_131' title='bbox 1662 1555 1927 1615; x_wconf 85' lang='lat' dir='ltr'><strong>adfectus</strong></span> <span class='ocrx_word' id='word_1_132' title='bbox 1982 1553 2176 1632; x_wconf 86' lang='lat' dir='ltr'><strong>gladio</strong></span> <span class='ocrx_word' id='word_1_133' title='bbox 2225 1573 2288 1614; x_wconf 87' lang='lat' dir='ltr'><strong>se</strong></span> <span class='ocrx_word' id='word_1_134' title='bbox 2318 1568 2372 1608; x_wconf 74' lang='lat'><strong>15</strong></span> 
     </span>
     <span class='ocr_line' id='line_1_17' title="bbox 288 1639 2289 1718; baseline -0.001 -18"><span class='ocrx_word' id='word_1_135' title='bbox 288 1651 322 1700; x_wconf 83' lang='lat'>9</span> <span class='ocrx_word' id='word_1_136' title='bbox 356 1639 624 1716; x_wconf 82' lang='lat' dir='ltr'><strong>transfigi</strong></span> <span class='ocrx_word' id='word_1_137' title='bbox 665 1657 699 1699; x_wconf 85' lang='lat' dir='ltr'><strong>a</strong></span> <span class='ocrx_word' id='word_1_138' title='bbox 741 1656 922 1700; x_wconf 85' lang='lat' dir='ltr'><strong>seruo</strong></span> <span class='ocrx_word' id='word_1_139' title='bbox 960 1639 1154 1714; x_wconf 85' lang='lat' dir='ltr'><strong>iussit.</strong></span> <span class='ocrx_word' id='word_1_140' title='bbox 1231 1639 1415 1716; x_wconf 71' lang='lat' dir='ltr'><strong>quodv</strong></span> <span class='ocrx_word' id='word_1_141' title='bbox 1432 1657 1571 1700; x_wconf 89' lang='lat' dir='ltr'><strong>cum</strong></span> <span class='ocrx_word' id='word_1_142' title='bbox 1616 1647 1774 1700; x_wconf 87' lang='lat' dir='ltr'><strong>esset</strong></span> <span class='ocrx_word' id='word_1_143' title='bbox 1803 1639 2108 1718; x_wconf 87' lang='lat' dir='ltr'><strong>proditum</strong></span> <span class='ocrx_word' id='word_1_144' title='bbox 2141 1640 2289 1699; x_wconf 89' lang='lat' dir='ltr'><strong>etin</strong></span> 
     </span>
    </p>

    <p class='ocr_par' dir='ltr' id='par_1_6' title="bbox 269 1723 2289 1972">
     <span class='ocr_line' id='line_1_18' title="bbox 269 1723 2287 1802; baseline -0 -18"><span class='ocrx_word' id='word_1_145' title='bbox 269 1769 275 1772; x_wconf 85' lang='lat'><em>-</em></span> <span class='ocrx_word' id='word_1_146' title='bbox 353 1725 634 1788; x_wconf 79' lang='lat' dir='ltr'><strong>Antonini</strong></span> <span class='ocrx_word' id='word_1_147' title='bbox 663 1740 856 1801; x_wconf 92' lang='lat' dir='ltr'><strong>usque</strong></span> <span class='ocrx_word' id='word_1_148' title='bbox 887 1724 1157 1783; x_wconf 86' lang='lat' dir='ltr'><strong>notitiam</strong></span> <span class='ocrx_word' id='word_1_149' title='bbox 1182 1725 1465 1792; x_wconf 83' lang='lat' dir='ltr'><strong>uenisset,</strong></span> <span class='ocrx_word' id='word_1_150' title='bbox 1497 1725 1785 1801; x_wconf 84' lang='lat' dir='ltr'><strong>ingressis</strong></span> <span class='ocrx_word' id='word_1_151' title='bbox 1829 1723 1901 1784; x_wconf 86' lang='lat' dir='ltr'><strong>ad</strong></span> <span class='ocrx_word' id='word_1_152' title='bbox 1944 1742 2008 1784; x_wconf 92' lang='lat' dir='ltr'><strong>se</strong></span> <span class='ocrx_word' id='word_1_153' title='bbox 2050 1725 2287 1802; x_wconf 74' lang='lat' dir='ltr'><strong>praese-</strong></span> 
     </span>
     <span class='ocr_line' id='line_1_19' title="bbox 355 1807 2289 1888; baseline 0 -20"><span class='ocrx_word' id='word_1_154' title='bbox 355 1810 560 1868; x_wconf 86' lang='lat' dir='ltr'><strong>ctis-et</strong></span> <span class='ocrx_word' id='word_1_155' title='bbox 589 1807 709 1868; x_wconf 80' lang='lat' dir='ltr'><strong>filio</strong></span> <span class='ocrx_word' id='word_1_156' title='bbox 741 1807 1244 1884; x_wconf 84' lang='lat' dir='ltr'><strong>rogantibusque,</strong></span> <span class='ocrx_word' id='word_1_157' title='bbox 1291 1816 1359 1870; x_wconf 84' lang='lat' dir='ltr'><strong>ut</strong></span> <span class='ocrx_word' id='word_1_158' title='bbox 1400 1826 1591 1888; x_wconf 90' lang='lat' dir='ltr'><strong>aequo</strong></span> <span class='ocrx_word' id='word_1_159' title='bbox 1632 1811 1831 1870; x_wconf 89' lang='lat' dir='ltr'><strong>animo</strong></span> <span class='ocrx_word' id='word_1_160' title='bbox 1872 1810 2289 1869; x_wconf 85' lang='lat' dir='ltr'><strong>necessitatem</strong></span> 
     </span>
     <span class='ocr_line' id='line_1_20' title="bbox 353 1891 2286 1972; baseline 0 -20"><span class='ocrx_word' id='word_1_161' title='bbox 353 1891 548 1952; x_wconf 85' lang='lat' dir='ltr'><strong>morbi</strong></span> <span class='ocrx_word' id='word_1_162' title='bbox 589 1893 806 1962; x_wconf 86' lang='lat' dir='ltr'><strong>ferret,</strong></span> <span class='ocrx_word' id='word_1_163' title='bbox 853 1894 1040 1953; x_wconf 85' lang='lat' dir='ltr'><strong>iratus</strong></span> <span class='ocrx_word' id='word_1_164' title='bbox 1081 1892 1198 1953; x_wconf 89' lang='lat' dir='ltr'><strong>illis</strong></span> <span class='ocrx_word' id='word_1_165' title='bbox 1238 1901 1541 1953; x_wconf 88' lang='lat' dir='ltr'><strong>auctorem</strong></span> <span class='ocrx_word' id='word_1_166' title='bbox 1587 1894 1943 1972; x_wconf 86' lang='lat' dir='ltr'><strong>proditionis</strong></span> <span class='ocrx_word' id='word_1_167' title='bbox 1986 1895 2157 1954; x_wconf 89' lang='lat' dir='ltr'><strong>iussit</strong></span> <span class='ocrx_word' id='word_1_168' title='bbox 2186 1911 2286 1952; x_wconf 92' lang='lat' dir='ltr'><strong>oc-</strong></span> 
     </span>
    </p>

    <p class='ocr_par' dir='ltr' id='par_1_7' title="bbox 254 1976 2367 2141">
     <span class='ocr_line' id='line_1_21' title="bbox 254 1976 2367 2058; baseline -0.002 -21"><span class='ocrx_word' id='word_1_169' title='bbox 254 1989 320 2038; x_wconf 88' lang='lat'><strong>10</strong></span> <span class='ocrx_word' id='word_1_170' title='bbox 355 1976 512 2058; x_wconf 52' lang='lat' dir='ltr'><strong>cidi.x</strong></span> <span class='ocrx_word' id='word_1_171' title='bbox 567 1979 672 2057; x_wconf 92' lang='lat' dir='ltr'><strong>qui</strong></span> <span class='ocrx_word' id='word_1_172' title='bbox 711 1985 910 2037; x_wconf 85' lang='lat' dir='ltr'><strong>tamen</strong></span> <span class='ocrx_word' id='word_1_173' title='bbox 953 1976 1028 2038; x_wconf 90' lang='lat' dir='ltr'><strong>ab</strong></span> <span class='ocrx_word' id='word_1_174' title='bbox 1057 1979 1355 2038; x_wconf 86' lang='lat' dir='ltr'><strong>Antonino</strong></span> <span class='ocrx_word' id='word_1_175' title='bbox 1396 1986 1672 2038; x_wconf 84' lang='lat' dir='ltr'><strong>seruatus</strong></span> <span class='ocrx_word' id='word_1_176' title='bbox 1704 1985 1794 2038; x_wconf 90' lang='lat' dir='ltr'><strong>est</strong></span> <span class='ocrx_word' id='word_1_177' title='bbox 1836 1976 2073 2038; x_wconf 84' lang='lat' dir='ltr'><strong>dicente</strong></span> <span class='ocrx_word' id='word_1_178' title='bbox 2101 1980 2283 2038; x_wconf 90' lang='lat' dir='ltr'><strong>Anto·</strong></span> <span class='ocrx_word' id='word_1_179' title='bbox 2314 1995 2367 2033; x_wconf 77' lang='lat'><strong>20</strong></span> 
     </span>
     <span class='ocr_line' id='line_1_22' title="bbox 352 2061 2289 2141; baseline 0 -19"><span class='ocrx_word' id='word_1_180' title='bbox 352 2063 526 2132; x_wconf 89' lang='lat' dir='ltr'><strong>nino,</strong></span> <span class='ocrx_word' id='word_1_181' title='bbox 587 2062 945 2141; x_wconf 88' lang='lat' dir='ltr'><strong>parricidam</strong></span> <span class='ocrx_word' id='word_1_182' title='bbox 989 2079 1054 2123; x_wconf 90' lang='lat' dir='ltr'><strong>se</strong></span> <span class='ocrx_word' id='word_1_183' title='bbox 1105 2062 1405 2130; x_wconf 84' lang='lat' dir='ltr'><strong>futurum,</strong></span> <span class='ocrx_word' id='word_1_184' title='bbox 1462 2064 1514 2122; x_wconf 88' lang='lat' dir='ltr'><strong>si</strong></span> <span class='ocrx_word' id='word_1_185' title='bbox 1554 2061 1920 2122; x_wconf 88' lang='lat' dir='ltr'><strong>Hadrianum</strong></span> <span class='ocrx_word' id='word_1_186' title='bbox 1975 2061 2289 2141; x_wconf 89' lang='lat' dir='ltr'><strong>adoptatus</strong></span> 
     </span>
    </p>

    <p class='ocr_par' dir='ltr' id='par_1_8' title="bbox 253 2145 2289 2226">
     <span class='ocr_line' id='line_1_23' title="bbox 253 2145 2289 2226; baseline -0.001 -18"><span class='ocrx_word' id='word_1_187' title='bbox 253 2160 316 2208; x_wconf 90' lang='lat'><strong>11</strong></span> <span class='ocrx_word' id='word_1_188' title='bbox 353 2148 484 2226; x_wconf 86' lang='lat' dir='ltr'><strong>ipse</strong></span> <span class='ocrx_word' id='word_1_189' title='bbox 542 2155 850 2225; x_wconf 86' lang='lat' dir='ltr'><strong>pateretur</strong></span> <span class='ocrx_word' id='word_1_190' title='bbox 910 2145 1134 2207; x_wconf 54' lang='lat' dir='ltr'><strong>occidi„</strong></span> <span class='ocrx_word' id='word_1_191' title='bbox 1198 2149 1516 2224; x_wconf 87' lang='lat' dir='ltr'><strong>statimque</strong></span> <span class='ocrx_word' id='word_1_192' title='bbox 1570 2154 1992 2208; x_wconf 85' lang='lat' dir='ltr'><strong>testamentum</strong></span> <span class='ocrx_word' id='word_1_193' title='bbox 2046 2149 2289 2225; x_wconf 87' lang='lat' dir='ltr'><strong>scripsit</strong></span> 
     </span>
    </p>

    <p class='ocr_par' dir='ltr' id='par_1_9' title="bbox 252 2229 2284 2394">
     <span class='ocr_line' id='line_1_24' title="bbox 252 2229 2283 2309; baseline 0 -19"><span class='ocrx_word' id='word_1_194' title='bbox 252 2243 317 2292; x_wconf 79' lang='lat'><strong>12</strong></span> <span class='ocrx_word' id='word_1_195' title='bbox 354 2249 466 2291; x_wconf 92' lang='lat' dir='ltr'><strong>nec</strong></span> <span class='ocrx_word' id='word_1_196' title='bbox 496 2239 696 2292; x_wconf 87' lang='lat' dir='ltr'><strong>tamen</strong></span> <span class='ocrx_word' id='word_1_197' title='bbox 727 2239 894 2293; x_wconf 90' lang='lat' dir='ltr'><strong>actus</strong></span> <span class='ocrx_word' id='word_1_198' title='bbox 925 2232 1015 2290; x_wconf 86' lang='lat' dir='ltr'><strong>rei</strong></span> <span class='ocrx_word' id='word_1_199' title='bbox 1051 2229 1329 2309; x_wconf 88' lang='lat' dir='ltr'><strong>publicae</strong></span> <span class='ocrx_word' id='word_1_200' title='bbox 1358 2233 1780 2309; x_wconf 88' lang='lat' dir='ltr'><strong>praetermisit.</strong></span> <span class='ocrx_word' id='word_1_201' title='bbox 1846 2239 1908 2290; x_wconf 87' lang='lat' dir='ltr'><strong>et</strong></span> <span class='ocrx_word' id='word_1_202' title='bbox 1934 2238 2073 2308; x_wconf 89' lang='lat' dir='ltr'><strong>post</strong></span> <span class='ocrx_word' id='word_1_203' title='bbox 2100 2238 2283 2292; x_wconf 85' lang='lat' dir='ltr'><strong>testa-</strong></span> 
     </span>
     <span class='ocr_line' id='line_1_25' title="bbox 352 2314 2284 2394; baseline -0.001 -19"><span class='ocrx_word' id='word_1_204' title='bbox 352 2323 621 2377; x_wconf 88' lang='lat' dir='ltr'><strong>mentum</strong></span> <span class='ocrx_word' id='word_1_205' title='bbox 663 2315 903 2394; x_wconf 86' lang='lat' dir='ltr'><strong>quidem</strong></span> <span class='ocrx_word' id='word_1_206' title='bbox 941 2317 1162 2377; x_wconf 88' lang='lat' dir='ltr'><strong>iterum</strong></span> <span class='ocrx_word' id='word_1_207' title='bbox 1205 2333 1271 2374; x_wconf 89' lang='lat' dir='ltr'><strong>se</strong></span> <span class='ocrx_word' id='word_1_208' title='bbox 1315 2323 1403 2375; x_wconf 90' lang='lat' dir='ltr'><strong>est</strong></span> <span class='ocrx_word' id='word_1_209' title='bbox 1439 2322 1686 2374; x_wconf 84' lang='lat' dir='ltr'><strong>conatus</strong></span> <span class='ocrx_word' id='word_1_210' title='bbox 1723 2314 1997 2374; x_wconf 88' lang='lat' dir='ltr'><strong>occidere</strong></span> <span class='ocrx_word' id='word_1_211' title='bbox 2038 2321 2097 2374; x_wconf 82' lang='lat' dir='ltr'><strong>et</strong></span> <span class='ocrx_word' id='word_1_212' title='bbox 2144 2314 2284 2375; x_wconf 88' lang='lat' dir='ltr'><strong>sub-</strong></span> 
     </span>
    </p>

    <p class='ocr_par' dir='ltr' id='par_1_10' title="bbox 252 2398 2369 2563">
     <span class='ocr_line' id='line_1_26' title="bbox 252 2398 2369 2478; baseline -0.002 -18"><span class='ocrx_word' id='word_1_213' title='bbox 252 2413 316 2462; x_wconf 87' lang='lat'><strong>13</strong></span> <span class='ocrx_word' id='word_1_214' title='bbox 351 2408 542 2460; x_wconf 88' lang='lat' dir='ltr'><strong>tracto</strong></span> <span class='ocrx_word' id='word_1_215' title='bbox 573 2401 828 2478; x_wconf 87' lang='lat' dir='ltr'><strong>pugione</strong></span> <span class='ocrx_word' id='word_1_216' title='bbox 860 2399 1098 2458; x_wconf 88' lang='lat' dir='ltr'><strong>saeuior</strong></span> <span class='ocrx_word' id='word_1_217' title='bbox 1127 2398 1321 2459; x_wconf 85' lang='lat' dir='ltr'><strong>factus</strong></span> <span class='ocrx_word' id='word_1_218' title='bbox 1352 2405 1455 2457; x_wconf 87' lang='lat' dir='ltr'><strong>est.</strong></span> <span class='ocrx_word' id='word_1_219' title='bbox 1505 2399 1657 2476; x_wconf 86' lang='lat' dir='ltr'><strong>petit</strong></span> <span class='ocrx_word' id='word_1_220' title='bbox 1685 2405 1744 2458; x_wconf 91' lang='lat' dir='ltr'><strong>et</strong></span> <span class='ocrx_word' id='word_1_221' title='bbox 1775 2416 2075 2459; x_wconf 89' lang='lat' dir='ltr'><strong>uenenum</strong></span> <span class='ocrx_word' id='word_1_222' title='bbox 2098 2417 2131 2458; x_wconf 88' lang='lat' dir='ltr'><strong>a</strong></span> <span class='ocrx_word' id='word_1_223' title='bbox 2154 2416 2280 2458; x_wconf 89' lang='lat' dir='ltr'><strong>me·</strong></span> <span class='ocrx_word' id='word_1_224' title='bbox 2314 2418 2369 2457; x_wconf 84' lang='lat'><strong>25</strong></span> 
     </span>
     <span class='ocr_line' id='line_1_27' title="bbox 355 2481 1529 2563; baseline -0.003 -19"><span class='ocrx_word' id='word_1_225' title='bbox 355 2483 508 2544; x_wconf 90' lang='lat' dir='ltr'><strong>dico.</strong></span> <span class='ocrx_word' id='word_1_226' title='bbox 558 2485 659 2563; x_wconf 92' lang='lat' dir='ltr'><strong>qui</strong></span> <span class='ocrx_word' id='word_1_227' title='bbox 691 2501 755 2543; x_wconf 84' lang='lat' dir='ltr'><strong>sc</strong></span> <span class='ocrx_word' id='word_1_228' title='bbox 785 2484 932 2560; x_wconf 90' lang='lat' dir='ltr'><strong>ipse,</strong></span> <span class='ocrx_word' id='word_1_229' title='bbox 965 2499 1042 2541; x_wconf 89' lang='lat' dir='ltr'><strong>ne</strong></span> <span class='ocrx_word' id='word_1_230' title='bbox 1074 2481 1260 2549; x_wconf 88' lang='lat' dir='ltr'><strong>daret,</strong></span> <span class='ocrx_word' id='word_1_231' title='bbox 1295 2481 1529 2541; x_wconf 84' lang='lat' dir='ltr'><strong>occidit.</strong></span> 
     </span>
    </p>

    <p class='ocr_par' dir='ltr' id='par_1_11' title="bbox 247 2565 2365 2888">
     <span class='ocr_line' id='line_1_28' title="bbox 247 2565 2284 2645; baseline -0 -17"><span class='ocrx_word' id='word_1_232' title='bbox 247 2568 334 2633; x_wconf 85' lang='lat'><strong>25</strong></span> <span class='ocrx_word' id='word_1_233' title='bbox 479 2569 562 2628; x_wconf 90' lang='lat' dir='ltr'><strong>Ea</strong></span> <span class='ocrx_word' id='word_1_234' title='bbox 592 2573 942 2645; x_wconf 85' lang='lat' dir='ltr'><strong>tempestate</strong></span> <span class='ocrx_word' id='word_1_235' title='bbox 973 2567 1317 2642; x_wconf 84' lang='lat' dir='ltr'><strong>supervenit</strong></span> <span class='ocrx_word' id='word_1_236' title='bbox 1346 2565 1633 2643; x_wconf 88' lang='lat' dir='ltr'><strong>quaedam</strong></span> <span class='ocrx_word' id='word_1_237' title='bbox 1664 2565 1907 2634; x_wconf 87' lang='lat' dir='ltr'><strong>mulier,</strong></span> <span class='ocrx_word' id='word_1_238' title='bbox 1942 2582 2091 2642; x_wconf 88' lang='lat' dir='ltr'><strong>quae</strong></span> <span class='ocrx_word' id='word_1_239' title='bbox 2124 2565 2284 2627; x_wconf 87' lang='lat' dir='ltr'><strong>dice-</strong></span> 
     </span>
     <span class='ocr_line' id='line_1_29' title="bbox 349 2650 2284 2720; baseline 0.001 -9"><span class='ocrx_word' id='word_1_240' title='bbox 349 2659 460 2719; x_wconf 85' lang='lat' dir='ltr'><strong>ret,</strong></span> <span class='ocrx_word' id='word_1_241' title='bbox 497 2651 728 2710; x_wconf 88' lang='lat' dir='ltr'><strong>somnio</strong></span> <span class='ocrx_word' id='word_1_242' title='bbox 759 2668 823 2709; x_wconf 92' lang='lat' dir='ltr'><strong>se</strong></span> <span class='ocrx_word' id='word_1_243' title='bbox 855 2650 1158 2718; x_wconf 86' lang='lat' dir='ltr'><strong>monitam,</strong></span> <span class='ocrx_word' id='word_1_244' title='bbox 1191 2657 1256 2711; x_wconf 93' lang='lat' dir='ltr'><strong>ut</strong></span> <span class='ocrx_word' id='word_1_245' title='bbox 1286 2651 1624 2710; x_wconf 85' lang='lat' dir='ltr'><strong>insinuaret</strong></span> <span class='ocrx_word' id='word_1_246' title='bbox 1644 2650 1963 2720; x_wconf 89' lang='lat' dir='ltr'><strong>Hadriano,</strong></span> <span class='ocrx_word' id='word_1_247' title='bbox 1995 2669 2075 2710; x_wconf 89' lang='lat' dir='ltr'><strong>ne</strong></span> <span class='ocrx_word' id='word_1_248' title='bbox 2094 2669 2158 2712; x_wconf 91' lang='lat' dir='ltr'><strong>se</strong></span> <span class='ocrx_word' id='word_1_249' title='bbox 2184 2669 2284 2712; x_wconf 91' lang='lat' dir='ltr'><strong>oc·</strong></span> 
     </span>
     <span class='ocr_line' id='line_1_30' title="bbox 349 2732 2284 2814; baseline 0.001 -20"><span class='ocrx_word' id='word_1_250' title='bbox 349 2734 595 2803; x_wconf 87' lang='lat' dir='ltr'><strong>cideret,</strong></span> <span class='ocrx_word' id='word_1_251' title='bbox 631 2733 790 2812; x_wconf 89' lang='lat' dir='ltr'><strong>quod</strong></span> <span class='ocrx_word' id='word_1_252' title='bbox 825 2740 984 2793; x_wconf 89' lang='lat' dir='ltr'><strong>esset</strong></span> <span class='ocrx_word' id='word_1_253' title='bbox 1015 2732 1168 2793; x_wconf 87' lang='lat' dir='ltr'><strong>bene</strong></span> <span class='ocrx_word' id='word_1_254' title='bbox 1198 2733 1508 2794; x_wconf 81' lang='lat' dir='ltr'><strong>ualituruS.</strong></span> <span class='ocrx_word' id='word_1_255' title='bbox 1586 2735 1746 2814; x_wconf 89' lang='lat' dir='ltr'><strong>quod</strong></span> <span class='ocrx_word' id='word_1_256' title='bbox 1790 2753 1927 2796; x_wconf 89' lang='lat' dir='ltr'><strong>cum</strong></span> <span class='ocrx_word' id='word_1_257' title='bbox 1958 2754 2080 2796; x_wconf 88' lang='lat' dir='ltr'><strong>non</strong></span> <span class='ocrx_word' id='word_1_258' title='bbox 2110 2737 2284 2796; x_wconf 88' lang='lat' dir='ltr'><strong>fecis-</strong></span> 
     </span>
     <span class='ocr_line' id='line_1_31' title="bbox 349 2815 2365 2888; baseline -0 -10"><span class='ocrx_word' id='word_1_259' title='bbox 349 2826 458 2888; x_wconf 87' lang='lat' dir='ltr'><strong>set,</strong></span> <span class='ocrx_word' id='word_1_260' title='bbox 494 2836 627 2878; x_wconf 85' lang='lat' dir='ltr'><strong>esse</strong></span> <span class='ocrx_word' id='word_1_261' title='bbox 657 2825 972 2878; x_wconf 85' lang='lat' dir='ltr'><strong>caecatam.</strong></span> <span class='ocrx_word' id='word_1_262' title='bbox 1021 2819 1242 2878; x_wconf 90' lang='lat' dir='ltr'><strong>iussam</strong></span> <span class='ocrx_word' id='word_1_263' title='bbox 1273 2815 1475 2879; x_wconf 86' lang='lat' dir='ltr'><strong>tamen</strong></span> <span class='ocrx_word' id='word_1_264' title='bbox 1505 2820 1725 2880; x_wconf 85' lang='lat' dir='ltr'><strong>iterum</strong></span> <span class='ocrx_word' id='word_1_265' title='bbox 1740 2820 2043 2881; x_wconf 86' lang='lat' dir='ltr'><strong>Hadriano</strong></span> <span class='ocrx_word' id='word_1_266' title='bbox 2076 2819 2281 2880; x_wconf 84' lang='lat' dir='ltr'><strong>eadem</strong></span> <span class='ocrx_word' id='word_1_267' title='bbox 2312 2838 2365 2877; x_wconf 75' lang='lat' dir='ltr'><strong>so</strong></span> 
     </span>
    </p>
   </div>
   <div class='ocr_carea' id='block_1_2' title="bbox 341 2967 2287 3576">
    <p class='ocr_par' dir='ltr' id='par_1_12' title="bbox 341 2967 2287 3576">
     <span class='ocr_line' id='line_1_32' title="bbox 452 2967 2285 3034; baseline 0.001 -17"><span class='ocrx_word' id='word_1_268' title='bbox 452 2970 479 3017; x_wconf 90' lang='lat'>1</span> <span class='ocrx_word' id='word_1_269' title='bbox 509 2971 564 3017; x_wconf 88' lang='lat' dir='ltr'><strong>et</strong></span> <span class='ocrx_word' id='word_1_270' title='bbox 588 2967 813 3019; x_wconf 89' lang='lat' dir='ltr'><em>BPVM</em></span> <span class='ocrx_word' id='word_1_271' title='bbox 833 2968 932 3018; x_wconf 83' lang='lat' dir='ltr'><strong>sed</strong></span> <span class='ocrx_word' id='word_1_272' title='bbox 959 2967 1002 3018; x_wconf 87' lang='lat' dir='ltr'><em>C</em></span> <span class='ocrx_word' id='word_1_273' title='bbox 1023 2984 1092 3018; x_wconf 79' lang='lat' dir='ltr'><strong>ex</strong></span> <span class='ocrx_word' id='word_1_274' title='bbox 1115 2969 1241 3034; x_wconf 71' lang='lat' dir='ltr'><strong>Rey.</strong></span> <span class='ocrx_word' id='word_1_275' title='bbox 1345 2969 1529 3019; x_wconf 87' lang='lat' dir='ltr'><strong>haelio</strong></span> <span class='ocrx_word' id='word_1_276' title='bbox 1554 2970 1607 3019; x_wconf 90' lang='lat' dir='ltr'><em>B</em></span> <span class='ocrx_word' id='word_1_277' title='bbox 1710 2973 1742 3022; x_wconf 88' lang='lat'><strong>3</strong></span> <span class='ocrx_word' id='word_1_278' title='bbox 1768 2976 1825 3020; x_wconf 81' lang='lat' dir='ltr'><strong>et</strong></span> <span class='ocrx_word' id='word_1_279' title='bbox 1850 2971 2041 3020; x_wconf 83' lang='lat' dir='ltr'><strong>eadem</strong></span> <span class='ocrx_word' id='word_1_280' title='bbox 2064 2969 2285 3019; x_wconf 91' lang='lat' dir='ltr'><em>BPVM</em></span> 
     </span>
     <span class='ocr_line' id='line_1_33' title="bbox 346 3035 2285 3101; baseline 0.001 -16"><span class='ocrx_word' id='word_1_281' title='bbox 346 3039 407 3086; x_wconf 77' lang='lat' dir='ltr'><strong>et</strong></span> <span class='ocrx_word' id='word_1_282' title='bbox 433 3051 500 3098; x_wconf 77' lang='lat' dir='ltr'><strong>ea</strong></span> <span class='ocrx_word' id='word_1_283' title='bbox 525 3035 745 3100; x_wconf 89' lang='lat' dir='ltr'><strong>quidem</strong></span> <span class='ocrx_word' id='word_1_284' title='bbox 763 3036 980 3087; x_wconf 78' lang='lat' dir='ltr'><strong>Jordan.</strong></span> <span class='ocrx_word' id='word_1_285' title='bbox 1017 3051 1110 3101; x_wconf 68' lang='lat' dir='ltr'><strong>eqo</strong></span> <span class='ocrx_word' id='word_1_286' title='bbox 1131 3039 1445 3088; x_wconf 68' lang='lat' dir='ltr'><strong>confeceram</strong></span> <span class='ocrx_word' id='word_1_287' title='bbox 1462 3041 1523 3086; x_wconf 79' lang='lat' dir='ltr'><strong>at</strong></span> <span class='ocrx_word' id='word_1_288' title='bbox 1544 3053 1611 3088; x_wconf 85' lang='lat' dir='ltr'><strong>ea.</strong></span> <span class='ocrx_word' id='word_1_289' title='bbox 1634 3039 1847 3088; x_wconf 86' lang='lat' dir='ltr'><strong>demum</strong></span> <span class='ocrx_word' id='word_1_290' title='bbox 1944 3040 1979 3087; x_wconf 86' lang='lat'>4</span> <span class='ocrx_word' id='word_1_291' title='bbox 1999 3037 2285 3086; x_wconf 86' lang='lat' dir='ltr'><strong>Ceionium</strong></span> 
     </span>
     <span class='ocr_line' id='line_1_34' title="bbox 345 3103 2133 3171; baseline 0 -17"><span class='ocrx_word' id='word_1_292' title='bbox 345 3103 552 3154; x_wconf 85' lang='lat' dir='ltr'><strong>Verum</strong></span> <span class='ocrx_word' id='word_1_293' title='bbox 574 3103 890 3170; x_wconf 72' lang='lat' dir='ltr'><strong>Bernhardy</strong></span> <span class='ocrx_word' id='word_1_294' title='bbox 915 3103 1032 3166; x_wconf 73' lang='lat' dir='ltr'><strong>(sed</strong></span> <span class='ocrx_word' id='word_1_295' title='bbox 1052 3105 1120 3168; x_wconf 82' lang='lat' dir='ltr'><strong>cf.</strong></span> <span class='ocrx_word' id='word_1_296' title='bbox 1147 3105 1272 3159; x_wconf 83' lang='lat' dir='ltr'><strong>Ant.</strong></span> <span class='ocrx_word' id='word_1_297' title='bbox 1300 3104 1352 3170; x_wconf 83' lang='lat'><strong>6)</strong></span> <span class='ocrx_word' id='word_1_298' title='bbox 1458 3107 1490 3156; x_wconf 85' lang='lat'>8</span> <span class='ocrx_word' id='word_1_299' title='bbox 1528 3110 1888 3171; x_wconf 79' lang='lat' dir='ltr'><strong>cog-nomento</strong></span> <span class='ocrx_word' id='word_1_300' title='bbox 1911 3105 2073 3154; x_wconf 89' lang='lat' dir='ltr'><strong>BPV</strong></span> <span class='ocrx_word' id='word_1_301' title='bbox 2070 3104 2133 3154; x_wconf 93' lang='lat' dir='ltr'><em>M</em></span> 
     </span>
     <span class='ocr_line' id='line_1_35' title="bbox 349 3169 2209 3238; baseline 0.001 -18"><span class='ocrx_word' id='word_1_302' title='bbox 349 3172 415 3221; x_wconf 86' lang='lat'><strong>10</strong></span> <span class='ocrx_word' id='word_1_303' title='bbox 439 3169 538 3220; x_wconf 83' lang='lat' dir='ltr'><strong>alii</strong></span> <span class='ocrx_word' id='word_1_304' title='bbox 561 3197 628 3205; x_wconf 86' lang='lat'><em>-</em></span> <span class='ocrx_word' id='word_1_305' title='bbox 654 3170 948 3222; x_wconf 83' lang='lat' dir='ltr'><strong>detulisset</strong></span> <span class='ocrx_word' id='word_1_306' title='bbox 972 3174 1026 3222; x_wconf 80' lang='lat' dir='ltr'><strong>in</strong></span> <span class='ocrx_word' id='word_1_307' title='bbox 1047 3174 1099 3222; x_wconf 89' lang='lat' dir='ltr'><em>P</em></span> <span class='ocrx_word' id='word_1_308' title='bbox 1115 3173 1263 3238; x_wconf 80' lang='lat' dir='ltr'><strong>infra</strong></span> <span class='ocrx_word' id='word_1_309' title='bbox 1284 3179 1574 3224; x_wconf 76' lang='lat' dir='ltr'><strong>contextum</strong></span> <span class='ocrx_word' id='word_1_310' title='bbox 1678 3175 1741 3223; x_wconf 84' lang='lat'><strong>12</strong></span> <span class='ocrx_word' id='word_1_311' title='bbox 1768 3172 1959 3222; x_wconf 78' lang='lat' dir='ltr'><strong>atilius</strong></span> <span class='ocrx_word' id='word_1_312' title='bbox 1984 3171 2209 3222; x_wconf 85' lang='lat' dir='ltr'><em>BPVM</em></span> 
     </span>
     <span class='ocr_line' id='line_1_36' title="bbox 349 3236 2284 3305; baseline 0.001 -17"><span class='ocrx_word' id='word_1_313' title='bbox 349 3241 412 3289; x_wconf 88' lang='grc'><strong>13</strong></span> <span class='ocrx_word' id='word_1_314' title='bbox 435 3239 590 3288; x_wconf 86' lang='lat' dir='ltr'><strong>urbis</strong></span> <span class='ocrx_word' id='word_1_315' title='bbox 613 3236 750 3290; x_wconf 81' lang='lat' dir='ltr'><strong>B⁸M</strong></span> <span class='ocrx_word' id='word_1_316' title='bbox 855 3241 918 3289; x_wconf 82' lang='grc'><strong>16</strong></span> <span class='ocrx_word' id='word_1_317' title='bbox 943 3239 1221 3305; x_wconf 82' lang='lat' dir='ltr'><strong>proditum</strong></span> <span class='ocrx_word' id='word_1_318' title='bbox 1245 3246 1395 3292; x_wconf 81' lang='lat' dir='ltr'><strong>esset</strong></span> <span class='ocrx_word' id='word_1_319' title='bbox 1420 3241 1484 3290; x_wconf 91' lang='lat' dir='ltr'><em>M</em></span> <span class='ocrx_word' id='word_1_320' title='bbox 1574 3242 1637 3290; x_wconf 83' lang='lat'><strong>18</strong></span> <span class='ocrx_word' id='word_1_321' title='bbox 1663 3256 1802 3304; x_wconf 89' lang='lat' dir='ltr'><strong>equo</strong></span> <span class='ocrx_word' id='word_1_322' title='bbox 1821 3239 1872 3289; x_wconf 91' lang='lat' dir='ltr'><em>B</em></span> <span class='ocrx_word' id='word_1_323' title='bbox 1976 3241 2040 3290; x_wconf 80' lang='lat'><strong>22</strong></span> <span class='ocrx_word' id='word_1_324' title='bbox 2067 3241 2284 3290; x_wconf 84' lang='lat' dir='ltr'><strong>statim-</strong></span> 
     </span>
     <span class='ocr_line' id='line_1_37' title="bbox 347 3306 2282 3372; baseline 0.002 -17"><span class='ocrx_word' id='word_1_325' title='bbox 347 3319 455 3370; x_wconf 89' lang='lat' dir='ltr'><strong>que</strong></span> <span class='ocrx_word' id='word_1_326' title='bbox 489 3333 556 3342; x_wconf 90' lang='lat'><strong>-—</strong></span> <span class='ocrx_word' id='word_1_327' title='bbox 589 3308 966 3372; x_wconf 77' lang='lat' dir='ltr'><strong>praetermisit</strong></span> <span class='ocrx_word' id='word_1_328' title='bbox 1002 3308 1225 3359; x_wconf 81' lang='lat' dir='ltr'><strong>dicente</strong></span> <span class='ocrx_word' id='word_1_329' title='bbox 1257 3336 1325 3344; x_wconf 87' lang='lat'><strong>—-</strong></span> <span class='ocrx_word' id='word_1_330' title='bbox 1369 3306 1795 3358; x_wconf 78' lang='lat' dir='ltr'><strong>accidi-BPVM</strong></span> <span class='ocrx_word' id='word_1_331' title='bbox 1815 3311 2130 3372; x_wconf 66' lang='lat' dir='ltr'><strong>transposuit</strong></span> <span class='ocrx_word' id='word_1_332' title='bbox 2154 3308 2282 3358; x_wconf 77' lang='lat' dir='ltr'><strong>Rob.</strong></span> 
     </span>
     <span class='ocr_line' id='line_1_38' title="bbox 344 3373 2197 3441; baseline 0.002 -18"><span class='ocrx_word' id='word_1_333' title='bbox 344 3373 550 3425; x_wconf 84' lang='lat' dir='ltr'><strong>Bonon.</strong></span> <span class='ocrx_word' id='word_1_334' title='bbox 687 3377 754 3426; x_wconf 82' lang='lat'><strong>23</strong></span> <span class='ocrx_word' id='word_1_335' title='bbox 778 3375 1081 3441; x_wconf 86' lang='lat' dir='ltr'><strong>reipublice</strong></span> <span class='ocrx_word' id='word_1_336' title='bbox 1106 3376 1159 3425; x_wconf 89' lang='lat' dir='ltr'><em>B</em></span> <span class='ocrx_word' id='word_1_337' title='bbox 1297 3375 1633 3441; x_wconf 86' lang='lat' dir='ltr'><strong>pretermisit</strong></span> <span class='ocrx_word' id='word_1_338' title='bbox 1660 3377 1709 3424; x_wconf 89' lang='lat' dir='ltr'><em>P</em></span> <span class='ocrx_word' id='word_1_339' title='bbox 1840 3378 1907 3426; x_wconf 79' lang='lat'><strong>24</strong></span> <span class='ocrx_word' id='word_1_340' title='bbox 1932 3381 1989 3426; x_wconf 83' lang='lat' dir='ltr'><strong>et</strong></span> <span class='ocrx_word' id='word_1_341' title='bbox 2014 3377 2197 3426; x_wconf 79' lang='lat' dir='ltr'><strong>addidi</strong></span> 
     </span>
     <span class='ocr_line' id='line_1_39' title="bbox 343 3441 2287 3506; baseline 0.001 -14"><span class='ocrx_word' id='word_1_342' title='bbox 343 3443 412 3492; x_wconf 80' lang='lat'><strong>26</strong></span> <span class='ocrx_word' id='word_1_343' title='bbox 436 3442 616 3506; x_wconf 86' lang='lat' dir='ltr'><strong>ipsum</strong></span> <span class='ocrx_word' id='word_1_344' title='bbox 638 3441 714 3492; x_wconf 79' lang='lat' dir='ltr'><strong>B²</strong></span> <span class='ocrx_word' id='word_1_345' title='bbox 839 3447 904 3495; x_wconf 83' lang='lat'><strong>30</strong></span> <span class='ocrx_word' id='word_1_346' title='bbox 929 3450 1078 3494; x_wconf 83' lang='lat' dir='ltr'><strong>esset</strong></span> <span class='ocrx_word' id='word_1_347' title='bbox 1103 3442 1244 3494; x_wconf 83' lang='lat' dir='ltr'><em>B¹P¹</em></span> <span class='ocrx_word' id='word_1_348' title='bbox 1274 3449 1360 3494; x_wconf 85' lang='lat' dir='ltr'><strong>est</strong></span> <span class='ocrx_word' id='word_1_349' title='bbox 1384 3442 1459 3494; x_wconf 69' lang='grc' dir='ltr'><strong>Β2</strong></span> <span class='ocrx_word' id='word_1_350' title='bbox 1486 3457 1607 3494; x_wconf 81' lang='lat' dir='ltr'><strong>esse</strong></span> <span class='ocrx_word' id='word_1_351' title='bbox 1632 3442 1705 3494; x_wconf 65' lang='lat' dir='ltr'><strong>P*</strong></span> <span class='ocrx_word' id='word_1_352' title='bbox 1821 3449 2053 3494; x_wconf 77' lang='lat' dir='ltr'><strong>caecata</strong></span> <span class='ocrx_word' id='word_1_353' title='bbox 2077 3443 2128 3493; x_wconf 92' lang='lat' dir='ltr'><em>B</em></span> <span class='ocrx_word' id='word_1_354' title='bbox 2154 3445 2287 3506; x_wconf 78' lang='lat' dir='ltr'><strong>(cum</strong></span> 
     </span>
     <span class='ocr_line' id='line_1_40' title="bbox 341 3511 1357 3576; baseline 0.003 -17"><span class='ocrx_word' id='word_1_355' title='bbox 341 3525 450 3560; x_wconf 73' lang='lat' dir='ltr'><strong>raS.</strong></span> <span class='ocrx_word' id='word_1_356' title='bbox 479 3527 591 3576; x_wconf 80' lang='lat' dir='ltr'><strong>sup.</strong></span> <span class='ocrx_word' id='word_1_357' title='bbox 618 3517 818 3562; x_wconf 76' lang='lat' dir='ltr'><strong>tertium</strong></span> <span class='ocrx_word' id='word_1_358' title='bbox 843 3511 900 3574; x_wconf 87' lang='lat' dir='ltr'><strong>a)</strong></span> <span class='ocrx_word' id='word_1_359' title='bbox 934 3512 986 3562; x_wconf 91' lang='lat' dir='ltr'><em>V</em></span> <span class='ocrx_word' id='word_1_360' title='bbox 1119 3513 1273 3562; x_wconf 82' lang='lat' dir='ltr'><strong>iussa</strong></span> <span class='ocrx_word' id='word_1_361' title='bbox 1306 3513 1357 3561; x_wconf 89' lang='lat' dir='ltr'><em>V</em></span> 
     </span>
    </p>
   </div>
   <div class='ocr_carea' id='block_1_3' title="bbox 2493 0 2513 3856">
    <p class='ocr_par' dir='ltr' id='par_1_13' title="bbox 2493 0 2513 3856">
     <span class='ocr_line' id='line_1_41' title="bbox 2493 0 2513 3856; baseline 0 0"><span class='ocrx_word' id='word_1_362' title='bbox 2493 0 2513 3856; x_wconf 95' lang='lat' dir='ltr'><strong> </strong></span> 
     </span>
    </p>
   </div>
  </div>
 </body>
</html>
