2517 3884
369 171 495 238 256
1071 177 1246 233 AELlI
1287 177 1620 234 LAMPRIDII

372 344 787 424 Heliogabalus
826 344 1171 414 inuenerat,
1232 343 1459 413 resolui
1504 345 1802 424 praecipit
1845 360 2040 425 neque
2084 347 2148 406 in
2193 365 2310 409 usu

267 440 337 489 19
372 434 720 511 cuiusquam
753 430 1012 497 uersari;
1048 435 1225 510 atque
1258 447 1333 490 ex
1365 448 1436 489 eo
1469 428 1561 490 his
1592 428 1878 491 materiae
1902 447 2120 491 nomen
2151 431 2308 492 indi-

372 524 501 579 tum
530 523 641 584 est,
675 533 811 575 cum
842 514 1086 583 diceret,
1119 514 1257 592 plus
1287 514 1584 592 largiendi
1615 513 1768 575 hanc
1793 532 1927 577 esse
1955 517 2310 594 imperatori

336 621 349 631 ·
375 620 632 670 causam,
666 602 735 670 si,
770 618 905 661 cum
938 598 1157 659 multos
1188 597 1412 661 solidos
1443 601 1708 660 minores
1738 599 1883 660 dare
1914 602 2125 679 possit,
2161 600 2308 661 dans

374 686 585 748 decem
616 684 714 747 uel
742 684 997 764 amplius
1028 701 1145 745 una
1184 686 1380 747 forma
1418 685 1662 763 triginta
1705 693 1764 745 et
1795 686 2226 765 quinquaginta
2255 694 2317 747 et
2383 706 2414 745 5

375 777 617 833 centum
645 770 789 831 dare
820 775 1154 847 cogeretur.

262 846 357 911 40
501 858 709 917 Vestes
734 856 957 916 sericas
978 856 1106 934 ipse
1130 872 1300 917 raras
1323 852 1560 921 habuit;
1610 854 1960 917 olosericam
1993 873 2318 935 numquam

306 944 337 991 2
371 942 583 1010 induit,
610 940 981 1001 subsericam
1011 958 1335 1019 numquam
1369 939 1629 1000 donauit.
1664 940 1890 1001 diuitiis
1912 938 2138 1001 nullius
2161 944 2316 1003 inui-

374 1027 478 1087 dit.
502 1043 799 1106 pauperes
828 1026 998 1086 iuuit.
1022 1024 1364 1094 honoratoS,
1394 1042 1545 1103 quos
1566 1042 1866 1104 pauperes
1890 1042 2037 1086 uere
2061 1044 2184 1087 non
2206 1045 2318 1106 per

372 1111 675 1173 luxuriam
718 1120 819 1172 aut
848 1109 1291 1171 simulationem
1323 1109 1504 1180 uidit,
1539 1127 1782 1189 semper
1811 1109 2014 1171 multis
2045 1128 2311 1173 commo·
2351 1132 2414 1170 ιο

376 1196 471 1257 dis
500 1196 662 1259 auxit
690 1197 848 1274 agris
878 1196 1070 1257 seruis
1094 1194 1448 1255 animalibus
1475 1194 1758 1272 gregibus
1787 1195 2176 1257 ferramentis
2214 1215 2316 1257 ru—

301 1286 341 1333 3
378 1283 561 1345 sticiS.
638 1284 701 1342 in
742 1280 1045 1341 thesauris
1097 1286 1330 1341 uestem
1381 1298 1708 1357 numquam
1762 1282 1881 1341 nisi
1921 1299 2140 1341 annum
2187 1300 2318 1342 esse

377 1386 591 1447 passus
624 1374 715 1427 est
746 1384 995 1447 eamque
1026 1366 1223 1426 statim
1256 1364 1514 1444 expendi
1543 1366 1733 1426 iussit.
1815 1384 2056 1427 omnem
2085 1374 2317 1427 uestem

308 1457 344 1504 4
380 1470 557 1531 quam
588 1451 835 1512 donauit
862 1453 991 1529 ipse
1022 1452 1346 1529 perspexit.
1367 1490 1388 1527 3
1419 1468 1596 1511 omne
1626 1468 1857 1519 aurum,
1893 1468 2072 1511 omne
2105 1468 2317 1531 argen-

312 1540 345 1590 5
382 1545 507 1598 tum
530 1535 713 1616 idque
732 1536 1085 1616 frequenter
1108 1533 1410 1615 adpendit.
1438 1535 1685 1595 donauit
1709 1542 1768 1596 et
1791 1554 1998 1597 ocreas
2028 1544 2087 1597 et
2109 1536 2320 1597 bracas
2355 1558 2412 1597 15

310 1626 345 1673 6
382 1629 442 1683 et
471 1619 855 1682 calciamenta
884 1621 1042 1681 inter
1087 1622 1442 1681 uestimenta
1485 1619 1780 1681 militaria.
1859 1639 2166 1700 purpurae
2198 1622 2318 1683 cla-

377 1707 651 1768 rissimae
681 1723 804 1767 non
834 1705 911 1765 ad
941 1724 1116 1766 usum
1147 1724 1322 1765 suum
1366 1705 1471 1766 sed
1504 1705 1577 1765 ad
1611 1713 2049 1777 matronarum,
2085 1708 2137 1768 si
2169 1726 2322 1786 quae

383 1790 761 1870 aut‘possent
792 1798 894 1851 aut
924 1788 1168 1859 uellent,
1204 1795 1368 1852 certe
1401 1790 1473 1851 ad
1508 1790 1889 1851 uendendum
1920 1793 2322 1869 grauissimus

384 1883 624 1937 exactor
655 1876 791 1945 fuit,
838 1877 920 1936 ita
964 1882 1030 1935 ut
1058 1874 1489 1937 Alexandriana
1529 1894 1800 1955 purpura
1829 1875 2128 1957 hodieque
2160 1877 2320 1938 dica-

382 1968 483 2023 tur
513 1978 663 2041 quae
696 1960 873 2038 uul‘go
905 1960 1200 2021 Probiana
1260 1960 1498 2031 dicitur,
1559 1961 1784 2022 idcirco
1844 1962 2002 2041 quod
2044 1962 2323 2023 Aurelius
2351 1984 2407 2023 ευ

384 2044 617 2109 Probus
678 2045 846 2106 bafiis
893 2047 1277 2125 praepositus
1331 2046 1391 2105 id
1432 2063 1623 2124 genus
1653 2048 1900 2107 muricis
1929 2050 2321 2126 repperisset.

311 2134 347 2183 ’7
384 2150 530 2193 usus
574 2139 666 2192 est
702 2132 838 2208 ipse
878 2130 1132 2192 clamide
1192 2149 1370 2209 saepe
1431 2132 1726 2191 coccinea.
1801 2133 1867 2191 in
1919 2131 2073 2209 urbe
2120 2140 2326 2193 tamen

315 2220 349 2269 8
386 2236 625 2296 semper
656 2222 895 2294 togatus
937 2217 1050 2277 suit
1080 2224 1141 2277 et
1168 2218 1234 2275 in
1262 2215 1465 2277 Italiae
1508 2214 1781 2276 urbibus.
1858 2224 2232 2294 praetextam
2265 2225 2326 2277 et

384 2304 604 2380 pictam
634 2309 833 2379 togam
865 2318 1188 2380 numquam
1222 2302 1341 2360 nisi
1381 2300 1590 2362 consul
1621 2302 1878 2380 accepit,
1917 2309 1974 2361 et
2017 2320 2146 2362 eam
2193 2304 2324 2381 qui-

388 2386 524 2447 dem
556 2404 733 2465 quam
764 2385 838 2445 de
867 2383 1029 2446 Iouis
1070 2385 1293 2464 templo
1327 2392 1624 2466 sumptam
1667 2385 1766 2446 alii
1797 2404 2036 2466 quoque
2067 2388 2325 2466 accipie·
2355 2409 2409 2448 25

312 2473 351 2521 9
386 2470 533 2531 hant
601 2478 703 2530 aut
755 2476 1069 2549 praetores
1128 2477 1231 2531 aut
1285 2470 1582 2532 consules.
1661 2474 1893 2551 accepit
1949 2479 2330 2550 praetextam

390 2557 567 2616 etiam
608 2573 743 2615 cum
776 2573 944 2615 sacra
974 2556 1230 2624 faceret,
1278 2556 1384 2615 sed
1426 2555 1559 2617 loco
1600 2558 1896 2636 pontificis
1928 2558 2173 2618 maximi
2202 2576 2326 2617 non

288 2645 353 2691 10
387 2642 784 2719 imperatoris.
863 2639 1005 2700 honi
1062 2639 1424 2701 linteaminis
1465 2640 1760 2720 adpetitor
1792 2642 1932 2710 fuit,
1991 2649 2050 2702 et
2081 2642 2326 2723 quidem

389 2726 546 2805 puri,
581 2725 811 2787 dicens:
846 2724 955 2795 „Si
984 2723 1179 2804 lineae
1210 2724 1435 2787 idcirco
1468 2734 1608 2788 sunt
1637 2734 1702 2786 ut
1728 2725 1876 2787 nihil
1907 2744 2190 2806 asperum
2225 2727 2328 2787 ha-

290 2813 355 2861 11
391 2809 597 2881 beant,
663 2810 799 2889 quid
846 2829 996 2888 opus
1040 2818 1131 2872 est
1187 2830 1459 2891 purpura
1502 2814 1564 2874 in
1610 2811 1848 2873 linea?“
1879 2830 2093 2873 aurum
2126 2820 2322 2873 autem
2353 2834 2408 2873 so

392 2898 546 2957 mitti
588 2902 647 2955 et
690 2896 1047 2963 dementiam
1106 2895 1435 2977 iudicabat,
1493 2915 1624 2958 cum
1668 2898 1756 2957 ad
1793 2900 2179 2976 asperitatem
2221 2898 2322 2959 ad-

491 3100 522 3147 2
548 3114 617 3148 ex
639 3099 727 3149 his
753 3099 794 3149 S
928 3102 959 3150 3
983 3100 1335 3165 imperatoris
1358 3100 1462 3150 BP
1575 3105 1606 3151 7
1629 3099 1932 3151 olbsericas
1957 3102 2024 3151 M
2159 3106 2223 3153 10
2245 3101 2324 3151 lu-

386 3166 601 3216 xoriam
621 3167 673 3215 B
812 3170 874 3218 13
898 3183 1186 3234 eamquam
1207 3167 1312 3218 BP
1329 3185 1449 3221 exc.
1587 3171 1650 3218 19
1674 3168 2036 3219 alexandrina
2062 3171 2129 3221 M
2259 3172 2322 3219 21

390 3232 551 3300 pafiis
574 3232 655 3283 Ρ2
678 3235 858 3286 hastis
882 3252 999 3288 exc.
1104 3239 1170 3287 23
1194 3237 1255 3285 in
1279 3235 1504 3303 Italiae]
1533 3237 1671 3287 inite
1695 3237 1748 3286 B
1771 3237 1947 3287 initae
1973 3236 2051 3287 P¹
2167 3240 2235 3289 24
2258 3253 2324 3287 ea

389 3301 492 3351 BP
512 3318 628 3353 exc.
734 3304 801 3353 28
825 3302 1114 3355 linaeBP1
1140 3304 1313 3354 linaei
1324 3303 1400 3354 Ρε
1423 3305 1586 3355 lintei
1610 3305 1677 3356 M
1695 3303 1837 3355 em.S
1941 3308 2008 3357 29
2032 3310 2096 3355 ut
2121 3306 2330 3359 om.BP

387 3373 457 3421 30
480 3372 615 3435 uoly.
633 3372 927 3437 interpuny.
956 3379 1076 3438 post
1110 3388 1379 3439 purpura3
1414 3381 1536 3438 post
1566 3373 1717 3423 linea
1753 3374 1994 3423 distinxit
2027 3374 2322 3425 Mommsen.

489 3453 679 3488 aurum
706 3443 803 3489 aut
826 3440 928 3489 BP
950 3446 1136 3491 autem
1159 3456 1352 3493 aurum
1377 3441 1444 3492 M
1530 3443 1593 3492 31
1617 3442 1808 3491 malim:
1831 3441 2058 3491 immitti
2151 3448 2208 3493 et
2231 3458 2328 3494 om.

392 3505 459 3555 B¹
566 3505 915 3558 clementiam
940 3507 1020 3557 131
1121 3509 1336 3559 iudicat
1355 3509 1458 3559 BP
1556 3508 1628 3559 ad
1653 3511 1772 3560 add.
1799 3509 1842 3559 S
1941 3510 2244 3575 asperitati
2265 3508 2330 3561 M
