2517 3884
333 201 567 253 mmsx
600 199 947 252 NOMINVM
982 202 1079 252 m·
1116 200 1372 251 RERVM
1407 200 1985 253 MEMORABILIVM
2075 192 2199 265 323

175 371 236 423 11
257 372 341 433 90,
368 372 450 421 20.
469 370 529 419 in
546 370 611 420 P.
636 368 819 420 locum
841 368 1129 421 Lollianus

178 439 509 503 subrogatus
544 438 603 487 11
637 440 722 501 93,
760 440 843 487 24.
879 436 1131 487 Lolliani

175 506 485 557 rebellione
532 506 894 571 interemptus
924 506 997 555 *11
1042 506 1126 564 94,

176 576 225 623 2.
274 575 332 623 in
370 572 559 623 Gallia
604 572 854 625 adsertor
894 569 1130 623 Romani

176 642 415 692 nominis
434 640 674 691 xexstitit
742 642 799 691 11
870 641 937 691 94
955 679 970 707 ,
1043 642 1125 691 18.

175 708 447 760 nonnulla
492 712 682 758 castra
726 709 785 758 in
831 708 951 759 solo
996 708 1125 759 bar-

177 778 368 827 barico
396 776 719 827 aedificauit
734 776 791 826 11
814 778 897 836 94,
926 780 1016 839 133
1046 777 1125 825 14.

176 846 299 895 uita
335 845 559 909 priuata
593 844 651 893 in
674 841 865 894 multis
890 844 1131 895 obscura

178 921 263 963 est
309 912 366 963 ΙΙ
411 913 503 974 94,
542 913 625 962 27.
685 912 746 963 Ρ.
786 927 905 963 cum
939 912 1129 963 Victo-

176 982 297 1031 rino
345 980 678 1045 participato
730 980 961 1045 imperio
998 994 1129 1030 con-

174 1053 265 1097 tra
296 1046 451 1098 Gall.
492 1047 741 1098 conflixit
773 1049 830 1099 II
865 1050 959 1113 95,
1006 1049 1055 1101 2.
1094 1062 1130 1097 a
1177 1069 1187 1077 .

178 1116 303 1165 Val.
376 1120 659 1179 promotus
726 1114 785 1165 II
842 1118 973 1175 100,
1045 1116 1126 1165 16.

110 1198 129 1222 ³
179 1182 472 1234 Gallienus
517 1200 552 1233 a
595 1183 785 1234 Valer.
836 1184 907 1233 ad
946 1183 1125 1233 erudi-

108 1290 115 1298 .
176 1250 374 1302 endum
392 1252 455 1304 P.
478 1251 797 1301 commissus
818 1252 876 1302 H
903 1253 1018 1313 142,
1043 1253 1127 1302 23.

101 1320 352 1438 Pois-tami
400 1320 634 1369 iunioris
692 1320 919 1385 tyranni
975 1319 1127 1369 uita

98 1456 473 1519 praefecturae
507 1454 703 1504 infulis
727 1459 955 1504 ornatus
980 1456 1125 1505 Mar-

175 1524 295 1573 cius
331 1522 517 1573 Turbo
552 1523 604 1585 8,
642 1524 725 1573 20.

98 1592 443 1659 praefectura
474 1591 717 1655 Aegypti
754 1591 813 1641 II
861 1592 989 1649 134,
1039 1591 1125 1640 24.

174 1675 256 1724 pr.
293 1658 675 1723 Aegyptiacae
711 1658 873 1708 titulo
899 1663 1127 1711 ornatus

178 1731 264 1776 est
298 1728 545 1776 Marcius
570 1726 755 1777 Turbo
792 1728 843 1791 9,
880 1730 932 1777 3.

98 1796 443 1859 praefectura
480 1809 735 1844 annonae
772 1796 888 1854 243,
928 1796 978 1847 2.

104 1862 254 1927 apud
293 1862 614 1926 praefectum
661 1863 866 1912 aerarii
904 1862 1129 1912 Saturni

174 1932 253 1993 (Π
289 1933 381 1991 31,
432 1933 479 1979 1.
543 1932 666 1989 145,
723 1930 831 1991 22.)
902 1930 1129 1979 Marcus

170 2011 614 2060 unumquemque
686 1996 889 2045 ciuium
968 2002 1129 2046 natos

172 2064 382 2115 liberos
409 2064 558 2113 intra
583 2064 962 2113 tricensimum
984 2064 1131 2113 diem
1184 2091 1195 2100 -

172 2130 420 2250 giofiggri
454 2130 617 2180 iussit
639 2126 859 2181 nemine
884 2132 1129 2195 inposito

244 2236 257 2260 ,
369 2236 381 2247 .

1 2258 3 2263 ’
96 2268 405 2333 praefectus
462 2281 717 2316 annonae
768 2267 894 2325 211,
956 2268 1003 2316 5.
1072 2265 1131 2315 II

176 2336 292 2397 169,
334 2334 380 2384 1.
417 2349 501 2401 pr.
540 2351 592 2386 a.
633 2334 867 2385 orientis
901 2334 960 2383 11
1010 2334 1128 2397 146,

99 2499 169 2509 -
210 2440 413 2521 elassis
454 2472 692 2533 171,10.

99 2566 172 2575 -
210 2536 451 2587 cohortis
489 2541 726 2600 105,16,

100 2632 169 2643 --
209 2606 475 2655 feriarum
509 2577 836 2657 La’tinarum
871 2608 956 2666 47,
994 2606 1045 2655 4.

101 2698 173 2711 --
196 2671 411 2735 Illyrici
440 2676 496 2722 et
522 2673 828 2724 Galliarum
847 2675 904 2724 II
930 2675 1046 2736 108,
1071 2676 1121 2726 7.

98 2740 407 2807 praefectos
441 2742 710 2805 praetorii
747 2741 881 2791 duos
918 2743 978 2791 in
1012 2743 1127 2791 Ta-

170 2808 239 2857 tii

1248 370 1426 434 praef.
1463 374 1642 435 praet.
1692 386 1726 421 a
1769 370 1991 422 Iuliano
2027 372 2202 422 inter·
2246 411 2253 418 .

1250 437 1402 488 fecto
1427 438 1723 489 Pertinace
1749 438 2031 505 suffragiis
2042 456 2202 505 prae-

1250 507 1590 556 torianorum
1625 507 1768 557 facti
1804 508 1920 567 119,
1957 508 2005 558 2.
2044 523 2202 572 prae-

1248 573 1417 624 fectis
1462 590 1552 639 pr.
1606 574 1843 625 Seuerus
1899 574 2203 625 audiendus

1248 640 1412 691 datus
1451 647 1552 703 est,
1591 642 1738 705 quod
1771 642 1830 691 in
1867 640 2068 692 Sicilia
2102 658 2202 691 ua-

1247 712 1336 758 tes
1370 710 1464 759 uel
1485 708 1796 761 Chaldaeos
1831 708 2203 761 consuluisset

1252 778 1378 839 127,
1425 780 1510 828 20.
1555 778 1735 843 praef.
1785 783 1963 843 praet.
2015 794 2082 829 ex
2114 793 2203 827 ‚se-

1250 849 1416 894 natus
1487 846 1826 897 auctoritate
1911 846 2204 897 constituit

1249 911 1408 964 Alex,
1453 914 1582 972 240,
1625 916 1718 965 27.
1774 930 1858 977 pr.
1913 929 1995 979 pr.
2041 912 2200 963 Alex.

1250 981 1590 1030 senatoriam
1627 980 1843 1031 addidit
1867 981 2204 1047 dignitatem

1248 1049 1366 1107 249,
1405 1050 1466 1110 9ς
1505 1050 1597 1111 163
1635 1064 1704 1097 ne
1743 1049 1862 1113 quis
1896 1064 2006 1099 non
2043 1063 2204 1099 sena-

1248 1119 1336 1165 tor
1383 1115 1450 1165 de
1495 1116 1650 1166 Rom.
1691 1120 1952 1165 senatore
1986 1116 2202 1167 iudica-

1247 1188 1337 1233 ret
1371 1185 1498 1243 242,
1540 1186 1622 1233 16.
1659 1185 1709 1233 si
1746 1184 1867 1248 quis
1904 1186 2204 1249 imperator

1246 1250 1426 1315 praef.
1455 1256 1634 1315 praet.
1663 1266 2042 1302 successorem
2068 1252 2202 1301 dare

1246 1318 1500 1378 uolebat,
1568 1318 1922 1369 laticlauiam
1990 1334 2090 1383 per
2136 1319 2206 1369 li·-

1246 1385 1464 1436 bertum
1501 1387 1884 1438 summittebat
1918 1388 2046 1451 242,
2087 1389 2167 1438 13.

1180 1451 1251 1504 ad
1307 1455 1628 1518 praefectum
1679 1454 1804 1504 urbi
1845 1454 2118 1516 puniendi
2165 1471 2224 1521 a⁴

1248 1523 1598 1573 curatoribus
1643 1522 1930 1588 regionum
1978 1538 2046 1572 ac
2080 1522 2204 1573 uia—

1250 1604 1369 1639 rum
1415 1591 1630 1641 remissi
1678 1593 1771 1656 qui
1815 1590 1969 1640 ultra
2026 1592 2204 1641 uecti-

1248 1656 1403 1723 galia
1429 1658 1725 1723 quicquam
1767 1658 1838 1709 ab
1875 1658 2062 1725 aliquo
2110 1674 2202 1709 ex-

1249 1726 1497 1790 egissent
1555 1730 1646 1789 53,
1705 1728 1788 1777 26.
1857 1742 1968 1777 non
2025 1726 2202 1775 liben-

1248 1798 1337 1844 ter
1400 1796 1620 1860 accepit
1685 1794 1909 1843 Marcus
1969 1795 2020 1843 si
2079 1795 2202 1857 quis

1248 1876 1508 1926 umquam
1542 1862 1886 1927 proscriptus
1925 1865 2012 1910 est
2047 1877 2081 1911 a
2117 1878 2198 1927 pr.

1190 1945 1195 1958 ·
1247 1943 1302 1977 u.
1341 1930 1424 1992 62,
1464 1932 1549 1979 27.
1589 1929 1776 1979 omnia
1810 1928 2034 1993 Heliog.
2070 1928 2201 1993 imp.

1249 1996 2205 2126 {gisffigsufil'ssnssffnfssssssssfitqssiiss

1250 2133 1334 2183 22.
1373 2146 1455 2197 pr.
1491 2131 1616 2180 urbi
1663 2146 1698 2180 a
1737 2135 1935 2181 senatu
1981 2132 2205 2195 accepit

1249 2198 1407 2248 Alex.
1446 2200 1565 2261 240,
1603 2200 1688 2251 28.
1727 2214 1850 2249 cum
1885 2214 1964 2263 pr.
2013 2214 2069 2249 u.
2107 2214 2200 2248 cu-

1249 2270 1467 2315 ratores
1515 2265 1670 2316 urbis
1715 2266 1942 2331 negotia
1987 2266 2204 2316 urbana

1252 2333 1444 2384 audire
1503 2334 1667 2383 iussit
1722 2334 1882 2384 Alex.
1943 2337 2068 2392 250,
2121 2332 2202 2383 15.

1248 2402 1537 2467 praefecto
1595 2402 1747 2452 urbis
1793 2404 1968 2465 omnis
2004 2416 2203 2467 prouo-

1248 2471 1399 2520 catio
1447 2470 1674 2521 decreta
1713 2473 1797 2520 est
1830 2470 2032 2519 Tacito
2069 2469 2199 2535 imp.

1246 2538 1401 2589 facto
1437 2540 1495 2589 11
1532 2540 1658 2601 183,
1695 2540 1788 2600 213
1827 2541 1910 2591 30.
1951 2540 2076 2593 184.
2117 2538 2199 2589 11.

1176 2606 1521 2657 Praenestina
1554 2609 1652 2656 uia
1687 2606 1744 2656 ΙΙ
1779 2608 1872 2669 50,
1909 2608 1994 2655 26.

1175 2676 1552 2725 Praenestinae
1587 2673 1849 2739 templum
1884 2676 2010 2731 231,
2049 2675 2098 2724 8.

1177 2743 1549 2791 Praenestinas
1585 2756 1840 2791 secessus
1875 2743 1958 2798 61,
1999 2742 2048 2791 7.

314 2808 545 2856 Maximi
612 2808 881 2858 demortui
944 2808 1127 2858 locum
1172 2812 1577 2873 praepositurae
1613 2809 1852 2858 mil-itum
1889 2808 1945 2858 ΙΙ
1981 2808 2075 2869 45,
2115 2808 2164 2857 6.

171 2876 459 2926 substituit
510 2876 646 2926 Pius
690 2878 782 2936 40,
840 2878 888 2927 9.
960 2891 1120 2941 prae·
1173 2880 1573 2941 praeroyatiuae
1609 2877 1882 2926 militares
1918 2877 2038 2937 238,
2077 2875 2164 2925 18.

176 2944 357 2993 sectos
394 2958 522 2993 suos
560 2945 899 2993 ornamentis
924 2958 1124 2994 consu-

173 3002 387 3061 laribus
448 3013 671 3061 ornauit
721 3012 854 3063 Pius
900 3013 995 3075 41,
1034 3014 1118 3063 30.

1175 2944 1456 3061 Pzaesenns.
1492 2945 1744 2994 Bruttius
1769 2969 1854 2993 —-.
1878 2942 1989 2993 uid.
2025 2942 2192 2991 Brut-

1273 3026 1358 3062 ms

173 3079 619 3144 apraefecturae
640 3049 1123 3130 administratione
1170 3082 1449 3147 praesides
1499 3079 1672 3130 bonos
1723 3079 1972 3145 septenis
2013 3082 2069 3128 et
2102 3093 2199 3126 no-

174 3146 327 3198 Com.
354 3146 653 3197 Paternum
698 3163 795 3213 per
832 3148 934 3198 lati
971 3148 1125 3199 claui

168 3216 433 3271 honorem
506 3217 803 3265 summouit
870 3218 1119 3277 93,13.

173 3286 287 3332 tres
363 3283 545 3363 praef.
634 3287 809 3349 praet.
888 3284 1123 3349 primum

175 3346 325 3403 Com.
362 3352 490 3415 imp.
528 3352 687 3402 fuere
723 3353 805 3407 94,
842 3354 926 3402 29.
974 3352 1122 3401 Mar-

176 3430 274 3466 cus
311 3418 497 3482 palam
533 3419 729 3479 doluit,
792 3420 933 3485 quod
970 3420 1121 3469 Pert.

176 3491 402 3535 senator
440 3492 590 3537 esset
626 3492 683 3537 et
716 3488 894 3552 praef.
943 3492 1121 3552 praet.

174 3550 297 3602 fieri
335 3569 369 3603 a
404 3568 463 3603 se
498 3569 615 3605 non
641 3562 829 3621 posset
866 3558 989 3617 106,
1037 3556 1121 3607 20.

1243 3149 1408 3198 uenis
1445 3147 1604 3197 annis
1642 3148 1700 3196 in
1742 3147 2049 3211 prouinciis
2107 3146 2201 3199 de-

1244 3216 1413 3265 tinuit
1446 3214 1581 3265 Pius
1617 3218 1702 3273 37,
1739 3216 1825 3265 25.
1861 3230 1942 3280 pr.
1967 3214 2193 3280 prouin-

1245 3284 1457 3334 ciarum
1514 3284 1810 3333 honorauit
1874 3282 2030 3333 Alex.
2083 3284 2201 3340 243,

1243 3354 1292 3403 8.
1341 3368 1422 3417 pr.
1469 3366 1550 3417 pr.
1607 3352 1676 3401 ab
1737 3351 1893 3403 Alex.
1943 3348 2200 3401 omnibus

1242 3419 1408 3470 rebus
1434 3419 1767 3470 necessariis
1792 3418 2052 3469 instructi
2073 3418 2197 3479 258,

1244 3490 1327 3539 17.
1364 3503 1444 3553 pr.
1484 3486 1554 3537 ad
1599 3486 1864 3537 iudicium
1908 3486 1998 3538 uel
2045 3498 2200 3535 suum

1241 3556 1337 3606 uel
1373 3562 1602 3607 senatus
1639 3556 1778 3607 fecit
1799 3554 1954 3606 Alex.
1993 3554 2111 3616 262,
2148 3554 2198 3603 4.

1663 3636 1792 3707 21*
