2517 3884
102 31 112 304 1
939 191 1330 251 PRAEFATlo.
1844 161 1850 174 ¹
2048 193 2117 250 xi

291 329 598 402 Postquam
641 328 814 401 igitur
855 336 1149 402 utrumque
1190 329 1392 386 librum
1432 336 1491 385 et
1531 328 1588 383 B
1628 337 1683 384 et
1723 327 1782 384 P
1816 345 1881 386 ex
1922 330 2114 387 eodem

100 415 104 478 f
171 415 337 470 fonte
363 413 640 488 originem
670 413 888 469 duxisse
927 413 1339 470 demonstrasse
1371 413 1532 469 nohis
1565 414 1668 470 uisi
1702 431 1908 477 sumus,
1943 433 2117 489 quan-

171 507 283 554 tum
325 496 474 554 fieri
491 504 683 573 potest
723 497 888 555 huius
931 499 1212 572 archetypi
1257 498 1489 555 formam
1522 515 1587 554 ex
1615 515 1893 556 consensu
1922 515 2115 556 corum

100 593 102 632 Ι
169 582 646 640 adumbrabimus:
2076 629 2081 633 .

98 633 102 828 1
292 670 478 741 Atque
513 668 812 741 inscriptus
848 667 1065 741 quidem
1108 666 1201 723 ille
1249 676 1369 724 erat
1416 667 1525 724 sic:
1584 669 1830 730 „uitae
1879 668 2119 724 diuer-

98 765 100 770 ·
171 769 402 808 sorum
433 753 840 826 principum
883 760 949 808 et
993 760 1475 826 tyrannorum·
1496 768 1525 806 a
1568 709 1732 809 cliuo
1774 752 2115 810 hadriano

98 831 422 914 {[adriano
464 831 548 914 B]
593 853 816 909 usque
869 836 948 892 ad
998 838 1469 893 numerianum
1514 854 1547 894 a
1596 837 1909 893 diuersis
1954 853 2118 894 con-

171 921 429 994 posi-ti'’
467 915 576 998 [sic
607 921 742 977 Bm
775 920 908 978 solio
933 920 1112 977 altero
1132 913 1353 994 rectoss),
1381 921 1509 977 Pin
1540 920 1677 978 folio
1707 922 1887 995 primo
1910 915 2114 997 recto}

96 1061 98 1072 ,
169 1005 362 1061 deinde
393 1005 726 1080 sequebatur
761 1007 878 1062 lnce
909 1005 1064 1060 index
1095 1005 1333 1063 uitarum
1366 1014 1422 1062 et
1451 1007 1507 1062 in
1535 1007 1593 1062 B
1621 1012 1675 1061 et
1703 1008 1760 1062 in
1790 1006 1847 1063 P
1872 1023 1900 1062 a
1942 1013 2119 1081 prima

171 1107 335 1148 manu
362 1098 496 1165 post
524 1089 616 1146 illa
645 1089 815 1147 uerba
846 1089 1119 1147 adiectus·

274 1175 297 1230 I
330 1175 593 1249 spartiani
623 1175 738 1231 uita
770 1174 1014 1230 hadriani

253 1259 295 1314 II
327 1260 457 1315 item
488 1258 731 1315 eiusdem
761 1256 981 1315 heluius
1005 1275 1174 1315 uerus
1207 1275 1396 1316 caesar

237 1343 306 1399 III
333 1346 465 1400 item
498 1343 595 1399 iuli
623 1343 904 1418 capitolini
934 1345 1228 1399 antoninus
1259 1345 1385 1416 pius

89 1409 96 1670 1
219 1429 306 1484 IIII
335 1430 466 1485 item
499 1426 615 1483 iulii
645 1428 926 1502 capitolini
959 1443 1175 1484 marcus
1207 1427 1506 1484 antoninus
1535 1426 1901 1502 philosophus

251 1513 296 1566 V
325 1514 457 1569 item
488 1513 728 1568 eiusdem
758 1529 930 1569 uerus

231 1597 296 1652 VI
328 1597 431 1654 aeli
461 1597 727 1670 spartiani
762 1593 1034 1673 [spartani
1068 1590 1146 1674 B]
1183 1596 1363 1653 didius
1395 1597 1632 1654 iulianus

213 1682 298 1736 VII
326 1680 453 1739 aelii
483 1681 752 1757 lampridii
780 1680 1102 1740 'commodus
1133 1677 1431 1740 antoninus

192 1765 301 1821 VIII
331 1766 430 1823 iuli
460 1766 744 1841 capitolini
775 1766 994 1823 heluiu's
1025 1768 1277 1840 pertinax

172 1849 303 1906 VIIII
333 1851 570 1908 uuleacii
599 1851 843 1909 callicani
877 1868 978 1908 ‚uc.
1013 1851 1226 1912 auidius
1257 1853 1471 1908 cassius
1538 1885 1542 1893 ·

258 1936 304 1991 X
335 1936 460 1992 aelii
492 1937 736 2010 spartani
765 1952 994 1993 seuerus

237 2020 309 2076 XI
337 2020 580 2077 eiusdem
611 2022 938 2095 pescennius
969 2021 1130 2094 niger

216 2103 306 2159 XII
337 2104 582 2161 eiusdem
614 2108 906 2162 antoninus
938 2104 1237 2162 caracallus

199 2189 308 2244 XIII
337 2189 578 2246 eiusdem
611 2189 903 2247 antoninus
935 2197 1061 2262 geta

182 2272 314 2328 XIIII
343 2273 448 2329 aeli
479 2274 749 2349 lampridii
779 2275 1074 2332 antoninus
1106 2273 1292 2329 uarius
1325 2271 1697 2348 heliogabalus

221 2358 310 2412 XV
340 2359 584 2414 eiusdem
615 2360 968 2416 diadumenus
1001 2360 1296 2414 antoninus

203 2441 316 2498 XVI
343 2443 442 2499 iuli
467 2443 746 2516 capitolini
778 2442 979 2517 opilius
1003 2445 1276 2500 macrinus

181 2526 315 2582 XVII
346 2527 589 2583 eiusdem
619 2529 831 2586 clodius
861 2526 1075 2583 albinus

312 2807 366 2872 6)
389 2808 453 2860 In
475 2810 662 2862 codice
686 2811 739 2862 B
764 2811 1003 2862 fortasse
1031 2809 1100 2860 ab
1130 2809 1325 2860 eadem
1348 2825 1512 2860 manu
1538 2825 1678 2875 quae
1702 2809 1882 2874 ipsum
1906 2809 2109 2860 librum

169 2877 441 2939 exal-anit,
469 2884 620 2930 certe
645 2894 755 2929 non
777 2878 951 2928 multo
972 2878 1299 2940 recentiore,
1322 2877 1380 2927 in
1397 2878 1571 2943 primo
1594 2878 1730 2928 folio
1748 2892 1929 2936 uerae,
1952 2878 2111 2928 cuius

170 2944 404 2994 inferior
426 2961 554 3010 pars
580 2947 758 2997 cultro
783 2946 1013 2996 desecta
1038 2951 1136 3006 est,
1162 2945 1307 2995 haec
1330 2946 1541 3010 scripta
1566 2948 1792 2998 extant:

383 3013 777 3064 EXCERPTA
824 3012 1214 3066 SPARTIANI
1259 3013 1361 3063 DE
1404 3011 1869 3064 PRINCIPIBUS

544 3080 611 3132 de
635 3081 769 3132 iulio
801 3081 1102 3145 capitolino
1197 3095 1204 3103 ⁸

543 3149 611 3199 de
639 3147 782 3200 aelio
809 3149 1095 3213 spartiano
1122 3151 1178 3198 et
1202 3147 1271 3198 tle
1297 3148 1469 3199 mario
1494 3149 1730 3200 maximo

544 3216 611 3266 de
638 3215 780 3266 aeli0
805 3215 1095 3282 lampridio

543 3282 611 3333 de
634 3284 893 3334 uulcacio
918 3283 1198 3350 gallicano
1224 3286 1281 3333 et
1305 3282 1488 3334 auidio
1510 3283 1697 3334 cassio

543 3351 611 3402 de
635 3351 892 3402 trebellin
918 3351 1162 3417 pollione

487 3407 610 3468 de
633 3420 799 3470 flauio
825 3420 1053 3498 uopisco

167 3483 262 3533 cui
285 3485 473 3536 tamen
497 3485 659 3537 titulo
685 3501 884 3538 uereor
905 3503 974 3538 ne
999 3486 1224 3537 nimiam
1249 3487 1639 3538 auctoritatem
1666 3483 2061 3536 adtribuerim
2044 3497 2107 3532 m

166 3551 360 3604 histor.
388 3553 508 3603 crit.
533 3570 585 3620 p.
613 3557 675 3606 17
696 3569 777 3620 sq.
865 3601 870 3605 .
