2517 3884
563 230 572 235 -
666 194 954 251 TYRANNJ
999 196 1330 254 TRIGINTA.
1418 196 1709 254 C.10.11.
2048 192 2169 257 101

957 392 1441 460 AVREOLVS

360 567 472 627 Hic
503 583 744 646 quoque
773 563 1141 647 Illyricianos
1174 568 1472 629 exercitus
1502 586 1717 645 regens
1750 570 1811 629 in
1844 577 2151 649 contemp·
2178 569 2254 631 11

227 658 355 713 tum
401 651 679 722 Gallieni,
730 658 793 713 ut
834 670 1042 713 omnes
1086 670 1156 713 eo
1198 660 1501 733 tempore,
1548 660 1791 714 coactus
1820 673 1851 716 a
1882 654 2169 716 militibus

233 739 491 817 sumpsit
549 739 889 817 imperium.
971 745 1029 798 et
1072 757 1208 798 cum
1253 739 1550 799 Macrinus
1582 756 1720 799 cum
1750 738 1871 800 filio
1905 740 2164 801 squa-
2204 752 2236 799 2

177 839 206 880 5
235 825 439 885 criano
472 831 680 884 contra
713 820 1046 884 Gallienum
1079 825 1313 883 ueniret
1356 842 1489 885 cum
1525 824 1829 904 plurimiS,
1865 827 2167 887 exercitus

236 910 361 969 eius
392 910 578 987 cepit,
640 907 870 989 aliquos
912 915 1231 988 corruptos
1260 909 1400 971 fidei
1444 926 1587 970 suae
1618 909 1857 971 addixit.
1938 919 1997 970 et
2027 930 2163 972 cum
2202 922 2233 970 3

231 995 420 1055 factus
464 999 625 1054 esset
665 992 802 1053 hinc
845 993 1074 1054 ualidus
1122 994 1478 1071 imperator,
1542 1011 1795 1072 cumque
1862 992 2165 1057 Gallienus

235 1096 577 1159 expugnare
609 1080 806 1139 uirum
849 1079 1066 1139 fortem
1094 1079 1317 1139 frustra
1350 1085 1727 1157 temptasset,
1771 1098 1982 1159 pacem
2026 1099 2161 1141 cum

237 1183 307 1225 eo
338 1171 544 1225 contra
578 1162 963 1224 posthumum
995 1171 1365 1242 pugnaturus
1388 1163 1556 1237 fecit.
1594 1180 1843 1240 quorum
1877 1164 2163 1244 pleraque

152 1268 204 1307 ιο
236 1258 297 1311 et
323 1249 477 1310 dicta
522 1256 659 1309 sunt
701 1256 760 1308 et
801 1248 1069 1310 dicenda.
1147 1247 1307 1309 hunc
1351 1248 1606 1309 eundem
1634 1248 1957 1309 Aureolum
1989 1249 2159 1311 Clau·
2198 1260 2237 1309 4

231 1335 363 1395 dius
406 1334 726 1395 interfecto
767 1335 882 1393 iam
929 1332 1202 1394 Gallieno
1246 1332 1526 1394 conflictu
1571 1332 1774 1395 habito
1821 1333 1977 1412 apud
2026 1353 2162 1396 eum

229 1428 474 1499 pontem
517 1420 821 1479 interemit
864 1420 964 1495 qui
1005 1436 1164 1479 nunc
1203 1437 1358 1497 pons
1386 1417 1627 1480 Aureoli
1666 1425 2043 1497 nuncupatur
2073 1426 2167 1480 at·

230 1522 344 1583 que
375 1503 498 1564 illic
538 1511 604 1565 ut
646 1512 959 1583 tyrannum
989 1500 1325 1585 sepulchro*
1349 1502 1665 1564 humiliore
1708 1502 1967 1565 donauit.
2044 1506 2160 1566 Ex·
2199 1516 2237 1565 5
2268 1510 2275 1523 '

227 1596 316 1652 tat
349 1586 526 1650 etiam
557 1608 714 1649 nunc
747 1590 1110 1669 epigramma
1143 1588 1436 1649 Graecum
1468 1590 1527 1649 in
1561 1588 1715 1649 hanc
1746 1590 2031 1659 formam:

154 1692 206 1732 15
383 1674 576 1755 ‘Dono
607 1672 1064 1753 sepulchrorum
1094 1675 1290 1734 uictor
1321 1682 1461 1752 post
1490 1673 1669 1734 multa
1704 1677 1939 1753 tyranni

486 1758 716 1837 proelia
743 1760 862 1819 iam
894 1757 1034 1819 felix
1065 1757 1343 1819 Claudius
1371 1758 1692 1820 Aureolum

402 1861 650 1904 munere
681 1846 1063 1923 prosequitur
1093 1844 1332 1904 mortali
1363 1850 1422 1905 et
1450 1846 1581 1905 iure
1612 1852 1933 1923 superstes,

486 1930 692 1989 uiuere
722 1946 897 2007 quem
927 1928 1126 1999 uellet,
1162 1930 1213 1989 si
1242 1934 1549 2008 pateretur
1580 1947 1747 1989 amor

403 2014 607 2075 militis
640 2014 885 2091 egregii,
917 2015 1098 2073 uitam
1131 2015 1231 2092 qui
1262 2016 1391 2077 iure
1422 2014 1661 2090 negauit

151 2117 200 2157 20
487 2098 760 2160 omnibus
805 2099 1070 2175 indignis
1102 2105 1160 2158 et
1191 2099 1380 2176 magi‘s
1409 2097 1686 2159 AureolO.
1744 2110 1751 2115 ’
1985 2151 1997 2165 ,

401 2183 502 2245 ille
535 2191 732 2246 tamen
757 2182 1036 2253 clemenS,
1071 2184 1172 2259 qui
1201 2184 1471 2262 corporis
1499 2182 1705 2244 ultima
1740 2200 1989 2243 seruans

490 2274 547 2329 et
576 2277 822 2348 pontem
851 2267 1093 2328 Aureoli
1122 2266 1356 2328 dedicat
1389 2275 1447 2328 et
1475 2266 1783 2329 tumulum.

127 2386 132 2393 ·
231 2354 343 2416 hos
375 2372 484 2433 ego
517 2371 792 2414 uersusa
824 2353 1080 2433 quodam
1111 2354 1495 2431 grammatico
1526 2352 1842 2415 translatos
1870 2354 1950 2413 ita
1983 2354 2156 2431 posui
2196 2368 2227 2415 6

233 2449 297 2501 ut
327 2440 506 2500 fidem
539 2457 876 2509 seruarem,
938 2457 1058 2498 non
1092 2457 1208 2518 quo
1239 2456 1357 2498 non
1389 2438 1601 2499 melius
1631 2440 1938 2517 potuerint
1967 2446 2157 2499 trans-

153 2540 206 2582 25
233 2526 396 2595 ferri,
431 2524 533 2586 sed
565 2531 631 2584 ut
661 2523 912 2585 fidelitas
945 2523 1226 2585 historica
1259 2532 1631 2593 seruaretur,
1666 2542 1843 2602 quam
1876 2540 1985 2601 ego
2015 2540 2159 2602 prae

239 2612 456 2671 ceteris
514 2608 960 2670 custodiendam
1002 2610 1235 2688 putaui,
1291 2610 1392 2687 qui
1439 2608 1598 2686 quod
1642 2609 1713 2669 ad
1762 2608 2160 2686 eloquentiam

229 2697 494 2774 pertinet
546 2693 695 2754 nihil
749 2712 911 2755 curo,
990 2712 1144 2754 rem.
1174 2696 1333 2754 enim
1373 2694 1545 2755 uobis
1574 2695 1866 2773 proposui
1896 2693 2155 2763 deferre,
2197 2706 2227 2753 7

170 2843 180 2847 ,
231 2796 354 2840 non
385 2779 603 2849 uerba,
657 2780 912 2841 maxime
957 2784 1115 2839 tanta
1160 2798 1363 2840 rerum
1410 2780 1577 2857 copia
1610 2780 1764 2838 ut‘in
1797 2780 2036 2855 triginta
2072 2783 2159 2857 ty-

231 2882 560 2925 rannorum
592 2863 766 2924 simul
798 2865 968 2931 uitaS.

367 3052 396 3098 2
421 3050 482 3098 in
503 3048 647 3115 illyr.
672 3050 775 3099 BP
883 3051 917 3099 4
940 3049 1253 3099 macrianus
1281 3062 1329 3099 c.·
1354 3049 1392 3099 f.
1422 3064 1461 3099 s.
1489 3048 1733 3098 macrino
1754 3049 1862 3097 'BP
1881 3047 2167 3097 Macriano

231 3116 292 3167 M
316 3116 599 3167 Macrinus
625 3133 669 3167 c.
697 3117 734 3167 f.
765 3132 806 3167 s,
832 3118 1116 3167 Macriano
1139 3119 1331 3182 scripsi
1474 3118 1506 3165 6
1541 3117 1726 3181 coepit
1752 3115 1802 3165 B
1948 3116 1978 3165 7
2012 3115 2168 3164 inua-

230 3183 378 3233 lidus
402 3185 568 3235 BPM
584 3185 713 3235 hinc
738 3185 848 3235 ual.
874 3184 916 3235 S
1057 3188 1090 3235 9
1115 3185 1253 3235 fecit
1278 3201 1372 3238 om.
1399 3184 1502 3233 BP
1518 3198 1535 3203 ·
1638 3186 1699 3234 13
1725 3184 1914 3234 extitit
1937 3182 2037 3233 BP

235 3252 298 3302 14
323 3268 470 3302 nunc
493 3269 587 3303 om.
614 3252 758 3303 P¹M
891 3254 1174 3317 epigrama
1199 3252 1303 3302 BP
1404 3260 1411 3265 ’
1437 3255 1500 3303 15
1526 3252 1669 3303 dona
1692 3252 1860 3303 BPM
1877 3268 1968 3305 em.
1996 3250 2037 3301 S

231 3321 618 3386 sepulchorum
639 3318 720 3369 B¹
869 3323 930 3372 17
957 3323 1242 3392 prosequit
1267 3321 1317 3371 B
1456 3325 1764 3385 supet-stem
1791 3321 1832 3371 G
1974 3322 2041 3370 23
2066 3334 2170 3383 ego

230 3400 323 3439 om.
351 3390 428 3437 P²
568 3390 636 3438 24
661 3389 880 3438 seruaui
911 3388 993 3438 B¹
1133 3405 1242 3439 non
1276 3390 1460 3454 addidi
1492 3388 1565 3453 (in
1590 3392 1720 3456 κοῖς.
1756 3390 1876 3440 add,
1904 3396 2019 3438 erat
2092 3393 2172 3451 os!
2238 3440 2241 3443 Α

229 3454 450 3573 meliqs)
613 3457 678 3505 26
721 3457 816 3520 qui
851 3456 909 3507 id
942 3456 1090 3507 P³M
1243 3460 1310 3509 28
1351 3460 1409 3508 in
1441 3474 1531 3509 om.
1568 3456 1635 3509 M
1790 3460 1855 3509 29
1894 3402 2087 3520 uitasf²
2103 3450 2171 3503 aiz

229 3524 366 3573 uitis
1419 3540 1425 3547 ·

288 3592 312 3620 Ο
