2517 3884
38 1243 53 1316 l

266 171 307 236 6
948 177 1123 234 AELII
1168 177 1512 234 SPARTIANI

166 357 228 404 11
266 345 437 424 glegi.
514 351 574 405 et
616 345 900 406 defuncto
943 345 1183 421 quidem
1231 345 1384 406 Sura
1429 345 1670 404 Traiani
1732 347 1786 404 ei
1827 345 2206 407 familiaritas

266 430 529 498 crebuit,
577 449 755 492 causa
784 431 1106 508 praecipue
1138 431 1475 492 orationum
1507 446 1655 507 quas
1685 447 1796 507 pro
1839 433 2204 509 imperatore

190 512 237 576 4
265 517 621 586 dictauerat,
683 533 831 575 usus
871 512 1137 574 Plotinae
1190 532 1432 593 quoque
1487 516 1726 584 fauore,
1781 517 1953 575 cuius
2005 515 2202 576 studio

268 603 445 661 etiam
494 601 725 678 legatus
768 599 1161 678 expeditionis
1204 599 1517 660 Parthicae
1560 606 1832 678 tempore
1873 600 2203 660 destinatus

198 698 229 744 2
269 694 377 747 est.
442 703 555 763 qua
587 684 825 761 quidem
860 690 1212 763 tempestate
1254 679 1538 745 utebatur
1562 684 1902 746 Hadrianus
1943 686 2198 746 amicitia
2260 705 2288 746 5

266 771 401 832 Sosi
440 771 585 848 Papi
638 776 695 829 et
747 768 1006 828 Plaetori
1045 768 1295 848 Nepotis
1351 788 1423 829 ex
1477 771 1778 830 senatorio
1835 770 2077 839 ordine,
2131 788 2205 829 ex

266 857 530 933 equestri
571 861 769 914 autem
810 855 1059 922 Attiani,
1112 856 1326 914 tutoris
1370 853 1668 931 quondam
1713 856 1832 924 sui,
1883 862 1942 914 et
1969 854 2204 915 Liuiani

198 954 230 1001 3
267 940 585 1001 Turbonis
629 940 693 998 in
721 937 1057 1017 adoptionis
1088 941 1474 1018 sponsionem
1499 941 1667 999 uenit
1689 938 1890 999 Palma
1922 945 1984 1000 et
2007 938 2200 1008 Celso,

264 1025 521 1085 inimicis
551 1041 789 1102 semper
822 1025 947 1084 suis
980 1029 1040 1083 et
1070 1041 1223 1102 quos
1251 1031 1462 1104 postea
1491 1026 1622 1102 ipse
1651 1024 1960 1085 insecutus
1992 1031 2101 1093 est,
2135 1025 2198 1083 in

58 1107 229 1201 ιζ’-’μ
266 1111 664 1189 suspicionem
713 1107 979 1169 adfectae
1033 1108 1364 1189 tyrannidis
1405 1108 1604 1188 lapsis,
1681 1108 1946 1170 secundo
1991 1108 2201 1169 consul
2231 1128 2279 1166 10

56 1252 209 1276 ,μ
264 1197 475 1255 fauore
497 1193 764 1253 Plotinae
806 1195 999 1254 factus
1042 1201 1228 1254 totam
1271 1195 1822 1274 praesumptionem
1865 1194 2204 1273 adoptionis

196 1293 227 1341 5
266 1280 536 1339 emeruit.
592 1279 934 1358 corrupisse
968 1297 1104 1340 eum
1124 1275 1370 1339 Traiani
1398 1277 1667 1347 libertos,
1709 1297 1954 1340 curasse
1984 1277 2202 1340 delica-

263 1372 356 1426 tos
399 1362 760 1442 eosdemque
800 1380 979 1442 saepe
1025 1363 1231 1450 linisse
1273 1382 1384 1463 per
1439 1383 1508 1425 ea
1553 1371 1820 1442 tempora
1881 1363 2098 1440 quibus
2138 1364 2201 1422 in

196 1463 227 1510 6
264 1447 397 1509 aula
450 1447 898 1508 familiariorum
952 1449 1092 1516 fuit,
1150 1445 1353 1526 opinio
1406 1448 1589 1509 multa
1641 1450 1917 1510 firmauit.
1993 1448 2203 1525 quinto

261 1533 468 1593 iduum
498 1534 743 1609 August.
780 1532 875 1592 die
906 1531 1137 1611 legatus
1166 1532 1379 1594 Suriae
1410 1532 1638 1594 litteras
1667 1533 2004 1612 adoptionis
2033 1549 2202 1593 acce·
2235 1549 2285 1590 15

197 1632 226 1681 7
261 1619 379 1697 pit;
414 1616 649 1695 quando
680 1624 739 1677 et
764 1617 1018 1678 natalem
1044 1617 1380 1696 adoptionis
1405 1617 1700 1678 celebrari
1721 1619 1910 1678 iussit.
1959 1619 2206 1680 tertium

264 1703 469 1764 iduum
506 1701 860 1771 earundem,
896 1702 1135 1779 quando
1164 1712 1224 1762 et
1254 1702 1556 1764 natalem‘
1540 1705 1798 1782 imperii
1809 1703 2014 1764 statuit
2041 1691 2202 1762 cele-

266 1786 596 1856 brandum,
630 1803 913 1847 excessus
945 1789 998 1846 ei
1030 1787 1273 1847 Traiani
1303 1788 1610 1848 nuntiatus
1641 1795 1752 1849 est.

196 1888 229 1936 8
392 1871 704 1950 Frequens
736 1889 878 1932 sane
910 1872 1111 1950 opinio
1143 1872 1286 1942 fuit,
1325 1873 1582 1933 Traiano
1612 1872 1671 1933 id
1704 1873 1885 1932 animi
1923 1872 2108 1932 fuisse
2137 1877 2206 1930 nt

266 1955 571 2017 Neratium
594 1956 887 2025 Priscum,
918 1973 1039 2017 non
1062 1955 1426 2018 Hadrianum
1458 1975 1869 2018 successorem
1893 1955 2202 2032 relinque·
2231 1973 2284 2013 20

188 2070 207 2091 ·
254 2038 387 2110 'ret,
433 2039 636 2102 multis
678 2042 883 2101 amicis
932 2043 995 2100 in
1035 2040 1151 2101 hoc
1192 2041 1730 2111 consentientibuS,
1789 2057 1977 2117 usque
2024 2058 2094 2100 eo
2140 2048 2207 2100 nt

265 2125 471 2186 Prisco
502 2124 817 2202 aliquando
850 2126 1095 2186 dixerit:
1151 2125 1549 2195 „commendo
1598 2127 1705 2187 tibi
1748 2126 2119 2204 prouincias,
2155 2127 2206 2184 si

198 2227 229 2274 9
266 2209 408 2286 quid
460 2210 609 2270 mihi
655 2209 833 2271 fatale
884 2211 1264 2289 contigerit“.
1350 2218 1409 2271 et
1457 2210 1632 2272 multi
1685 2210 1925 2288 quidem
1979 2210 2203 2277 dicunt,

266 2294 587 2355 Traianum
630 2295 692 2353 in
735 2296 932 2355 animo
985 2295 1044 2355 id
1088 2295 1397 2365 habuisse,
1454 2303 1522 2354 ut
1567 2294 1843 2373 exemplo
1886 2293 2208 2355 Alexandri

265 2378 605 2439 Macedonis
634 2379 763 2438 sine
800 2387 966 2439 certo
996 2397 1349 2440 successore
1378 2387 1748 2447 moreretur,
1796 2377 1969 2439 multi
2002 2378 2074 2438 ad
2107 2397 2201 2438 se·
2233 2395 2284 2436 25

266 2471 471 2523 natum
504 2481 641 2523 eum
673 2465 1004 2523 orationem
1038 2462 1301 2524 uoluisse
1331 2465 1568 2522 mittere
1610 2465 1937 2542 petiturum
1956 2509 1982 2531 ,,
2013 2470 2106 2532 ut,
2153 2465 2206 2523 si

267 2547 408 2624 quid
442 2548 496 2608 ei
528 2549 860 2616 euenisset,
890 2548 1232 2628 principem
1263 2547 1562 2608 Romanae
1593 2550 1683 2608 rei
1714 2546 1988 2626 publicae
2031 2564 2204 2608 sena-

264 2639 361 2692 tus
405 2631 598 2700 daret,
646 2631 859 2692 additis
900 2631 1044 2691 dum
1084 2639 1246 2693 taxat
1287 2631 1629 2693 nominibus
1671 2652 1743 2694 ex
1787 2632 2005 2710 quibus
2048 2633 2202 2712 opti·

167 2733 230 2781 10
265 2735 431 2776 mum
460 2716 619 2776 idem
650 2723 896 2777 senatus
928 2715 1193 2794 eligeret.
1260 2735 1371 2777 nec
1402 2716 1619 2777 desunt
1649 2719 1752 2797 qui
1780 2719 2036 2779 factione
2067 2717 2200 2780 Plo-

268 2802 427 2862 tinae
458 2809 697 2863 mortuo
740 2802 857 2862 iam
888 2801 1144 2862 Traiano
1176 2801 1542 2862 Hadrianum
1586 2804 1646 2863 in
1677 2801 2058 2882 adoptionem
2101 2802 2200 2862 ad·
2229 2817 2280 2856 ³0

2005 2881 2332 2965 &UD

372 3022 398 3068 1
437 3019 664 3072 definito
696 3021 812 3070 BV
844 3021 1109 3072 defuncto
1134 3023 1185 3071 P
1225 3020 1304 3084 (ac
1343 3023 1391 3072 in
1423 3022 1557 3084 ras.)
1601 3019 1818 3088 [deffito
1855 3024 2050 3071 Pleste
2083 3020 2203 3070 Ior-

268 3085 424 3152 dane]
566 3091 598 3138 2
633 3090 856 3151 cresluit
880 3090 931 3138 B
958 3089 1015 3151 (u
1041 3097 1128 3140 aut
1152 3105 1184 3138 a
1209 3089 1369 3154 eras.)
1395 3091 1446 3139 P
1467 3089 1523 3152 (b
1549 3091 1709 3152 eras.)
1747 3089 1920 3139 creuit
1953 3087 2064 3137 VM

270 3156 636 3220 imperatores
661 3155 779 3206 BP¹
809 3157 858 3220 (s
884 3157 1043 3221 eras.)
1183 3161 1214 3208 3
1250 3158 1462 3222 plotine
1486 3158 1538 3206 B
1675 3161 1708 3207 4
1743 3156 1992 3221 parthice
2018 3155 2069 3203 B
2100 3192 2105 3198 .

272 3225 303 3272 6
338 3223 539 3288 pletori
571 3222 737 3274 BPV
735 3225 798 3272 M
932 3227 961 3274 7
1000 3227 1280 3290 sequestri
1311 3225 1432 3276 BP¹
1469 3225 1518 3288 (s
1537 3225 1697 3288 eras.)
1836 3223 2055 3272 acciani
2096 3223 2210 3272 VM

376 3293 438 3340 10
463 3290 686 3341 adiecte
711 3292 762 3340 B
796 3291 1055 3344 adiectae
1081 3294 1247 3343 PVM
1281 3309 1372 3342 em.
1407 3293 1448 3342 S
1584 3296 1646 3342 12
1681 3307 1803 3342 cum
1834 3291 1886 3340 B
2025 3293 2087 3340 13
2121 3305 2204 3339 se-

271 3357 473 3422 pelisse
508 3358 672 3408 BPV
668 3360 729 3408 M
761 3375 851 3409 em.
886 3359 927 3408 G
1064 3363 1129 3410 14
1153 3361 1480 3410 familiarior
1509 3361 1620 3410 VM
1755 3361 2005 3423 quintum
2026 3357 2144 3408 BP¹
2159 3359 2214 3406 V

378 3428 439 3475 15
473 3423 679 3490 august
711 3426 762 3476 B
800 3430 1021 3491 august'
1047 3430 1098 3477 P
1230 3432 1296 3479 23
1319 3427 1486 3476 michi
1517 3429 1574 3476 V
1700 3428 1766 3477 26
1799 3429 2028 3476 titutum
2063 3424 2207 3476 ΒῙΡι

272 3491 544 3543 dicturum
576 3493 651 3542 B²
676 3510 767 3547 em.
793 3493 864 3544 1²²
999 3497 1063 3545 27
1090 3496 1392 3561 reipublice
1418 3494 1468 3544 B
1605 3496 1669 3545 28
1697 3494 1856 3544 daret
1883 3499 2108 3545 senatus
2133 3491 2206 3543 B1
