2517 3884
290 1013 663 1112 AELlI
743 1013 1456 1111 SPARTIANI
1537 1013 2033 1114 HELIVS

337 1286 812 1350 Diocletiano
857 1289 1192 1365 Augusto
1236 1287 1497 1348 Aelius
1541 1287 1988 1368 Spartianus
2169 1286 2203 1347 1

984 1405 1160 1450 suus
1205 1389 1329 1451 sal.

313 1560 384 1620 In
415 1561 616 1620 animo
645 1558 792 1619 mihi
825 1567 934 1628 est,
963 1552 1633 1638 DiocletianeAuguste,
1667 1567 1754 1621 tot
1784 1561 2127 1639 principum

138 1664 167 1704 5
191 1647 476 1715 maxime,
510 1662 631 1704 nou
662 1643 854 1704 solum
901 1662 1003 1704 eos
1035 1645 1140 1721 qui
1167 1646 1511 1724 principum
1540 1644 1740 1705 locum
1769 1646 1833 1704 in
1862 1644 1973 1705 hac
2000 1651 2123 1706 sta·

187 1734 350 1792 tione
379 1747 564 1808 quam
593 1737 895 1809 temperas
927 1735 1322 1798 retentarunt,
1358 1737 1424 1790 ut
1453 1746 1647 1807 usque
1678 1729 1753 1790 ad
1783 1729 1988 1790 diuum
2005 1729 2122 1790 Ha·

183 1817 463 1878 drianum
493 1815 635 1884 feci,
699 1814 810 1875 sed
849 1812 986 1874 illos
1027 1815 1205 1886 etiam
1249 1815 1353 1891 qui
1398 1814 1499 1874 uel
1528 1814 1849 1876 Caesarum
1881 1816 2124 1874 nomine

186 1899 470 1980 appellati
501 1906 640 1960 sunt
676 1917 793 1959 nec
819 1899 1129 1978 principes.
1167 1906 1268 1959 aut
1294 1900 1543 1976 Augusti
1571 1899 1817 1960 fuerunt
1848 1899 1945 1959 uel
1976 1915 2125 1976 quo-

183 1985 334 2046 libet
371 1984 491 2044 alio
533 2001 755 2062 genere
793 1991 898 2045 aut
937 1985 1002 2043 in
1044 1983 1260 2044 famam
1304 1991 1405 2044 aut
1445 1986 1509 2044 in
1550 2002 1718 2063 spem
1750 1985 2123 2063 principatus

115 2088 162 2127 ιο
187 2078 504 2140 uenerunt,
539 2070 862 2147 cognitioni
891 2070 1155 2130 numinis
1184 2070 1274 2129 tui
1304 2075 1593 2129 sternere.
1658 2085 1915 2145 quorum
1945 2086 2119 2146 prae·
2157 2075 2189 2122 2

184 2158 360 2234 cipue
401 2154 478 2215 de
519 2152 690 2214 Helio
733 2156 888 2215 Vero
927 2153 1244 2214 dicendum
1285 2161 1404 2222 est,
1468 2155 1570 2230 qui
1611 2155 1843 2231 primus
1891 2160 2119 2212 tantum

182 2240 460 2302 Caesaris
489 2257 710 2299 nomen
741 2241 990 2318 accepit,
1023 2238 1345 2318 adoptione
1359 2237 1641 2298 Hadriani
1670 2237 1927 2299 familiae
1950 2239 2121 2316 prin·-

179 2328 387 2404 cipum
427 2323 706 2385 adscitus.
785 2329 845 2384 et
885 2325 1164 2401 quoniam
1207 2325 1383 2384 nimis
1420 2341 1609 2402 pauca
1658 2321 1909 2384 dicenda
1954 2329 2113 2391 sunt,
2156 2331 2190 2378 3

179 2427 296 2470 nec
327 2407 507 2470 debet
535 2408 818 2488 prologus
849 2410 1142 2470 inormior
1174 2427 1309 2470 esse
1350 2425 1529 2486 quam
1570 2407 1769 2470 fabula
1790 2455 1805 2478 ,
1870 2407 1944 2468 de
1984 2408 2120 2486 ipso

115 2511 161 2551 1⁵
183 2496 306 2555 iam
338 2493 568 2573 loquar.
1363 2543 1392 2554 η

313 2578 595 2662 Ceionius
635 2577 1021 2647 CommoduS,
1069 2579 1174 2655 qui
1216 2586 1275 2639 et
1314 2576 1517 2639 Helius
1557 2579 1751 2639 Verus
1790 2574 2121 2658 appellatus
2153 2570 2195 2634 2

182 2671 293 2733 est,
328 2681 507 2742 quem
537 2662 652 2724 sibi
681 2661 1016 2724 Hadrianus
1059 2681 1206 2724 aeuo
1248 2665 1707 2740 ingrauescente
1748 2662 1975 2723 morbis
2005 2664 2115 2722 tri·

181 2747 473 2808 stioribus
502 2764 746 2826 pressus
777 2754 1093 2826 peragrato
1135 2750 1253 2809 iam
1286 2747 1432 2808 orbe
1461 2756 1761 2809 terrarum
1794 2747 2114 2826 adoptauit,

179 2832 333 2892 nihil
363 2831 543 2893 habet
571 2833 634 2892 in
665 2851 772 2894 sua
802 2835 926 2892 uita
955 2832 1363 2902 memorabile,
1396 2833 1511 2893 nisi
1543 2832 1701 2911 quod
1723 2834 1953 2911 primus
1984 2835 2141 2891 tan·'

107 2934 156 2974 20
179 2924 308 2978 tum
341 2917 558 2979 Caesar
589 2926 680 2978 est
709 2916 1058 2998 appellatus
1091 2936 1213 2978 non
1241 2921 1617 2988 testamento,
1651 2924 1718 2978 ut
1748 2925 1921 2978 antea
1952 2914 2108 2977 sole·
2146 2931 2179 2980 2

285 3104 314 3151 1
350 3102 551 3200 incivpit
577 3103 823 3154 eiusdem
848 3105 1124 3169 spartiani
1148 3103 1366 3168 heluius
1394 3105 1441 3154 B
1466 3104 1664 3169 incipit
1692 3102 1939 3153 eiusdem
1965 3117 2118 3168 spar-

177 3211 328 3261 tiani
357 3211 540 3262 helius
573 3215 624 3262 P
651 3213 851 3279 incipit
887 3212 1132 3263 eiusdem
1165 3215 1485 3278 spartianus
1518 3212 1737 3262 heluius
1771 3213 1825 3261 V
1852 3213 2121 3262 Eiusdem

179 3279 472 3344 Spartiani
496 3280 880 3333 AeliusVerus
907 3281 1120 3331 Caesar
1143 3280 1217 3332 ad
1236 3281 1721 3332 DioclicianumM
1788 3284 1835 3339 ἱ2
1863 3279 1919 3330 al
1944 3285 2119 3346 spart..

179 3346 231 3394 B
333 3349 369 3397 4
401 3349 710 3413 principem
736 3349 780 3398 0
889 3352 952 3401 10
988 3349 1324 3414 cognitionis
1348 3348 1452 3399 BP
1483 3349 1856 3414 cognitionem
1882 3347 1947 3398 M
2055 3349 2116 3396 11

178 3415 320 3508 helio
343 3458 395 3507 B
537 3459 602 3507 14
631 3459 888 3508 inormior
919 3456 1071 3507 B¹P¹
1111 3459 1386 3508 enormior
1420 3457 1495 3508 P³
1586 3459 1763 3509 eadem
1785 3470 1959 3506 manus
1983 3457 2122 3504 inter

177 3524 342 3575 lineas
366 3527 598 3595 addidit:
625 3525 712 3575 ‘al.
739 3527 1020 3576 morosior'
1137 3527 1202 3575 16
1227 3525 1369 3576 elius
1393 3527 1496 3576 BP
1615 3528 1679 3576 19
1704 3524 1910 3588 primus
1933 3537 2029 3572 om.
2056 3521 2126 3572 M
