2517 3884
349 272 354 279 ,
389 202 481 267 90
595 205 936 266 TREBELLII
975 206 1321 265 POLLIONIS
1364 203 1671 265 GALLIENI
1710 206 1855 265 DVO.
1942 206 2001 263 C.
2033 210 2117 263 21.

395 374 642 455 poribus
674 381 1020 453 contemptu
1053 372 1192 436 mali
1221 374 1510 455 principis
1543 371 1899 455 extiterunt]
1978 372 2052 433 de
2107 372 2333 451 quibus

319 470 358 519 2
395 461 663 522 breuiter
707 467 766 519 et
805 478 994 539 pauca
1035 458 1287 520 dicenda
1330 467 1486 520 sunt.
1562 478 1761 539 neque
1806 461 1966 520 enim
1994 458 2160 537 digni
2192 467 2339 521 sunt

396 564 608 606 eorum
659 544 963 624 plerique,
1027 552 1093 605 ut
1153 544 1440 606 uolumen
1497 544 1706 605 talium
1762 544 2074 605 hominum
2134 544 2335 607 saltim

393 629 738 692 nominibus
792 636 1216 709 occuparetur,
1281 631 1553 710 quamuis
1604 628 1785 707 aliqui
1834 648 1958 691 non
2007 648 2225 709 parum
2268 632 2334 691 in

390 734 461 777 se
522 716 758 777 uirtutis
817 714 1099 775 habuisse
1157 714 1508 786 uideantur,
1569 714 1823 776 multum
1883 716 2061 775 etiam
2120 716 2214 777 rei
2266 734 2325 795 p.
2390 731 2417 772 5
2510 746 2512 763 =

395 801 710 881 profuisse.

318 894 358 941 3
521 886 670 947 Tam
701 886 904 946 uariae
933 885 1079 945 item
1110 885 1425 967 opiniones
1472 892 1612 945 sunt
1654 883 1727 945 de
1756 882 2031 945 Salonini
2062 886 2328 955 nomine,

396 976 462 1031 ut
491 972 595 1049 qui
625 988 691 1031 se
721 971 926 1031 uerius
964 977 1137 1049 putet
1180 969 1399 1039 dIcere,
1446 988 1481 1031 a
1522 976 1713 1031 matre
1757 988 1865 1033 sua
1896 969 2178 1031 Salonina
2222 988 2329 1049 ap-

395 1054 678 1135 pellatum
737 1073 901 1117 esse·
913 1100 1100 1115 ......
1148 1069 1325 1132 quam
1381 1056 1435 1115 is
1474 1053 1710 1134 perdite
1750 1054 1987 1125 dilexit,
2047 1055 2331 1134 Piparam

319 1149 360 1197 4
397 1142 654 1210 nomine,
689 1140 1004 1201 barbaram
1032 1141 1194 1218 regis
1223 1139 1422 1201 filiam.
1498 1139 1805 1201 Gallienus
1836 1158 1971 1202 cum
2002 1142 2129 1201 suis
2160 1158 2323 1201 sem·
2361 1163 2413 1203 ιο

392 1244 502 1305 per
532 1224 687 1285 flauo
720 1227 945 1286 crinem
979 1224 1200 1286 condit.

318 1320 358 1368 5
523 1310 630 1371 De·
660 1312 830 1371 annis
881 1317 1101 1372 autem,
1123 1308 1373 1371 Gallieni
1427 1316 1486 1371 et
1526 1308 1824 1371 Valeriani
1879 1308 1953 1369 ad
2002 1310 2335 1389 imperium

392 1395 836 1476 pertinentibus
867 1394 1016 1457 adeo
1045 1396 1272 1457 incerta
1298 1394 1649 1464 traduntur,
1685 1401 1780 1465 ut,
1814 1412 1951 1455 cum
1982 1394 2334 1472 quindecim

388 1498 582 1541 annos
614 1479 858 1541 eosdem
889 1482 1222 1559 imperasse
1251 1487 1511 1549 constet,
1573 1478 1635 1539 id
1666 1487 1759 1540 est
1788 1478 2093 1541 Gallienus
2138 1495 2335 1557 usque

389 1564 468 1624 ad
499 1566 774 1645 quintum
805 1564 1101 1625 decimum
1133 1566 1542 1644 peruenisset,
1582 1564 1929 1625 Valerianus
1975 1583 2125 1627 uero
2157 1574 2333 1626 sexto
2360 1578 2413 1629 '15

391 1651 473 1710 sit
504 1656 731 1728 captuS‚
763 1648 865 1710 alii
895 1666 1114 1709 nouem
1145 1651 1346 1719 annis,
1390 1652 1493 1710 uix
1524 1650 1732 1710 decern
1774 1648 1874 1711 alii
1900 1650 2079 1711 etiam
2108 1648 2333 1711 Gallie-

391 1750 534 1794 num
566 1736 897 1812 imperasse
924 1735 987 1794 in
1018 1732 1247 1795 litteras
1280 1734 1532 1805 mittant,
1568 1752 1704 1797 cum
1736 1741 1989 1805 constet,
2024 1743 2084 1796 et
2104 1735 2331 1796 decen·

387 1817 546 1879 nalia
587 1818 814 1880 Romae
873 1818 946 1881 ab
1009 1818 1216 1879 eodem
1278 1818 1604 1889 celebrata,
1670 1827 1729 1880 et
1785 1826 1923 1899 post
1980 1819 2330 1882 decennalia

386 1902 618 1965 Gothos
659 1902 734 1965 ab
779 1922 850 1964 eo
885 1905 1105 1974 uictos,
1168 1921 1307 1966 cum
1338 1903 1608 1965 Odenato
1637 1922 1849 1984 pacem
1878 1905 2125 1976 factam,
2192 1924 2329 1967 cum

303 1986 308 1989 ’
387 1988 649 2049 Aureolo
679 1990 888 2051 initam
920 1997 1053 2049 esse
1084 1988 1483 2060 concordiam,
1515 1998 1845 2069 pugnatum
1875 1998 2082 2052 contra
2113 1990 2329 2052 Postu·
2358 2014 2410 2054 20

389 2092 584 2143 mum,
650 2082 858 2135 contra
888 2074 1253 2145 Lollianum,
1315 2074 1503 2136 multa
1552 2076 1730 2136 etiam
1762 2074 1837 2136 ab
1870 2093 1943 2135 eo
1972 2083 2139 2153 gesta
2170 2087 2327 2155 quae

389 2157 464 2219 ad
497 2160 812 2229 uirtutem,
874 2158 1046 2238 plura
1085 2166 1288 2221 tamen
1334 2176 1485 2237 quae
1526 2159 1599 2221 ad
1629 2158 1893 2221 dedecus
1920 2160 2328 2240 pertinebant.

315 2249 354 2297 6
390 2261 526 2303 nam
560 2250 620 2304 et
661 2262 900 2323 semper
931 2243 1209 2305 noctibus
1251 2246 1506 2323 popinas
1552 2243 1776 2306 dicitur
1816 2246 2239 2329 frequentasse
2274 2254 2335 2308 et

390 2345 530 2388 cum
559 2326 874 2389 lenonibus
903 2331 1100 2389 mimis
1129 2331 1480 2407 scurrisque
1512 2331 1754 2391 uixisse.
2330 2362 2335 2367 ·

2510 1826 2512 1920 ἰ

388 2510 526 2561 lieni
549 2538 614 2547 —
640 2513 949 2564 extiterunt
972 2516 1116 2565 uncis
1138 2516 1322 2565 inclusi
1458 2516 1553 2580 qui
1576 2514 1719 2567 Gall.
1742 2512 1891 2565 P⁸M
2020 2517 2053 2567 4
2080 2516 2339 2581 quamuis
2507 2522 2508 2588 γ

385 2594 578 2630 eorum
599 2580 668 2630 M
821 2584 853 2631 5
876 2580 1136 2632 uideatur
1155 2580 1233 2632 Ρι
1396 2584 1427 2633 9
1460 2586 1690 2634 lacunam
1722 2584 1971 2634 indicauit
1994 2582 2085 2640 Gr,
2139 2584 2339 2641 dicant

383 2648 512 2701 add.
537 2648 606 2697 M
737 2650 988 2714 quamuis
1009 2649 1178 2701 BPM
1196 2666 1359 2716 quam
1383 2651 1431 2700 is
1457 2650 1500 2701 S
1635 2653 1699 2703 10
1720 2652 2079 2703 barbarorum
2102 2656 2189 2703 uel
2208 2654 2339 2705 bar·-

389 2716 512 2765 bari
537 2716 580 2766 S
715 2720 775 2767 11
803 2718 954 2767 crine
980 2717 1147 2769 BPM
1164 2735 1254 2772 em.
1283 2717 1326 2768 S
1358 2735 1425 2768 an
1449 2727 1527 2769 est
1549 2722 1733 2769 lacuna
1754 2721 2028 2771 statuenda
2046 2728 2170 2785 post
2196 2734 2337 2771 sem·
2504 2732 2506 2761 ὲ

389 2786 526 2848 per?
668 2786 730 2834 12
756 2800 901 2835 anno
926 2784 1094 2836 BPM
1224 2788 1290 2836 14
1314 2784 1543 2851 gallieni
1567 2786 1733 2837 BPM
1753 2786 1909 2839 em.'S
2019 2789 2025 2794 '
2047 2789 2111 2839 15
2137 2804 2338 2853 perne·
2504 2764 2506 2831 Ῑ

385 2852 534 2902 nerit
559 2851 602 2902 S
716 2854 780 2902 16
802 2854 892 2905 bis
916 2852 1106 2904 decem
1130 2853 1229 2904 alii
1253 2852 1381 2904 BP¹
1408 2853 1593 2917 (annis
1618 2856 1739 2905 add.
1764 2856 1814 2904 P
1830 2852 1875 2918 ⁸)
1900 2854 1998 2905 alii
2021 2854 2111 2907 bis
2139 2856 2340 2908 decem
2504 2834 2507 2921 1

381 2920 552 2970 annis
576 2920 644 2970 M
659 2920 755 2971 uix
783 2921 972 2972 decem
997 2921 1095 2972 alii
1117 2923 1309 2987 scripsi
1442 2924 1509 2973 24
1532 2921 1806 2973 lelonibus
1830 2922 1881 2971 B
1916 2957 1921 2959 -
