2517 3884
379 174 462 238 14
1066 179 1239 235 Astu
1284 137 1633 236 smmum

377 354 438 407 et
469 344 768 407 Eleusinia
801 364 969 406 sacra
1003 345 1274 424 exemplo
1306 344 1581 405 Herculis
1611 344 1987 424 Philippique
2030 349 2313 426 suscepit,

379 430 568 492 multa
609 433 671 491 in
711 430 1104 512 Athenienses
1148 429 1399 490 contulit
1440 437 1501 489 et
1529 449 1641 508 pro
1684 429 2039 508 agonotheta
2068 431 2309 492 resedit.

308 524 438 577 2et
466 518 528 576 in
556 497 772 576 Achaia
802 516 1043 594 quidem
1077 516 1254 575 etiam
1293 513 1438 575 illud
1472 515 1857 575 obseruatum
1898 516 2103 576 ferunt
2131 516 2311 595 quod,

377 619 513 662 cum
544 603 605 661 in
637 602 823 662 sacris
853 599 1025 660 multi
1055 599 1283 660 cultros
1323 598 1647 669 haherent,
1681 618 1816 660 cum
1846 600 2149 661 Hadriano
2179 601 2313 662 nul-

307 698 340 746 3
376 685 470 746 lus
501 693 764 746 armatus
791 687 1101 762 ingressus
1133 693 1239 744 est.
1320 691 1458 763 pest
1499 686 1561 744 in
1592 685 1853 745 Siciliam
1883 687 2217 763 nauigauit,
2250 689 2311 745 in
2370 705 2405 744 5
2506 661 2508 748 l

375 789 491 850 qua
518 772 767 831 Aetnam
815 776 1080 829 montem
1123 768 1505 838 conscendit,
1549 777 1616 828 ut
1656 769 1799 830 solis
1840 777 2039 831 ortum
2081 769 2318 830 uideret
2504 791 2509 888 Q

304 867 340 915 4
375 873 552 917 arcus
593 856 823 934 specie,
857 862 923 915 ut
951 853 1196 924 dicitur,
1240 855 1495 914 uarium.
1557 853 1695 914 inde
1726 854 1976 915 Romam
2018 857 2185 915 uenit
2226 862 2311 915 at-

374 957 490 1017 que
547 959 618 1001 ex
670 957 737 1000 ea
790 941 853 999 in
894 940 1152 1000 Africam
1194 939 1430 999 transiit
1482 957 1549 998 ac
1592 937 1844 999 multum
1886 938 2311 1000 beneficiorum

305 1039 336 1086 5
373 1026 700 1104 prouinciis
738 1024 1030 1085 Africanis
1073 1023 1379 1085 adtribuit.
1440 1041 1553 1083 nec
1584 1025 1899 1100 quisquam
1931 1024 2057 1084 fere
2087 1025 2307 1102 princi·
2506 1029 2508 1156 ⁴

305 1121 337 1168 6
371 1129 518 1189 pum
549 1116 780 1170 tantum
811 1118 1106 1170 terrarum
1139 1116 1258 1168 tam
1292 1107 1567 1168 celeriter
1597 1110 1958 1187 peragrauit.
2052 1108 2311 1187 denique
2340 1131 2402 1170 io
2506 1157 2508 1186 ‹

374 1213 511 1255 cum
551 1200 687 1273 post
726 1194 986 1254 Africam
1027 1193 1278 1254 Romam
1325 1192 1608 1263 redisset,
1664 1195 1861 1254 statim
1903 1193 1976 1254 ad
2018 1195 2311 1254 orientem
2503 1193 2509 1288 j

371 1280 680 1359 profectus
721 1296 832 1357 per
861 1277 1120 1340 Athenas
1158 1279 1275 1338 iter
1318 1279 1459 1338 fecit
1499 1285 1677 1356 atque
1708 1296 1922 1357 opera,
1958 1295 2107 1355 quae
2152 1277 2309 1356 apud

348 1363 766 1446 *Athenienses
799 1371 1109 1442 coeperat,
1145 1363 1471 1433 dedicauit,
1516 1370 1583 1423 ut
1612 1363 1773 1424 Iouis
1805 1362 2060 1442 Olympii
2100 1363 2311 1423 aedem

373 1456 433 1509 et
481 1467 646 1508 aram
699 1447 841 1518 sibi,
897 1448 1229 1547 eodemque
1282 1447 1459 1508 modo
1509 1465 1619 1527 per
1669 1449 1867 1509 Asiam
1918 1449 2037 1508 iter
2084 1448 2311 1508 faciens
2506 1517 2508 1528 <

303 1544 334 1594 7
371 1531 592 1612 templa
633 1535 727 1593 sui
765 1534 1026 1592 nominis
1071 1534 1461 1594 consecrauit
1554 1532 1770 1592 deinde
1826 1551 1859 1592 a
1900 1531 2309 1610 Capadocibus
2338 1551 2398 1591 15

303 1629 336 1678 8
373 1619 616 1679 seruitia
647 1618 858 1678 castris
889 1618 1206 1696 profutura
1237 1618 1517 1696 suscepit
1580 1616 1898 1696 toparchas
1942 1623 2001 1676 et
2030 1633 2205 1693 reges
2235 1616 2308 1675 ad
2507 1609 2508 1614 ’

373 1704 690 1764 amicitiam
718 1691 1016 1771 inuitauit,
1049 1703 1316 1762 inuitato
1322 1703 1498 1762 etiam
1526 1701 1753 1763 Osdroe
1787 1719 1930 1780 rege
1950 1698 2310 1762 Parthorum

369 1789 741 1864 remissaque
772 1785 860 1846 illi
889 1787 1038 1856 filia,
1071 1803 1249 1863 quam
1285 1787 1579 1848 Traianus
1612 1793 1882 1867 ceperat,
1917 1805 1985 1848 ac
2014 1785 2309 1864 promissa

303 1885 334 1934 9
371 1872 533 1942 sella,
569 1890 720 1950 quae
750 1872 958 1932 itidem
991 1878 1162 1951 capta
1191 1873 1405 1933 fuerat.
1470 1889 1727 1949 cumque
1770 1871 1843 1932 ad
1886 1889 2023 1931 eum
2065 1869 2309 1948 quidam

368 1975 545 2036 reges
591 1958 920 2027 uenissent,
972 1959 1056 2017 ita
1087 1975 1224 2017 cum
1264 1955 1359 2016 his
1392 1958 1512 2034 egit
1555 1965 1620 2017 ut
1660 1974 1763 2015 eos
1791 1957 2155 2034 paeniteret,
2206 1955 2308 2031 qui
2334 1976 2393 2016 20

369 2044 580 2103 uenire
634 2042 987 2112 noluerunt,
1045 2059 1219 2102 causa
1273 2042 1579 2120 speciatim
1620 2041 1993 2101 Farasmanis
2035 2041 2136 2118 qui
2181 2041 2311 2100 eius

270 2140 334 2188 10
367 2129 786 2189 inuitationem
833 2126 1092 2208 superbe
1133 2126 1487 2203 neglexerit.
1562 2134 1621 2186 et
1664 2125 2023 2184 circumiens
2067 2123 2309 2200 quidem

367 2214 710 2292 prouincias
751 2218 1176 2292 procuratores
1218 2217 1279 2270 et
1318 2210 1629 2290 praesides
1667 2227 1779 2288 pro
1812 2207 1983 2269 factis
2015 2207 2307 2286 supplicio

370 2297 617 2368 adfecit,
667 2299 752 2358 ita
791 2315 1003 2357 seuere
1043 2304 1110 2354 ut
1149 2301 1529 2356 accusatores
1570 2312 1680 2372 per
1722 2310 1787 2352 se
1827 2292 2175 2352 crederetur
2213 2293 2305 2350 in-

368 2384 626 2443 mittere.
2332 2397 2386 2438 25

272 2471 353 2534 14
493 2465 924 2540 Antiochenses
962 2464 1119 2522 inter
1161 2459 1311 2520 haec
1352 2462 1432 2521 ita
1477 2459 1611 2520 odio
1653 2457 1863 2519 habuit
1902 2467 1969 2519 ut
1998 2459 2229 2537 Syriam
2272 2479 2307 2519 a

368 2549 665 2611 Phoenice
697 2564 976 2626 separare
1019 2545 1305 2614 uoluerit,
1355 2562 1431 2604 ne
1469 2551 1559 2605 tot
1600 2545 1909 2604 ciuitatum
1954 2543 2307 2622 metropolis

300 2653 331 2699 2
367 2632 673 2695 Antiochia
713 2632 1030 2691 diceretur.
1115 2636 1436 2689 mouerunt
1478 2647 1547 2688 ea
1586 2634 1939 2706 tempestate
1993 2635 2053 2688 et
2102 2628 2309 2690 Iudaei

301 2736 332 2784 3
371 2717 611 2787 bellum,
645 2715 804 2792 quod
837 2713 1192 2775 uetabantur‘
1221 2712 1500 2774 mutilare
1529 2714 1825 2792 genitalia.
1870 2713 1976 2774 sed
2010 2715 2072 2773 in
2101 2723 2307 2774 monte

369 2802 569 2870 Casio,
615 2818 767 2865 cum,
794 2798 1034 2860 uidendi
1076 2797 1217 2858 solis
1262 2805 1430 2858 ortus
1470 2800 1659 2876 gratia
1699 2805 1877 2859 nocte
1920 2799 2301 2867 ascendisset,
2332 2825 2383 2864 30

365 2885 561 2946 imbre
587 2893 718 2946 orto
749 2885 975 2944 fulmen
1003 2883 1285 2945 decidens
1320 2881 1570 2944 hostiam
1600 2891 1661 2946 et
1690 2885 2088 2945 uictimarium
2122 2884 2304 2944 sacri-

471 3090 502 3138 8
536 3087 731 3138 aficam
752 3086 826 3138 Β1
855 3086 1014 3151 (corr.
1043 3085 1136 3151 B3)
1161 3085 1230 3138 P¹
1372 3090 1403 3137 9
1440 3104 1509 3138 ne
1534 3087 1696 3137 BPV
1829 3089 1891 3136 10
1919 3089 2136 3134 tantum
2162 3084 2304 3134 cele·

367 3156 504 3208 riter
527 3155 710 3206 B¹PV
845 3158 908 3208 13
937 3155 1130 3206 eadem
1153 3153 1274 3206 BP¹
1417 3158 1479 3207 17
1516 3161 1699 3206 ostroe
1725 3154 1776 3202 B
1812 3151 2041 3203 cosdroe
2066 3151 2145 3202 P³
2156 3152 2211 3201 V
2212 3150 2236 3183 ²

369 3227 434 3275 18
466 3225 777 3289 remisaque
801 3222 870 3274 B¹
907 3240 1044 3275 corr.
1070 3223 1145 3273 B³
1286 3226 1349 3274 19
1384 3223 1603 3288 quidem
1634 3221 1853 3272 BPVM
1987 3222 2053 3270 20
2088 3220 2303 3284 penite·

366 3298 452 3343 ret
476 3291 582 3344 BP
713 3295 776 3342 21
806 3307 1004 3342 causas
1029 3292 1078 3342 B
1217 3291 1369 3342 feras
1392 3291 1569 3340 manis
1601 3291 1652 3339 V
1782 3291 1847 3338 22
1874 3303 2110 3353 superne
2137 3286 2211 3338 Β1

367 3363 432 3412 27
459 3361 766 3426 phoenicae
790 3360 842 3411 B
980 3363 1046 3412 30
1083 3361 1263 3410 cassio
1289 3359 1352 3410 M
1482 3361 1545 3408 31
1582 3358 1809 3407 fulmine
1835 3354 2051 3406 B¹P¹V
2083 3356 2305 3406 fulmini

368 3429 434 3480 M
568 3429 820 3480 diciden's
843 3427 914 3479 B¹
929 3429 985 3478 V
1089 3427 1436 3478 uictimarum
1461 3425 1601 3476 B¹P¹
1618 3426 1681 3474 V
1678 3426 1725 3474 M
1750 3425 2015 3475 uictimas
2036 3423 2285 3476 B³P³em

371 3498 563 3564 Eynat.
