<?xml version="1.0" encoding="UTF-8"?>
<!DOCTYPE html PUBLIC "-//W3C//DTD XHTML 1.0 Transitional//EN"
    "http://www.w3.org/TR/xhtml1/DTD/xhtml1-transitional.dtd">
<html xmlns="http://www.w3.org/1999/xhtml" xml:lang="en" lang="en">
 <head>
  <title>
</title>
<meta http-equiv="Content-Type" content="text/html;charset=utf-8" />
  <meta name='ocr-system' content='tesseract 3.04.00' />
  <meta name='ocr-capabilities' content='ocr_page ocr_carea ocr_par ocr_line ocrx_word'/>
</head>
<body>
  <div class='ocr_page' id='page_1' title='image "./scriptoreshisto02petegoog_0424.png"; bbox 0 0 2517 3884; ppageno 0'>
   <div class='ocr_carea' id='block_1_1' title="bbox 659 193 2171 258">
    <p class='ocr_par' dir='ltr' id='par_1_1' title="bbox 659 193 2171 258">
     <span class='ocr_line' id='line_1_1' title="bbox 659 193 2171 258; baseline 0.003 -5"><span class='ocrx_word' id='word_1_1' title='bbox 659 196 948 254; x_wconf 83' lang='lat' dir='ltr'><strong>TYRANNI</strong></span> <span class='ocrx_word' id='word_1_2' title='bbox 993 196 1325 253; x_wconf 76' lang='lat' dir='ltr'><strong>TRIGINTA.</strong></span> <span class='ocrx_word' id='word_1_3' title='bbox 1414 198 1469 256; x_wconf 89' lang='lat' dir='ltr'><strong>C.</strong></span> <span class='ocrx_word' id='word_1_4' title='bbox 1504 201 1740 255; x_wconf 80' lang='lat'>18-20,</span> <span class='ocrx_word' id='word_1_5' title='bbox 2050 193 2171 258; x_wconf 84' lang='grc'><strong>109</strong></span> 
     </span>
    </p>
   </div>
   <div class='ocr_carea' id='block_1_2' title="bbox 239 362 2223 529">
    <p class='ocr_par' dir='ltr' id='par_1_2' title="bbox 239 362 2223 529">
     <span class='ocr_line' id='line_1_2' title="bbox 239 362 2223 465; baseline 0.002 -42"><span class='ocrx_word' id='word_1_6' title='bbox 239 363 303 424; x_wconf 87' lang='lat' dir='ltr'><strong>id</strong></span> <span class='ocrx_word' id='word_1_7' title='bbox 335 371 426 424; x_wconf 89' lang='lat' dir='ltr'><strong>est</strong></span> <span class='ocrx_word' id='word_1_8' title='bbox 456 371 788 431; x_wconf 87' lang='lat' dir='ltr'><strong>uacantem,</strong></span> <span class='ocrx_word' id='word_1_9' title='bbox 823 362 1071 425; x_wconf 87' lang='lat' dir='ltr'><strong>haberet</strong></span> <span class='ocrx_word' id='word_1_10' title='bbox 1101 372 1160 425; x_wconf 91' lang='lat' dir='ltr'><strong>et</strong></span> <span class='ocrx_word' id='word_1_11' title='bbox 1190 364 1498 426; x_wconf 89' lang='lat' dir='ltr'><strong>tribunum</strong></span> <span class='ocrx_word' id='word_1_12' title='bbox 1531 363 1760 438; x_wconf 87' lang='lat' dir='ltr'><strong>nullum</strong></span> <span class='ocrx_word' id='word_1_13' title='bbox 1794 366 2165 465; x_wconf 79' lang='lat' dir='ltr'><strong>stipatorem,</strong></span> <span class='ocrx_word' id='word_1_14' title='bbox 2212 368 2223 373; x_wconf 84' lang='grc'><em>“</em></span> 
     </span>
     <span class='ocr_line' id='line_1_3' title="bbox 239 434 2168 529; baseline 0.002 -20"><span class='ocrx_word' id='word_1_15' title='bbox 239 450 344 527; x_wconf 89' lang='lat' dir='ltr'><strong>qui</strong></span> <span class='ocrx_word' id='word_1_16' title='bbox 373 466 493 510; x_wconf 91' lang='lat' dir='ltr'><strong>non</strong></span> <span class='ocrx_word' id='word_1_17' title='bbox 534 467 680 509; x_wconf 86' lang='lat' dir='ltr'><strong>uere</strong></span> <span class='ocrx_word' id='word_1_18' title='bbox 723 448 946 526; x_wconf 87' lang='lat' dir='ltr'><strong>aliquid</strong></span> <span class='ocrx_word' id='word_1_19' title='bbox 977 456 1210 529; x_wconf 84' lang='lat' dir='ltr'><strong>ageret,</strong></span> <span class='ocrx_word' id='word_1_20' title='bbox 1276 448 1505 524; x_wconf 87' lang='lat' dir='ltr'><strong>nullum</strong></span> <span class='ocrx_word' id='word_1_21' title='bbox 1548 434 1823 520; x_wconf 86' lang='lat' dir='ltr'><strong>militem,</strong></span> <span class='ocrx_word' id='word_1_22' title='bbox 1888 452 1990 528; x_wconf 88' lang='lat' dir='ltr'><strong>qui</strong></span> <span class='ocrx_word' id='word_1_23' title='bbox 2048 470 2168 512; x_wconf 88' lang='lat' dir='ltr'><strong>non</strong></span> 
     </span>
    </p>
   </div>
   <div class='ocr_carea' id='block_1_3' title="bbox 184 539 2266 957">
    <p class='ocr_par' dir='ltr' id='par_1_3' title="bbox 184 539 2266 957">
     <span class='ocr_line' id='line_1_4' title="bbox 241 539 732 613; baseline -0.004 -18"><span class='ocrx_word' id='word_1_24' title='bbox 241 552 391 595; x_wconf 89' lang='lat' dir='ltr'><strong>uere</strong></span> <span class='ocrx_word' id='word_1_25' title='bbox 420 539 732 613; x_wconf 80' lang='lat' dir='ltr'><strong>pugnaret.</strong></span> 
     </span>
     <span class='ocr_line' id='line_1_5' title="bbox 362 578 2266 700; baseline 0 -22"><span class='ocrx_word' id='word_1_26' title='bbox 362 617 474 679; x_wconf 90' lang='lat' dir='ltr'><strong>Hic</strong></span> <span class='ocrx_word' id='word_1_27' title='bbox 500 620 681 696; x_wconf 89' lang='lat' dir='ltr'><strong>igitur</strong></span> <span class='ocrx_word' id='word_1_28' title='bbox 712 620 808 681; x_wconf 90' lang='lat' dir='ltr'><strong>uir</strong></span> <span class='ocrx_word' id='word_1_29' title='bbox 849 622 911 681; x_wconf 92' lang='lat' dir='ltr'><strong>in</strong></span> <span class='ocrx_word' id='word_1_30' title='bbox 945 578 1200 683; x_wconf 85' lang='lat' dir='ltr'><strong>tentorio</strong></span> <span class='ocrx_word' id='word_1_31' title='bbox 1243 641 1353 683; x_wconf 92' lang='lat' dir='ltr'><strong>suo</strong></span> <span class='ocrx_word' id='word_1_32' title='bbox 1396 621 1621 683; x_wconf 90' lang='lat' dir='ltr'><strong>cubans</strong></span> <span class='ocrx_word' id='word_1_33' title='bbox 1663 640 1695 682; x_wconf 92' lang='lat' dir='ltr'><strong>a</strong></span> <span class='ocrx_word' id='word_1_34' title='bbox 1739 621 2266 700; x_wconf 79' lang='lat' dir='ltr'><strong>quodamgre-12</strong></span> 
     </span>
     <span class='ocr_line' id='line_1_6' title="bbox 184 703 2161 784; baseline 0.003 -23"><span class='ocrx_word' id='word_1_35' title='bbox 184 720 213 761; x_wconf 87' lang='lat'><strong>5</strong></span> <span class='ocrx_word' id='word_1_36' title='bbox 239 705 406 783; x_wconf 88' lang='lat' dir='ltr'><strong>gario</strong></span> <span class='ocrx_word' id='word_1_37' title='bbox 438 703 624 764; x_wconf 88' lang='lat' dir='ltr'><strong>milite</strong></span> <span class='ocrx_word' id='word_1_38' title='bbox 663 706 726 767; x_wconf 92' lang='lat' dir='ltr'><strong>in</strong></span> <span class='ocrx_word' id='word_1_39' title='bbox 757 705 1011 767; x_wconf 86' lang='lat' dir='ltr'>Odenati</span> <span class='ocrx_word' id='word_1_40' title='bbox 1050 714 1111 766; x_wconf 92' lang='lat' dir='ltr'><strong>et</strong></span> <span class='ocrx_word' id='word_1_41' title='bbox 1139 706 1394 767; x_wconf 87' lang='lat' dir='ltr'><strong>Gallieni</strong></span> <span class='ocrx_word' id='word_1_42' title='bbox 1445 708 1694 784; x_wconf 78' lang='lat' dir='ltr'>gratiam</span> <span class='ocrx_word' id='word_1_43' title='bbox 1727 706 1945 768; x_wconf 90' lang='lat' dir='ltr'><strong>dicitur</strong></span> <span class='ocrx_word' id='word_1_44' title='bbox 1974 708 2161 767; x_wconf 83' lang='lat' dir='ltr'><strong>intel-</strong></span> 
     </span>
     <span class='ocr_line' id='line_1_7' title="bbox 242 788 2265 872; baseline -0.001 -23"><span class='ocrx_word' id='word_1_45' title='bbox 242 796 496 869; x_wconf 69' lang='lat' dir='ltr'><strong>emptus</strong></span> <span class='ocrx_word' id='word_1_46' title='bbox 575 788 650 850; x_wconf 88' lang='lat' dir='ltr'><strong>de</strong></span> <span class='ocrx_word' id='word_1_47' title='bbox 693 808 811 869; x_wconf 90' lang='lat' dir='ltr'><strong>quo</strong></span> <span class='ocrx_word' id='word_1_48' title='bbox 853 792 983 870; x_wconf 89' lang='lat' dir='ltr'><strong>ipse</strong></span> <span class='ocrx_word' id='word_1_49' title='bbox 1027 810 1170 853; x_wconf 87' lang='lat' dir='ltr'><strong>uera</strong></span> <span class='ocrx_word' id='word_1_50' title='bbox 1211 811 1332 853; x_wconf 90' lang='lat' dir='ltr'><strong>non</strong></span> <span class='ocrx_word' id='word_1_51' title='bbox 1377 794 1518 853; x_wconf 86' lang='lat' dir='ltr'><strong>satis</strong></span> <span class='ocrx_word' id='word_1_52' title='bbox 1578 793 1877 872; x_wconf 87' lang='lat' dir='ltr'><strong>comperi,</strong></span> <span class='ocrx_word' id='word_1_53' title='bbox 1940 792 2162 853; x_wconf 87' lang='lat' dir='ltr'><strong>idcirco</strong></span> <span class='ocrx_word' id='word_1_54' title='bbox 2202 800 2265 848; x_wconf 86' lang='lat'><strong>13</strong></span> 
     </span>
     <span class='ocr_line' id='line_1_8' title="bbox 236 874 2161 957; baseline 0.001 -23"><span class='ocrx_word' id='word_1_55' title='bbox 236 874 398 951; x_wconf 87' lang='lat' dir='ltr'><strong>quod</strong></span> <span class='ocrx_word' id='word_1_56' title='bbox 443 876 765 954; x_wconf 82' lang='lat' dir='ltr'><strong>scriptores</strong></span> <span class='ocrx_word' id='word_1_57' title='bbox 807 881 1150 955; x_wconf 88' lang='lat' dir='ltr'><strong>temporum</strong></span> <span class='ocrx_word' id='word_1_58' title='bbox 1201 876 1279 937; x_wconf 79' lang='lat' dir='ltr'><strong>cle</strong></span> <span class='ocrx_word' id='word_1_59' title='bbox 1320 876 1497 938; x_wconf 86' lang='lat' dir='ltr'><strong>huius</strong></span> <span class='ocrx_word' id='word_1_60' title='bbox 1536 878 1913 957; x_wconf 82' lang='lat' dir='ltr'><strong>praefectura</strong></span> <span class='ocrx_word' id='word_1_61' title='bbox 1957 876 2161 944; x_wconf 85' lang='lat' dir='ltr'><strong>multa,</strong></span> 
     </span>
    </p>
   </div>
   <div class='ocr_carea' id='block_1_4' title="bbox 237 959 1146 1040">
    <p class='ocr_par' dir='ltr' id='par_1_4' title="bbox 237 959 1146 1040">
     <span class='ocr_line' id='line_1_9' title="bbox 237 959 1146 1040; baseline 0.003 -21"><span class='ocrx_word' id='word_1_62' title='bbox 237 959 312 1021; x_wconf 87' lang='lat' dir='ltr'><strong>de</strong></span> <span class='ocrx_word' id='word_1_63' title='bbox 341 960 595 1040; x_wconf 90' lang='lat' dir='ltr'><strong>imperio</strong></span> <span class='ocrx_word' id='word_1_64' title='bbox 627 978 815 1039; x_wconf 92' lang='lat' dir='ltr'><strong>pauca</strong></span> <span class='ocrx_word' id='word_1_65' title='bbox 847 960 1146 1024; x_wconf 86' lang='lat' dir='ltr'><strong>dixerunt.</strong></span> 
     </span>
    </p>
   </div>
   <div class='ocr_carea' id='block_1_5' title="bbox 1013 1194 1377 1261">
    <p class='ocr_par' dir='ltr' id='par_1_5' title="bbox 1013 1194 1377 1261">
     <span class='ocr_line' id='line_1_10' title="bbox 1013 1194 1377 1261; baseline 0 -2"><span class='ocrx_word' id='word_1_66' title='bbox 1013 1194 1377 1261; x_wconf 85' lang='lat' dir='ltr'>VALENS</span> 
     </span>
    </p>
   </div>
   <div class='ocr_carea' id='block_1_6' title="bbox 121 1383 2263 2144">
    <p class='ocr_par' dir='ltr' id='par_1_6' title="bbox 159 1383 2263 1550">
     <span class='ocr_line' id='line_1_11' title="bbox 159 1383 2263 1465; baseline 0.003 -22"><span class='ocrx_word' id='word_1_67' title='bbox 159 1405 212 1443; x_wconf 78' lang='grc' dir='ltr'><strong>ιο</strong></span> <span class='ocrx_word' id='word_1_68' title='bbox 303 1392 307 1396; x_wconf 89' lang='grc'><strong>’</strong></span> <span class='ocrx_word' id='word_1_69' title='bbox 363 1386 472 1446; x_wconf 89' lang='lat' dir='ltr'><strong>Hic</strong></span> <span class='ocrx_word' id='word_1_70' title='bbox 503 1387 598 1446; x_wconf 89' lang='lat' dir='ltr'><strong>uir</strong></span> <span class='ocrx_word' id='word_1_71' title='bbox 625 1384 924 1465; x_wconf 80' lang='lat' dir='ltr'><strong>militariS‚</strong></span> <span class='ocrx_word' id='word_1_72' title='bbox 969 1384 1147 1445; x_wconf 88' lang='lat' dir='ltr'><strong>simul</strong></span> <span class='ocrx_word' id='word_1_73' title='bbox 1191 1386 1370 1446; x_wconf 88' lang='lat' dir='ltr'><strong>etiam</strong></span> <span class='ocrx_word' id='word_1_74' title='bbox 1413 1383 1680 1445; x_wconf 92' lang='lat' dir='ltr'><strong>ciuilium</strong></span> <span class='ocrx_word' id='word_1_75' title='bbox 1710 1388 1997 1447; x_wconf 86' lang='lat' dir='ltr'><strong>uirtutum</strong></span> <span class='ocrx_word' id='word_1_76' title='bbox 2030 1385 2155 1463; x_wconf 85' lang='lat' dir='ltr'><strong>glo·</strong></span> <span class='ocrx_word' id='word_1_77' title='bbox 2186 1386 2263 1449; x_wconf 88' lang='grc'><strong>19</strong></span> 
     </span>
     <span class='ocr_line' id='line_1_12' title="bbox 237 1467 2163 1550; baseline 0 -19"><span class='ocrx_word' id='word_1_78' title='bbox 237 1472 328 1532; x_wconf 89' lang='lat' dir='ltr'><strong>ria</strong></span> <span class='ocrx_word' id='word_1_79' title='bbox 358 1469 592 1550; x_wconf 89' lang='lat' dir='ltr'><strong>pollens</strong></span> <span class='ocrx_word' id='word_1_80' title='bbox 635 1468 1126 1550; x_wconf 84' lang='lat' dir='ltr'><strong>proconsulatum</strong></span> <span class='ocrx_word' id='word_1_81' title='bbox 1176 1468 1431 1531; x_wconf 79' lang='lat' dir='ltr'><strong>Achaiae</strong></span> <span class='ocrx_word' id='word_1_82' title='bbox 1474 1467 1610 1531; x_wconf 86' lang='lat' dir='ltr'><strong>dato</strong></span> <span class='ocrx_word' id='word_1_83' title='bbox 1643 1489 1674 1530; x_wconf 89' lang='lat' dir='ltr'><strong>a</strong></span> <span class='ocrx_word' id='word_1_84' title='bbox 1707 1467 1973 1531; x_wconf 88' lang='lat' dir='ltr'><strong>Gallieno</strong></span> <span class='ocrx_word' id='word_1_85' title='bbox 2019 1478 2163 1531; x_wconf 87' lang='lat' dir='ltr'><strong>tunc</strong></span> 
     </span>
    </p>

    <p class='ocr_par' dir='ltr' id='par_1_7' title="bbox 121 1554 2233 1879">
     <span class='ocr_line' id='line_1_13' title="bbox 121 1554 2233 1634; baseline 0 -19"><span class='ocrx_word' id='word_1_86' title='bbox 121 1562 136 1575; x_wconf 84' lang='grc'><em>·</em></span> <span class='ocrx_word' id='word_1_87' title='bbox 232 1555 464 1615; x_wconf 90' lang='lat' dir='ltr'><strong>honore</strong></span> <span class='ocrx_word' id='word_1_88' title='bbox 515 1554 901 1633; x_wconf 83' lang='lat' dir='ltr'><strong>gubernabat.</strong></span> <span class='ocrx_word' id='word_1_89' title='bbox 979 1572 1160 1634; x_wconf 87' lang='lat' dir='ltr'><strong>quem</strong></span> <span class='ocrx_word' id='word_1_90' title='bbox 1175 1555 1519 1617; x_wconf 86' lang='lat' dir='ltr'><strong>Macrianus</strong></span> <span class='ocrx_word' id='word_1_91' title='bbox 1548 1554 1940 1616; x_wconf 86' lang='lat' dir='ltr'><strong>uehementer</strong></span> <span class='ocrx_word' id='word_1_92' title='bbox 1970 1556 2163 1616; x_wconf 82' lang='lat' dir='ltr'><strong>refor-</strong></span> <span class='ocrx_word' id='word_1_93' title='bbox 2202 1567 2233 1615; x_wconf 79' lang='lat'>2</span> 
     </span>
     <span class='ocr_line' id='line_1_14' title="bbox 235 1639 2164 1717; baseline 0 -16"><span class='ocrx_word' id='word_1_94' title='bbox 235 1640 498 1711; x_wconf 87' lang='lat' dir='ltr'><strong>midans,</strong></span> <span class='ocrx_word' id='word_1_95' title='bbox 561 1640 735 1700; x_wconf 89' lang='lat' dir='ltr'><strong>simul</strong></span> <span class='ocrx_word' id='word_1_96' title='bbox 781 1639 940 1717; x_wconf 91' lang='lat' dir='ltr'><strong>quod</strong></span> <span class='ocrx_word' id='word_1_97' title='bbox 982 1641 1043 1700; x_wconf 91' lang='lat' dir='ltr'><strong>in</strong></span> <span class='ocrx_word' id='word_1_98' title='bbox 1088 1641 1251 1700; x_wconf 90' lang='lat' dir='ltr'><strong>omni</strong></span> <span class='ocrx_word' id='word_1_99' title='bbox 1282 1657 1505 1717; x_wconf 85' lang='lat' dir='ltr'><strong>genere</strong></span> <span class='ocrx_word' id='word_1_100' title='bbox 1555 1641 1715 1701; x_wconf 89' lang='lat' dir='ltr'><strong>uitae</strong></span> <span class='ocrx_word' id='word_1_101' title='bbox 1760 1642 1901 1701; x_wconf 88' lang='lat' dir='ltr'><strong>satis</strong></span> <span class='ocrx_word' id='word_1_102' title='bbox 1934 1640 2164 1703; x_wconf 87' lang='lat' dir='ltr'><strong>clarum</strong></span> 
     </span>
     <span class='ocr_line' id='line_1_15' title="bbox 187 1723 2167 1802; baseline 0.001 -17"><span class='ocrx_word' id='word_1_103' title='bbox 187 1726 204 1735; x_wconf 80' lang='grc'><em>“</em></span> <span class='ocrx_word' id='word_1_104' title='bbox 236 1732 440 1797; x_wconf 83' lang='lat' dir='ltr'><strong>norat,</strong></span> <span class='ocrx_word' id='word_1_105' title='bbox 503 1724 680 1785; x_wconf 90' lang='lat' dir='ltr'><strong>simul</strong></span> <span class='ocrx_word' id='word_1_106' title='bbox 724 1725 883 1802; x_wconf 89' lang='lat' dir='ltr'><strong>quod</strong></span> <span class='ocrx_word' id='word_1_107' title='bbox 914 1725 1222 1785; x_wconf 82' lang='lat' dir='ltr'><strong>inimicum</strong></span> <span class='ocrx_word' id='word_1_108' title='bbox 1273 1724 1387 1785; x_wconf 89' lang='lat' dir='ltr'><strong>sibi</strong></span> <span class='ocrx_word' id='word_1_109' title='bbox 1420 1744 1550 1787; x_wconf 91' lang='lat' dir='ltr'><strong>esse</strong></span> <span class='ocrx_word' id='word_1_110' title='bbox 1602 1723 1831 1788; x_wconf 89' lang='lat' dir='ltr'><strong>inuidia</strong></span> <span class='ocrx_word' id='word_1_111' title='bbox 1872 1727 2167 1787; x_wconf 88' lang='lat' dir='ltr'><strong>uirtutum</strong></span> 
     </span>
     <span class='ocr_line' id='line_1_16' title="bbox 159 1807 2165 1879; baseline 0.002 -13"><span class='ocrx_word' id='word_1_112' title='bbox 159 1826 211 1867; x_wconf 86' lang='lat'><strong>15</strong></span> <span class='ocrx_word' id='word_1_113' title='bbox 238 1809 490 1879; x_wconf 87' lang='lat' dir='ltr'><strong>sciebat,</strong></span> <span class='ocrx_word' id='word_1_114' title='bbox 554 1810 740 1870; x_wconf 87' lang='lat' dir='ltr'><strong>misso</strong></span> <span class='ocrx_word' id='word_1_115' title='bbox 771 1810 1016 1879; x_wconf 88' lang='lat' dir='ltr'><strong>Pisone,</strong></span> <span class='ocrx_word' id='word_1_116' title='bbox 1079 1807 1485 1870; x_wconf 87' lang='lat' dir='ltr'><strong>nobilissimae</strong></span> <span class='ocrx_word' id='word_1_117' title='bbox 1525 1817 1668 1871; x_wconf 90' lang='lat' dir='ltr'><strong>tunc</strong></span> <span class='ocrx_word' id='word_1_118' title='bbox 1722 1818 1782 1870; x_wconf 89' lang='lat' dir='ltr'><strong>et</strong></span> <span class='ocrx_word' id='word_1_119' title='bbox 1837 1810 2165 1871; x_wconf 89' lang='lat' dir='ltr'><strong>consularis</strong></span> 
     </span>
    </p>

    <p class='ocr_par' dir='ltr' id='par_1_8' title="bbox 141 1894 2231 2144">
     <span class='ocr_line' id='line_1_17' title="bbox 235 1894 2231 1973; baseline 0.001 -18"><span class='ocrx_word' id='word_1_120' title='bbox 235 1895 492 1955; x_wconf 79' lang='lat' dir='ltr'><strong>familiae</strong></span> <span class='ocrx_word' id='word_1_121' title='bbox 551 1896 710 1972; x_wconf 57' lang='lat' dir='ltr'><strong>uiro,</strong></span> <span class='ocrx_word' id='word_1_122' title='bbox 763 1895 1022 1955; x_wconf 84' lang='lat' dir='ltr'><strong>interfici</strong></span> <span class='ocrx_word' id='word_1_123' title='bbox 1061 1896 1384 1973; x_wconf 87' lang='lat' dir='ltr'><strong>praecepit.</strong></span> <span class='ocrx_word' id='word_1_124' title='bbox 1464 1894 1677 1956; x_wconf 89' lang='lat' dir='ltr'><strong>Valens</strong></span> <span class='ocrx_word' id='word_1_125' title='bbox 1710 1894 2163 1973; x_wconf 86' lang='lat' dir='ltr'><strong>diligentissime</strong></span> <span class='ocrx_word' id='word_1_126' title='bbox 2200 1908 2231 1957; x_wconf 84' lang='lat'>3</span> 
     </span>
     <span class='ocr_line' id='line_1_18' title="bbox 141 1978 2167 2059; baseline -0.001 -19"><span class='ocrx_word' id='word_1_127' title='bbox 141 1993 148 1997; x_wconf 84' lang='grc'><strong><em>·</em></strong></span> <span class='ocrx_word' id='word_1_128' title='bbox 233 1998 456 2040; x_wconf 77' lang='lat' dir='ltr'><strong>canens</strong></span> <span class='ocrx_word' id='word_1_129' title='bbox 499 1986 558 2039; x_wconf 90' lang='lat' dir='ltr'><strong>et</strong></span> <span class='ocrx_word' id='word_1_130' title='bbox 596 1978 922 2059; x_wconf 88' lang='lat' dir='ltr'><strong>prouidens</strong></span> <span class='ocrx_word' id='word_1_131' title='bbox 981 1996 1178 2055; x_wconf 87' lang='lat' dir='ltr'><strong>neque</strong></span> <span class='ocrx_word' id='word_1_132' title='bbox 1237 1978 1410 2039; x_wconf 87' lang='lat' dir='ltr'><strong>aliter</strong></span> <span class='ocrx_word' id='word_1_133' title='bbox 1470 1979 1583 2040; x_wconf 90' lang='lat' dir='ltr'><strong>sibi</strong></span> <span class='ocrx_word' id='word_1_134' title='bbox 1633 1998 1811 2058; x_wconf 86' lang='lat' dir='ltr'><strong>posse</strong></span> <span class='ocrx_word' id='word_1_135' title='bbox 1854 1978 2167 2040; x_wconf 87' lang='lat' dir='ltr'><strong>subueniri</strong></span> 
     </span>
     <span class='ocr_line' id='line_1_19' title="bbox 232 2063 2134 2144; baseline -0.001 -18"><span class='ocrx_word' id='word_1_136' title='bbox 232 2066 553 2127; x_wconf 88' lang='lat' dir='ltr'><strong>aestimans</strong></span> <span class='ocrx_word' id='word_1_137' title='bbox 576 2065 828 2144; x_wconf 88' lang='lat' dir='ltr'><strong>sumpsit</strong></span> <span class='ocrx_word' id='word_1_138' title='bbox 849 2065 1173 2142; x_wconf 90' lang='lat' dir='ltr'><strong>imperium</strong></span> <span class='ocrx_word' id='word_1_139' title='bbox 1197 2071 1255 2124; x_wconf 90' lang='lat' dir='ltr'><strong>et</strong></span> <span class='ocrx_word' id='word_1_140' title='bbox 1278 2064 1451 2125; x_wconf 86' lang='lat' dir='ltr'><strong>breui</strong></span> <span class='ocrx_word' id='word_1_141' title='bbox 1475 2083 1506 2123; x_wconf 89' lang='lat' dir='ltr'><strong>a</strong></span> <span class='ocrx_word' id='word_1_142' title='bbox 1530 2063 1815 2125; x_wconf 87' lang='lat' dir='ltr'><strong>militibus</strong></span> <span class='ocrx_word' id='word_1_143' title='bbox 1838 2066 2134 2143; x_wconf 84' lang='lat' dir='ltr'><strong>interemp</strong></span> 
     </span>
    </p>
   </div>
   <div class='ocr_carea' id='block_1_7' title="bbox 233 2159 470 2211">
    <p class='ocr_par' dir='ltr' id='par_1_9' title="bbox 233 2159 470 2211">
     <span class='ocr_line' id='line_1_20' title="bbox 233 2159 470 2211; baseline -0.014 0"><span class='ocrx_word' id='word_1_144' title='bbox 233 2159 329 2211; x_wconf 89' lang='lat' dir='ltr'><strong>tus</strong></span> <span class='ocrx_word' id='word_1_145' title='bbox 362 2159 470 2210; x_wconf 90' lang='lat' dir='ltr'><strong>est.</strong></span> 
     </span>
    </p>
   </div>
   <div class='ocr_carea' id='block_1_8' title="bbox 157 2330 1625 2397">
    <p class='ocr_par' dir='ltr' id='par_1_10' title="bbox 157 2330 1625 2397">
     <span class='ocr_line' id='line_1_21' title="bbox 157 2330 1625 2397; baseline 0 -2"><span class='ocrx_word' id='word_1_146' title='bbox 157 2354 208 2395; x_wconf 73' lang='lat'><strong>20</strong></span> <span class='ocrx_word' id='word_1_147' title='bbox 772 2330 1133 2396; x_wconf 82' lang='lat' dir='ltr'><strong>VALENS</strong></span> <span class='ocrx_word' id='word_1_148' title='bbox 1178 2330 1625 2397; x_wconf 87' lang='lat' dir='ltr'><strong>SVPERIOR</strong></span> 
     </span>
    </p>
   </div>
   <div class='ocr_carea' id='block_1_9' title="bbox 164 2508 2270 3027">
    <p class='ocr_par' dir='ltr' id='par_1_11' title="bbox 234 2508 2270 2857">
     <span class='ocr_line' id='line_1_22' title="bbox 359 2508 2270 2591; baseline 0.002 -8"><span class='ocrx_word' id='word_1_149' title='bbox 359 2521 434 2584; x_wconf 83' lang='lat' dir='ltr'><strong>Et</strong></span> <span class='ocrx_word' id='word_1_150' title='bbox 462 2524 616 2583; x_wconf 88' lang='lat' dir='ltr'><strong>bene</strong></span> <span class='ocrx_word' id='word_1_151' title='bbox 650 2524 815 2583; x_wconf 84' lang='lat' dir='ltr'><strong>uenit</strong></span> <span class='ocrx_word' id='word_1_152' title='bbox 856 2523 918 2581; x_wconf 93' lang='lat' dir='ltr'><strong>in</strong></span> <span class='ocrx_word' id='word_1_153' title='bbox 961 2527 1251 2590; x_wconf 88' lang='lat' dir='ltr'><strong>mentem,</strong></span> <span class='ocrx_word' id='word_1_154' title='bbox 1317 2508 1409 2591; x_wconf 71' lang='lat' dir='ltr'><strong>ut]</strong></span> <span class='ocrx_word' id='word_1_155' title='bbox 1473 2540 1611 2583; x_wconf 90' lang='lat' dir='ltr'><strong>cum</strong></span> <span class='ocrx_word' id='word_1_156' title='bbox 1653 2521 1726 2583; x_wconf 91' lang='lat' dir='ltr'><strong>de</strong></span> <span class='ocrx_word' id='word_1_157' title='bbox 1770 2521 1885 2583; x_wconf 91' lang='lat' dir='ltr'><strong>hoc</strong></span> <span class='ocrx_word' id='word_1_158' title='bbox 1918 2522 2162 2583; x_wconf 88' lang='lat' dir='ltr'><strong>Valente</strong></span> <span class='ocrx_word' id='word_1_159' title='bbox 2184 2522 2270 2586; x_wconf 81' lang='lat'><strong>20</strong></span> 
     </span>
     <span class='ocr_line' id='line_1_23' title="bbox 237 2605 2163 2687; baseline -0.001 -18"><span class='ocrx_word' id='word_1_160' title='bbox 237 2609 561 2685; x_wconf 89' lang='lat' dir='ltr'><strong>loquimur,</strong></span> <span class='ocrx_word' id='word_1_161' title='bbox 627 2609 805 2668; x_wconf 89' lang='lat' dir='ltr'><strong>etiam</strong></span> <span class='ocrx_word' id='word_1_162' title='bbox 847 2605 921 2667; x_wconf 91' lang='lat' dir='ltr'><strong>de</strong></span> <span class='ocrx_word' id='word_1_163' title='bbox 963 2605 1066 2667; x_wconf 93' lang='grc'><strong>1110</strong></span> <span class='ocrx_word' id='word_1_164' title='bbox 1097 2606 1343 2666; x_wconf 83' lang='lat' dir='ltr'><strong>Valente</strong></span> <span class='ocrx_word' id='word_1_165' title='bbox 1387 2608 1486 2683; x_wconf 91' lang='lat' dir='ltr'><strong>qui</strong></span> <span class='ocrx_word' id='word_1_166' title='bbox 1528 2608 1908 2687; x_wconf 87' lang='lat' dir='ltr'><strong>superiorum</strong></span> <span class='ocrx_word' id='word_1_167' title='bbox 1938 2610 2163 2687; x_wconf 76' lang='lat' dir='ltr'><strong>prinei-</strong></span> 
     </span>
     <span class='ocr_line' id='line_1_24' title="bbox 234 2691 2232 2792; baseline -0.001 -39"><span class='ocrx_word' id='word_1_168' title='bbox 234 2712 380 2773; x_wconf 90' lang='lat' dir='ltr'><strong>pum</strong></span> <span class='ocrx_word' id='word_1_169' title='bbox 410 2692 782 2773; x_wconf 87' lang='lat' dir='ltr'><strong>temporibus</strong></span> <span class='ocrx_word' id='word_1_170' title='bbox 807 2694 1208 2792; x_wconf 73' lang='lat' dir='ltr'><strong>interemptus</strong></span> <span class='ocrx_word' id='word_1_171' title='bbox 1238 2699 1330 2751; x_wconf 86' lang='lat' dir='ltr'><strong>est</strong></span> <span class='ocrx_word' id='word_1_172' title='bbox 1358 2691 1578 2769; x_wconf 87' lang='lat' dir='ltr'><strong>aliquid</strong></span> <span class='ocrx_word' id='word_1_173' title='bbox 1614 2691 1970 2752; x_wconf 70' lang='lat' dir='ltr'><strong>diceremus</strong></span> <span class='ocrx_word' id='word_1_174' title='bbox 2030 2710 2166 2753; x_wconf 88' lang='lat' dir='ltr'><strong>nam</strong></span> <span class='ocrx_word' id='word_1_175' title='bbox 2202 2706 2232 2753; x_wconf 82' lang='lat'><strong>2</strong></span> 
     </span>
     <span class='ocr_line' id='line_1_25' title="bbox 237 2774 2225 2857; baseline -0.001 -20"><span class='ocrx_word' id='word_1_176' title='bbox 237 2776 418 2839; x_wconf 89' lang='lat' dir='ltr'><strong>huius</strong></span> <span class='ocrx_word' id='word_1_177' title='bbox 441 2778 698 2839; x_wconf 86' lang='lat' dir='ltr'><strong>Valentis</strong></span> <span class='ocrx_word' id='word_1_178' title='bbox 722 2779 825 2857; x_wconf 87' lang='lat' dir='ltr'><strong>qui</strong></span> <span class='ocrx_word' id='word_1_179' title='bbox 857 2775 967 2838; x_wconf 89' lang='lat' dir='ltr'><strong>sub</strong></span> <span class='ocrx_word' id='word_1_180' title='bbox 999 2774 1267 2847; x_wconf 81' lang='lat' dir='ltr'><strong>Gallieno</strong></span> <span class='ocrx_word' id='word_1_181' title='bbox 1298 2778 1618 2855; x_wconf 88' lang='lat' dir='ltr'><strong>imperauit</strong></span> <span class='ocrx_word' id='word_1_182' title='bbox 1646 2775 1980 2838; x_wconf 89' lang='lat' dir='ltr'><strong>auunculus</strong></span> <span class='ocrx_word' id='word_1_183' title='bbox 2041 2795 2165 2835; x_wconf 90' lang='lat' dir='ltr'><strong>ma</strong></span> <span class='ocrx_word' id='word_1_184' title='bbox 2216 2776 2225 2797; x_wconf 81' lang='lat'><strong>¹</strong></span> 
     </span>
    </p>

    <p class='ocr_par' dir='ltr' id='par_1_12' title="bbox 164 2853 2233 3027">
     <span class='ocr_line' id='line_1_26' title="bbox 164 2853 2160 2941; baseline 0 -20"><span class='ocrx_word' id='word_1_185' title='bbox 164 2881 217 2922; x_wconf 82' lang='lat'><strong>25</strong></span> <span class='ocrx_word' id='word_1_186' title='bbox 243 2880 398 2941; x_wconf 87' lang='lat' dir='ltr'><strong>gnus</strong></span> <span class='ocrx_word' id='word_1_187' title='bbox 441 2863 624 2923; x_wconf 83' lang='lat' dir='ltr'><strong>fuisse</strong></span> <span class='ocrx_word' id='word_1_188' title='bbox 664 2853 1036 2941; x_wconf 89' lang='lat' dir='ltr'><strong>perhibe‘tur.</strong></span> <span class='ocrx_word' id='word_1_189' title='bbox 1096 2860 1195 2920; x_wconf 88' lang='lat' dir='ltr'><strong>alii</strong></span> <span class='ocrx_word' id='word_1_190' title='bbox 1225 2866 1457 2921; x_wconf 86' lang='lat' dir='ltr'><strong>tantum</strong></span> <span class='ocrx_word' id='word_1_191' title='bbox 1515 2860 1878 2921; x_wconf 84' lang='lat' dir='ltr'><strong>auunculum</strong></span> <span class='ocrx_word' id='word_1_192' title='bbox 1939 2860 2160 2921; x_wconf 88' lang='lat' dir='ltr'><strong>dicunt.</strong></span> 
     </span>
     <span class='ocr_line' id='line_1_27' title="bbox 238 2944 2233 3027; baseline 0 -18"><span class='ocrx_word' id='word_1_193' title='bbox 238 2948 345 3027; x_wconf 80' lang='lat' dir='ltr'><strong>sed</strong></span> <span class='ocrx_word' id='word_1_194' title='bbox 375 2966 486 3027; x_wconf 89' lang='lat' dir='ltr'><strong>par</strong></span> <span class='ocrx_word' id='word_1_195' title='bbox 514 2948 577 3007; x_wconf 90' lang='lat' dir='ltr'><strong>in</strong></span> <span class='ocrx_word' id='word_1_196' title='bbox 609 2945 900 3007; x_wconf 90' lang='lat' dir='ltr'><strong>ambobus</strong></span> <span class='ocrx_word' id='word_1_197' title='bbox 930 2947 1042 3006; x_wconf 89' lang='lat' dir='ltr'><strong>suit</strong></span> <span class='ocrx_word' id='word_1_198' title='bbox 1069 2944 1329 3005; x_wconf 83' lang='lat' dir='ltr'><strong>fortuna.</strong></span> <span class='ocrx_word' id='word_1_199' title='bbox 1389 2963 1527 3005; x_wconf 87' lang='lat' dir='ltr'><strong>nam</strong></span> <span class='ocrx_word' id='word_1_200' title='bbox 1559 2952 1617 3005; x_wconf 91' lang='lat' dir='ltr'><strong>et</strong></span> <span class='ocrx_word' id='word_1_201' title='bbox 1646 2944 1766 3014; x_wconf 90' lang='lat' dir='ltr'><strong>ille,</strong></span> <span class='ocrx_word' id='word_1_202' title='bbox 1800 2946 2007 3024; x_wconf 88' lang='lat' dir='ltr'><strong>paucis</strong></span> <span class='ocrx_word' id='word_1_203' title='bbox 2038 2944 2160 3005; x_wconf 86' lang='lat' dir='ltr'><strong>die·</strong></span> <span class='ocrx_word' id='word_1_204' title='bbox 2203 2960 2233 3009; x_wconf 86' lang='lat'><strong>3</strong></span> 
     </span>
    </p>
   </div>
   <div class='ocr_carea' id='block_1_10' title="bbox 235 3018 1684 3112">
    <p class='ocr_par' dir='ltr' id='par_1_13' title="bbox 235 3018 1684 3112">
     <span class='ocr_line' id='line_1_28' title="bbox 235 3018 1684 3112; baseline -0.003 -19"><span class='ocrx_word' id='word_1_205' title='bbox 235 3018 352 3093; x_wconf 84' lang='lat' dir='ltr'><strong>bus</strong></span> <span class='ocrx_word' id='word_1_206' title='bbox 381 3050 514 3093; x_wconf 84' lang='lat' dir='ltr'><strong>cum</strong></span> <span class='ocrx_word' id='word_1_207' title='bbox 545 3035 607 3092; x_wconf 77' lang='lat' dir='ltr'><strong>in</strong></span> <span class='ocrx_word' id='word_1_208' title='bbox 639 3031 874 3112; x_wconf 84' lang='lat' dir='ltr'><strong>Illyrico</strong></span> <span class='ocrx_word' id='word_1_209' title='bbox 904 3032 1277 3109; x_wconf 86' lang='lat' dir='ltr'><strong>imperasset,</strong></span> <span class='ocrx_word' id='word_1_210' title='bbox 1312 3031 1544 3091; x_wconf 88' lang='lat' dir='ltr'><strong>occisus</strong></span> <span class='ocrx_word' id='word_1_211' title='bbox 1577 3036 1684 3090; x_wconf 90' lang='lat' dir='ltr'><strong>est.</strong></span> 
     </span>
    </p>
   </div>
   <div class='ocr_carea' id='block_1_11' title="bbox 233 3248 2167 3383">
    <p class='ocr_par' dir='ltr' id='par_1_14' title="bbox 233 3248 2167 3383">
     <span class='ocr_line' id='line_1_29' title="bbox 369 3248 2165 3317; baseline -0.001 -16"><span class='ocrx_word' id='word_1_212' title='bbox 369 3255 402 3301; x_wconf 80' lang='lat'><strong>2</strong></span> <span class='ocrx_word' id='word_1_213' title='bbox 427 3253 522 3317; x_wconf 89' lang='lat' dir='ltr'><strong>qui</strong></span> <span class='ocrx_word' id='word_1_214' title='bbox 547 3266 657 3301; x_wconf 89' lang='lat' dir='ltr'><strong>non</strong></span> <span class='ocrx_word' id='word_1_215' title='bbox 680 3278 745 3286; x_wconf 91' lang='lat'><strong>—-</strong></span> <span class='ocrx_word' id='word_1_216' title='bbox 769 3250 998 3301; x_wconf 87' lang='lat' dir='ltr'><strong>militem</strong></span> <span class='ocrx_word' id='word_1_217' title='bbox 1022 3264 1113 3301; x_wconf 88' lang='lat' dir='ltr'><strong>om.</strong></span> <span class='ocrx_word' id='word_1_218' title='bbox 1141 3250 1207 3299; x_wconf 89' lang='lat' dir='ltr'><em>M</em></span> <span class='ocrx_word' id='word_1_219' title='bbox 1316 3254 1347 3302; x_wconf 90' lang='lat'><strong>3</strong></span> <span class='ocrx_word' id='word_1_220' title='bbox 1372 3254 1606 3317; x_wconf 84' lang='lat' dir='ltr'><strong>pugaret</strong></span> <span class='ocrx_word' id='word_1_221' title='bbox 1631 3248 1707 3299; x_wconf 88' lang='lat' dir='ltr'><strong>B¹</strong></span> <span class='ocrx_word' id='word_1_222' title='bbox 1849 3252 1909 3300; x_wconf 91' lang='lat'><strong>11</strong></span> <span class='ocrx_word' id='word_1_223' title='bbox 1936 3266 2165 3316; x_wconf 88' lang='lat' dir='ltr'><strong>procon-</strong></span> 
     </span>
     <span class='ocr_line' id='line_1_30' title="bbox 233 3317 2167 3383; baseline -0.002 -13"><span class='ocrx_word' id='word_1_224' title='bbox 233 3320 421 3371; x_wconf 80' lang='lat' dir='ltr'><strong>sulatu</strong></span> <span class='ocrx_word' id='word_1_225' title='bbox 443 3318 611 3369; x_wconf 86' lang='lat' dir='ltr'><strong>BPM</strong></span> <span class='ocrx_word' id='word_1_226' title='bbox 743 3321 806 3369; x_wconf 82' lang='lat'><strong>12</strong></span> <span class='ocrx_word' id='word_1_227' title='bbox 831 3319 1035 3369; x_wconf 88' lang='lat' dir='ltr'><strong>honere</strong></span> <span class='ocrx_word' id='word_1_228' title='bbox 1059 3317 1162 3367; x_wconf 90' lang='lat' dir='ltr'><strong>BP</strong></span> <span class='ocrx_word' id='word_1_229' title='bbox 1298 3322 1362 3371; x_wconf 84' lang='lat'><strong>15</strong></span> <span class='ocrx_word' id='word_1_230' title='bbox 1386 3336 1453 3369; x_wconf 83' lang='lat' dir='ltr'><strong>an</strong></span> <span class='ocrx_word' id='word_1_231' title='bbox 1475 3318 1853 3383; x_wconf 81' lang='lat' dir='ltr'><strong>nobilissimo?</strong></span> <span class='ocrx_word' id='word_1_232' title='bbox 1968 3321 2036 3370; x_wconf 81' lang='lat'><strong>20</strong></span> <span class='ocrx_word' id='word_1_233' title='bbox 2057 3320 2167 3370; x_wconf 84' lang='lat' dir='ltr'><strong>Va-</strong></span> 
     </span>
    </p>
   </div>
   <div class='ocr_carea' id='block_1_12' title="bbox 231 3386 2166 3520">
    <p class='ocr_par' dir='ltr' id='par_1_15' title="bbox 231 3386 2166 3520">
     <span class='ocr_line' id='line_1_31' title="bbox 231 3386 2165 3453; baseline -0.002 -14"><span class='ocrx_word' id='word_1_234' title='bbox 231 3386 358 3439; x_wconf 82' lang='lat' dir='ltr'><strong>lens</strong></span> <span class='ocrx_word' id='word_1_235' title='bbox 383 3388 634 3453; x_wconf 83' lang='lat' dir='ltr'><strong>superior</strong></span> <span class='ocrx_word' id='word_1_236' title='bbox 655 3390 709 3437; x_wconf 81' lang='lat' dir='ltr'><strong>in</strong></span> <span class='ocrx_word' id='word_1_237' title='bbox 730 3388 834 3437; x_wconf 92' lang='lat' dir='ltr'><strong>BP</strong></span> <span class='ocrx_word' id='word_1_238' title='bbox 855 3394 1030 3438; x_wconf 81' lang='lat' dir='ltr'><strong>atram.</strong></span> <span class='ocrx_word' id='word_1_239' title='bbox 1057 3389 1229 3452; x_wconf 62' lang='lat' dir='ltr'><strong>myro,</strong></span> <span class='ocrx_word' id='word_1_240' title='bbox 1266 3403 1366 3438; x_wconf 81' lang='lat' dir='ltr'><strong>non</strong></span> <span class='ocrx_word' id='word_1_241' title='bbox 1398 3388 1553 3438; x_wconf 80' lang='lat' dir='ltr'><strong>rubro</strong></span> <span class='ocrx_word' id='word_1_242' title='bbox 1590 3394 1645 3438; x_wconf 83' lang='lat' dir='ltr'><strong>ut</strong></span> <span class='ocrx_word' id='word_1_243' title='bbox 1674 3394 1956 3438; x_wconf 80' lang='lat' dir='ltr'><strong>ceterorum</strong></span> <span class='ocrx_word' id='word_1_244' title='bbox 1989 3395 2165 3452; x_wconf 73' lang='lat' dir='ltr'><strong>tyran-</strong></span> 
     </span>
     <span class='ocr_line' id='line_1_32' title="bbox 231 3454 2166 3520; baseline -0.002 -14"><span class='ocrx_word' id='word_1_245' title='bbox 231 3472 410 3509; x_wconf 81' lang='lat' dir='ltr'><strong>norum</strong></span> <span class='ocrx_word' id='word_1_246' title='bbox 433 3457 634 3506; x_wconf 79' lang='lat' dir='ltr'><strong>nomina</strong></span> <span class='ocrx_word' id='word_1_247' title='bbox 653 3455 794 3520; x_wconf 81' lang='lat' dir='ltr'><strong>picta</strong></span> <span class='ocrx_word' id='word_1_248' title='bbox 951 3456 1014 3504; x_wconf 81' lang='lat'><strong>21</strong></span> <span class='ocrx_word' id='word_1_249' title='bbox 1044 3460 1101 3505; x_wconf 87' lang='lat' dir='ltr'><strong>et</strong></span> <span class='ocrx_word' id='word_1_250' title='bbox 1127 3470 1249 3505; x_wconf 87' lang='lat' dir='ltr'><strong>eum</strong></span> <span class='ocrx_word' id='word_1_251' title='bbox 1276 3454 1324 3504; x_wconf 90' lang='grc' dir='ltr'><em>Β</em></span> <span class='ocrx_word' id='word_1_252' title='bbox 1484 3456 1549 3506; x_wconf 78' lang='lat'><strong>26</strong></span> <span class='ocrx_word' id='word_1_253' title='bbox 1568 3456 1740 3507; x_wconf 83' lang='lat' dir='ltr'><strong>forma</strong></span> <span class='ocrx_word' id='word_1_254' title='bbox 1764 3456 1868 3507; x_wconf 89' lang='lat' dir='ltr'><strong>BP</strong></span> <span class='ocrx_word' id='word_1_255' title='bbox 2016 3458 2085 3507; x_wconf 79' lang='lat'><strong>27</strong></span> <span class='ocrx_word' id='word_1_256' title='bbox 2111 3459 2166 3504; x_wconf 82' lang='lat' dir='ltr'><strong>et</strong></span> 
     </span>
    </p>
   </div>
   <div class='ocr_carea' id='block_1_13' title="bbox 233 3523 1517 3575">
    <p class='ocr_par' dir='ltr' id='par_1_16' title="bbox 233 3523 1517 3575">
     <span class='ocr_line' id='line_1_33' title="bbox 233 3523 1517 3575; baseline 0 -2"><span class='ocrx_word' id='word_1_257' title='bbox 233 3540 357 3573; x_wconf 81' lang='lat' dir='ltr'><strong>cum</strong></span> <span class='ocrx_word' id='word_1_258' title='bbox 381 3523 477 3574; x_wconf 88' lang='lat' dir='ltr'><strong>ille</strong></span> <span class='ocrx_word' id='word_1_259' title='bbox 502 3523 569 3572; x_wconf 92' lang='lat' dir='ltr'><em>M</em></span> <span class='ocrx_word' id='word_1_260' title='bbox 703 3536 822 3573; x_wconf 86' lang='lat' dir='ltr'><strong>cum</strong></span> <span class='ocrx_word' id='word_1_261' title='bbox 846 3523 905 3573; x_wconf 88' lang='lat' dir='ltr'><strong>in</strong></span> <span class='ocrx_word' id='word_1_262' title='bbox 929 3524 1108 3573; x_wconf 80' lang='lat' dir='ltr'><strong>addidi</strong></span> <span class='ocrx_word' id='word_1_263' title='bbox 1240 3523 1441 3575; x_wconf 85' lang='lat' dir='ltr'><strong>illirico</strong></span> <span class='ocrx_word' id='word_1_264' title='bbox 1466 3524 1517 3573; x_wconf 92' lang='lat' dir='ltr'><em>B</em></span> 
     </span>
    </p>
   </div>
  </div>
 </body>
</html>
