2517 3884
343 131 474 198 202
1065 136 1285 194 FLAVII
1327 134 1579 195 VOPISCI

345 305 491 366 hum
531 302 811 364 omnibus
850 321 1040 384 prope
1081 301 1367 364 Roman-is
1407 302 1691 373 ducibus,
1718 321 1849 383 ⁸qua
1895 305 2112 375 fortes,
2164 321 2291 381 qua

345 389 700 458 clemente5‚
747 405 862 466 qua
892 388 1248 468 prudenteS,
1294 403 1411 465 qua
1452 387 1757 449 mirabiles
1788 390 2142 458 extiterunt,
2191 392 2285 451 in-

347 473 565 553 tellego
595 473 755 534 hunc
782 473 980 535 uiru‘m
1011 479 1114 534 aut
1142 491 1347 551 parem
1380 473 1568 534 fuisse
1600 480 1719 542 ant,
1754 475 1805 534 si
1836 492 1955 534 non
1987 481 2287 555 repugnat

278 571 309 620 2
345 559 570 622 inuidia
600 559 844 628 furiosa,
878 556 1206 619 meliorem.
1286 559 1695 637 quinquennio
1729 559 1889 619 enim
1916 560 2157 638 imperii
2190 560 2287 621 sui

345 663 455 726 per
485 650 676 705 totum
707 641 914 704 orbem
946 649 1242 703 terrarum
1274 648 1364 703 tot
1391 642 1545 703 bella
1576 644 1781 721 gessit,
1808 650 1869 704 et
1898 643 2139 724 quidem
2170 661 2285 723 per
2332 659 2360 702 5

346 748 441 798 se,
489 737 562 790 'ut
603 727 873 788 mirabile
915 728 1022 797 sit,
1075 727 1575 804 quemadmodum
1626 727 1907 790 omnibus
1949 730 2289 790 occurrerit

277 829 311 878 3
345 813 608 894 proeliis.
667 811 853 873 multa
883 829 1064 874 manu
1091 829 1200 873 sua
1229 812 1400 882 fecit,
1436 811 1619 873 duces
1646 813 2161 892 praeclarissimos
2191 815 2283 874 in-

347 899 556 960 stituit.
631 915 770 958 nam
813 916 886 957 ex
931 898 1059 958 eius
1101 895 1409 976 disciplina
1454 897 1640 959 Carus
1680 897 2083 959 Diocletianus
2126 896 2283 958 Con·

345 984 596 1044 stantius
646 979 1098 1062 Asclepiodotus
1149 980 1573 1043 Annibalianus
1614 981 1911 1044 Leonides
1954 982 2285 1062 Cecropius

345 1067 700 1129 Pisonianus
746 1067 1160 1128 Herennianus
1203 1065 1538 1127 Gau’diosus
1580 1067 1931 1128 Vrsinianus
1972 1074 2032 1127 et
2074 1069 2281 1135 ceteri,
2311 1084 2359 1124 10

348 1169 499 1230 quos
530 1157 732 1231 patres
761 1152 951 1212 nostri
980 1152 1178 1212 mirati
1207 1157 1361 1220 sunt,
1397 1158 1457 1211 et
1486 1150 1560 1211 de
1591 1151 1811 1229 quihus
1837 1149 2107 1213 nonnulli
2137 1151 2287 1213 boni

275 1253 312 1302 4
344 1239 650 1317 principes
692 1239 1036 1297 extiterunt.
1109 1237 1376 1297 conferat
1430 1253 1613 1306 nunc,
1659 1238 1756 1296 cui
1797 1235 2022 1316 placet,
2067 1238 2285 1314 uiginti

346 1322 588 1384 Traiani
617 1321 1018 1398 Hadrianique
1049 1339 1267 1390 annOS‚
1301 1319 1572 1381 conferat
1596 1339 1787 1400 prope
1820 1320 2066 1381 totidem
2096 1323 2279 1383 Anto·

343 1407 645 1467 ninorum.
695 1405 1006 1483 namquid
1038 1405 1112 1468 de
1144 1407 1407 1484 Augusta)
1439 1404 1668 1483 loquar,
1702 1407 1877 1467 cuius
1904 1407 2142 1484 imperii
2174 1423 2284 1466 an·

344 1493 439 1552 nis
467 1492 569 1550 uix
600 1498 796 1570 potest
825 1489 1058 1551 aduiui?
1107 1489 1296 1550 malos
1326 1497 1523 1550 autem
1552 1491 1856 1570 principes
1887 1497 2073 1551 taceo,
2148 1491 2281 1570 ipsa
2308 1507 2363 1549 15

346 1593 464 1635 uox
493 1575 676 1635 Probi
704 1574 1031 1635 clarissima
1060 1573 1310 1643 indicat,
1346 1575 1487 1652 quid
1518 1593 1583 1635 se
1613 1575 1811 1645 facere
1840 1575 2111 1654 potuisse
2142 1593 2283 1654 spe-

237 1661 328 1726 23
346 1666 526 1728 raret,
560 1660 659 1736 qui
687 1658 853 1728 dixit,
879 1657 1053 1719 breui
1071 1660 1445 1720 necessarios
1470 1659 1688 1720 milites
1717 1677 1840 1720 non
1869 1661 2125 1721 futuroS.
2180 1658 2283 1720 ille

277 1763 310 1812 2
348 1761 494 1804 uero
526 1745 798 1807 conscius
828 1745 919 1804 sui
941 1761 1063 1804 non
1085 1741 1374 1805 barbaros
1394 1745 1613 1814 timuit,
1638 1762 1761 1805 non
1783 1752 2088 1825 tyrannos.
2117 1760 2283 1820 quae

345 1827 561 1889 deinde
591 1827 841 1890 felicitas
873 1829 1234 1898 emicuisset,
1259 1830 1311 1888 si
1342 1828 1451 1889 sub
1481 1827 1583 1889 illo
1614 1830 1885 1908 principe
1906 1828 2127 1889 milites
2158 1846 2283 1889 non

345 1913 628 1974 fuissent?
688 1917 982 1974 annonam
1014 1911 1397 1993 prouincialis
1428 1913 1597 1974 daret
1628 1911 1845 1984 nullus,
1878 1913 2171 1994 stipendia
2205 1912 2281 1974 de
2308 1932 2361 1972 so

344 1996 756 2076 largitionibus
786 1997 947 2060 nulla
977 2003 1387 2076 erogarentur,
1430 2006 1705 2059 aeternos
1746 1998 2063 2059 thesauros
2094 1997 2283 2058 habe-

347 2091 440 2143 ret
472 2083 738 2144 Romana
766 2101 865 2144 res
895 2101 975 2164 p.,
1010 2082 1158 2144 nihil
1189 2083 1633 2161 expenderetur
1664 2101 1698 2143 a
1727 2084 2019 2162 principe,
2063 2081 2215 2142 nihil
2246 2099 2281 2142 a
2332 2147 2338 2155 ,

345 2185 698 2247 possessore
714 2166 1102 2238 redderetur:
1129 2185 1379 2228 aureum
1402 2168 1674 2247 profecto
1699 2167 2002 2228 saeculum
2025 2170 2281 2246 promit-

274 2271 312 2320 3
346 2251 525 2313 tebat.
604 2251 763 2313 nulla
802 2253 1003 2314 sutura
1037 2260 1206 2313 erant
1237 2258 1463 2322 castra,
1496 2269 1792 2330 nusquam
1822 2251 2001 2312 lituus
2032 2251 2279 2312 audien·
2322 2306 2327 2310 .

346 2336 475 2406 duS,
509 2354 672 2397 arma
703 2355 824 2396 non
855 2345 1026 2398 erant
1053 2335 1416 2407 fabricanda,
1448 2334 1707 2417 populus
1735 2338 1849 2398 iste
1878 2335 2278 2407 militantium,
2308 2353 2361 2396 25

345 2422 445 2500 qui
475 2438 632 2480 nune
661 2419 836 2480 bellis
867 2420 1137 2482 ciuilibus
1165 2439 1298 2482 rem
1327 2439 1385 2500 p.
1420 2429 1629 2493 uexat,
1662 2428 1887 2491 araret,
1932 2421 2145 2482 studiis
2186 2422 2283 2480 in-

347 2503 672 2573 cumberet,
707 2504 1048 2566 erudiretur
1077 2503 1335 2575 artibus,
1370 2507 1697 2584 nauigaret.
1759 2505 1911 2567 adde
1952 2504 2110 2583 quod
2143 2504 2282 2566 nul-

272 2603 312 2654 4
345 2589 442 2650 lus
473 2587 852 2676 occideretur
879 2592 942 2650 in
971 2587 1148 2651 hello.
1195 2589 1277 2650 dii
1308 2589 1482 2661 honi,
1517 2591 1658 2670 quid
1688 2597 1918 2652 tantum
1952 2609 2063 2652 uos
2091 2589 2283 2650 offen-

176 2723 189 2734 .
273 2689 312 2740 5
348 2673 433 2734 dit
461 2674 727 2735 Romana
757 2692 858 2735 res
887 2693 944 2754 p.
966 2719 982 2742 ,
1027 2675 1124 2736 cui
1153 2673 1332 2735 talem
1363 2675 1697 2755 principem
1728 2673 2083 2744 sustulistis?
2144 2681 2288 2734 eant

344 2778 535 2830 nunc,
582 2759 684 2837 qui
713 2758 787 2819 ad
823 2758 1016 2821 ciuilia
1047 2757 1204 2820 bella
1233 2758 1457 2821 milites
1485 2767 1725 2840 parant,
1758 2761 1821 2821 in
1852 2777 2279 2838 germanorum
2306 2777 2359 2819 so

482 2913 509 2962 1
539 2910 699 2976 quasi
722 2909 900 2962 fortes
922 2911 1026 2961 BP
1047 2911 1142 2976 qui
1159 2911 1226 2961 M
1245 2911 1343 2974 (asic
1363 2910 1587 2976 semper)
1710 2925 1835 2976 -qua
1860 2918 1979 2962 anie
2002 2909 2159 2960 clem.
2184 2925 2282 2961 om.

343 2979 448 3028 BP
580 2981 612 3030 3
638 2982 852 3044 patrem
873 2977 947 3028 Bt
1063 2982 1095 3030 9
1120 2975 1532 3044 asclepiodotos
1555 2976 1632 3028 Pi
1747 2981 1814 3030 10
1837 2979 2095 3029 ursianus
2116 2977 2169 3026 B

339 3053 463 3110 post
485 3047 816 3096 Vrsinianus
838 3044 985 3096 P⁸M
1011 3049 1134 3098 add.
1159 3046 1462 3097 Herculius⁴
1482 3046 1855 3098 Maximianus
1955 3049 2017 3096 12
2040 3052 2163 3110 post
2187 3059 2285 3094 ex-

345 3114 584 3164 titerunt
609 3113 670 3164 M
694 3116 818 3165 add.
845 3114 1094 3164 instituti
1119 3117 1248 3165 sunt
1342 3116 1407 3166 13
1432 3115 1832 3164 annoninorum
1853 3111 1926 3163 Β1
2034 3115 2099 3162 14
2122 3113 2284 3162 ouius

348 3178 425 3228 B¹
599 3183 732 3232 anni
754 3181 920 3231 BPM
953 3197 1043 3232 em.
1071 3181 1291 3232 Obrecht
1461 3184 1525 3233 15
1560 3182 1729 3232 attiui
1760 3181 1813 3232 B
1844 3181 2024 3232 atuiui
2056 3180 2107 3230 P
2150 3179 2286 3230 anni

344 3261 399 3326 ιιἰ
423 3254 656 3312 possunt
683 3248 834 3329 credi
859 3249 1033 3299 Mem.
1061 3248 1299 3332 opreckt·
1428 3249 1493 3300 18
1512 3250 1641 3315 fort.
1666 3263 1797 3300 uere
1940 3249 2007 3302 21
2032 3246 2286 3347 larglitio-

342 3312 974 3433 ggbggiezagggionibgz
988 3315 1486 3449 ffuffqlliaassnssqqso)
1522 3385 1589 3436 26
1598 3315 2197 3451 {spgssppffffieggzget
2223 3381 2291 3432 M
2292 3345 2301 3355 Ι

341 3463 434 3498 em.
463 3445 506 3496 S
639 3449 704 3498 27
727 3449 907 3514 nullos
931 3447 1060 3499 ΒΡ1
1199 3454 1267 3504 30
1289 3449 1509 3502 milides
1530 3452 1581 3501 B
1596 3449 1615 3485 ¹
