2517 3884
313 169 402 237 60
997 173 1128 230 IVLI
1169 173 1539 231 CAPITOLINI

249 354 285 402 4
319 351 502 404 retur.
554 341 716 404 Inter
747 341 893 402 haec
925 341 1149 402 Romae
1177 343 1394 402 iterum
1427 323 1748 402 seditiones
1776 343 1934 402 inter
1963 341 2252 420 populum

255 438 288 487 5
325 436 384 489 et
413 426 636 489 milites
668 433 832 489 ortae
866 435 1024 487 sunt.
1103 427 1329 486 et'cum
1369 425 1530 486 mille
1576 427 1763 487 edicta
1795 425 2077 488 Balbinus
2109 445 2251 506 pro-

321 523 578 594 poneret
631 530 744 572 nec
795 512 1126 582 audiretur,
1190 513 1465 572 ueterani
1506 530 1569 573 se
1611 513 1674 573 in
1716 518 1909 572 castra
1950 513 2253 591 praetoria

320 598 702 662 contulerunt
732 615 866 658 cum
907 599 1054 676 ipsis
1081 599 1519 676 praetorianis,
1572 615 1723 677 quos
1766 598 1958 676 coepit
1991 597 2253 676 populus

249 694 282 742 6
320 681 616 744 obsidere.
693 700 806 742 nec
835 699 1117 762 umquam
1171 682 1244 742 ad
1288 683 1605 743 amicitiam
1633 687 1832 743 essent
1859 681 2101 752 redacti,
2135 683 2253 744 nisi
2305 698 2335 740 5

249 777 280 826 ’1
318 767 542 830 fistulas
567 757 842 845 aquarias
872 767 1126 847 populus
1155 767 1481 830 incidisset.
1535 769 1595 828 in
1630 765 1780 828 urbe
1810 775 2025 838 autem,
2057 769 2253 846 prius-

317 871 498 934 quam
529 851 754 913 dictum
787 860 972 922 esset,
1008 852 1226 914 milites
1255 859 1504 952 pacatos
1534 853 1773 922 uenire,
1822 859 1882 913 et
1909 851 2145 931 tegulae
2176 852 2253 914 de

316 939 490 999 tectis
548 939 737 998 iactae
797 944 935 998 sunt
994 945 1053 999 et
1110 939 1305 1000 omnia
1336 955 1491 1013 quae
1518 941 1583 999 in
1608 936 1883 998 domibus
1914 945 2084 999 erant
2111 957 2254 998 uasa

248 1032 282 1082 8
319 1025 603 1103 proiecta.
683 1029 860 1100 atque
892 1022 1028 1083 ideo
1059 1025 1249 1085 maior
1293 1041 1433 1102 pars
1474 1024 1730 1084 ciuitatis
1760 1024 1917 1102 perit
1946 1031 2006 1084 et
2034 1022 2250 1084 multo-

317 1125 456 1170 rum
499 1107 764 1168 diuitiae.
851 1125 989 1168 nam
1033 1107 1299 1170 latrones
1340 1121 1409 1170 se·
1444 1107 1727 1170 militibus
1764 1109 2137 1170 miscuerunt
2177 1109 2249 1168 ad
2282 1127 2337 1167 10

207 1245 214 1253 .
317 1192 602 1256 uastanda
635 1211 703 1254 ea
735 1211 886 1273 quae
915 1200 1132 1254 norant
1163 1193 1269 1254 ubi
1298 1196 1697 1274 repperirent.

217 1275 296 1339 11
447 1278 594 1340 Cum
625 1277 772 1339 haec
801 1277 1026 1339 Romae
1069 1285 1391 1356 geruntur,
1423 1279 1712 1340 Maximus
1745 1279 1873 1338 siue
1905 1277 2253 1358 Puppienus

318 1364 477 1443 apud
508 1363 856 1424 Rauennam
900 1360 1128 1424 bellum
1156 1364 1405 1443 parabat
1435 1365 1663 1443 ingenti
1696 1363 1999 1442 adparatu,
2034 1364 2253 1434 timens

316 1448 846 1510 uehementissime
888 1448 1301 1522 Maximinum,
1366 1449 1439 1509 de
1472 1468 1589 1529 quo
1622 1450 1967 1528 saepissime
1998 1448 2247 1518 dicebat,

317 1552 384 1594 se
415 1551 537 1593 non
569 1539 778 1594 contra
809 1531 1114 1594 hominem
1158 1534 1260 1594 sed
1309 1541 1517 1595 contra
1548 1532 1865 1612 Cyclopem
1893 1530 2117 1594 bellum
2147 1551 2247 1612 ge·
2278 1552 2338 1593 15

247 1629 281 1678 2
318 1635 475 1678 rere.
555 1625 615 1677 et
654 1617 1010 1678 Maximinus
1056 1617 1297 1698 quidem
1346 1619 1502 1699 apud
1544 1617 1873 1698 Aquileiam
1922 1621 2003 1680 ita
2052 1621 2251 1680 uictus

319 1710 412 1763 est
440 1708 506 1762 ut
537 1703 727 1783 apsuis
759 1701 1169 1772 decideretur,
1219 1711 1517 1784 caputque
1561 1706 1690 1764 eius
1734 1711 1793 1764 et
1820 1703 1925 1764 filii
1952 1703 2252 1784 perlatum

319 1795 409 1848 est
439 1786 818 1856 Rauennam,
867 1787 1027 1867 quod
1060 1807 1088 1849 a
1122 1787 1374 1850 Maximo
1406 1789 1657 1851 Romam
1689 1791 2104 1850 transmissum
2139 1797 2247 1850 est.

247 1885 280 1934 3
318 1889 438 1933 non
469 1872 718 1932 tacenda
750 1871 865 1934 hoc
907 1873 1037 1933 loco
1082 1873 1321 1935 deuotio
1363 1882 1455 1936 est
1482 1873 1947 1952 Aquileiensium
1990 1893 2102 1954 pro
2132 1873 2249 1934 Ro·

315 1958 528 2028 maniS‚
563 1958 664 2035 qui
698 1959 872 2019 etiam
908 1958 1172 2020 crinibus
1201 1959 1519 2023 mulierum
1534 1978 1646 2039 pro
1671 1961 1877 2020 neruis
1907 1959 1981 2020 ad
2010 1961 2249 2036 sagittas
2276 1979 2331 2020 20

243 2055 280 2103 4
318 2041 671 2103 emittendas
701 2047 800 2104 usi
816 2061 944 2105 esse
971 2043 1268 2116 dicuntur.
1304 2039 1561 2106 Tantum
1586 2062 1731 2106 sane
1752 2043 2009 2105 laetitiae
2034 2045 2148 2105 fuit
2185 2047 2249 2104 in

315 2126 585 2198 Balbino,
621 2130 725 2204 qui
754 2127 890 2208 plus
922 2127 1198 2200 timebat,
1230 2137 1299 2190 ut
1328 2129 1721 2191 hecatomben
1752 2129 2003 2200 faceret,
2050 2131 2247 2192 statim

247 2225 280 2274 5
317 2222 381 2273 ut
425 2213 729 2274 Maximini
771 2221 950 2292 caput
993 2213 1251 2276 adlatum
1308 2224 1415 2276 est.
1494 2214 1845 2275 hecatombe
1888 2222 2089 2276 autem
2131 2213 2247 2276 tale

315 2297 672 2358 sacrificium
708 2304 828 2358 est:
879 2305 1118 2359 centum
1150 2318 1290 2363 arae
1332 2319 1451 2360 uno
1494 2301 1556 2360 in
1600 2299 1731 2359 loco
1776 2299 2114 2380 cespiticiae
2146 2319 2247 2363 ex-

317 2388 621 2450 truuntur,
658 2389 718 2441 et
759 2383 832 2442 ad
869 2401 969 2444 eas
1000 2390 1238 2445 centum
1273 2403 1411 2446 sues
1443 2390 1677 2445 centum
1712 2403 1856 2446 oues
1886 2392 2239 2446 mactantur.
2270 2407 2329 2447 25

243 2479 278 2526 6
313 2466 450 2534 iam,
487 2467 535 2526 si
565 2467 1014 2544 imperatorium
1049 2470 1401 2530 sacrificium
1436 2471 1541 2539 sit,
1592 2476 1829 2530 centum
1872 2469 2077 2531 leones
2109 2488 2264 2534 cen-

311 2557 440 2613 tum
474 2550 705 2630 aquilae
739 2559 796 2612 et
826 2559 1024 2614 cetera
1057 2553 1235 2616 huius
1263 2555 1422 2616 modi
1450 2553 1722 2615 animalia
1746 2553 1995 2616 centena
2021 2555 2247 2616 feriun-

242 2649 274 2698 7
311 2643 430 2696 tur.
481 2634 634 2714 quod
669 2637 909 2715 quidem
944 2641 1119 2700 etiam
1135 2639 1348 2700 Graeci
1373 2639 1669 2716 quondam
1702 2640 1913 2701 fecisse
1946 2639 2244 2708 dicuntur,

312 2738 455 2781 cum
477 2720 814 2799 pestilentia
855 2722 1226 2794 laborarent,
1287 2731 1346 2784 et
1388 2743 1419 2784 a
1464 2724 1665 2822 multis
1694 2725 2159 2805 imperatoribus
2187 2723 2245 2784 id

310 2804 678 2868 celebratum
711 2815 958 2869 constat.
2050 2867 2074 2888 ,
2268 2832 2323 2874 30

443 3028 474 3076 2
501 3042 622 3076 cum
645 3043 737 3077 om.
765 3025 842 3076 P¹
957 3027 1177 3078 albinus
1207 3028 1375 3079 BPM
1486 3032 1517 3080 3
1540 3030 1823 3078 ueteranis
1848 3029 1905 3078 in
1935 3027 2056 3080 BP¹
2087 3029 2244 3093 (corr.

305 3091 408 3157 ΡΒ)
549 3097 580 3144 5
604 3093 806 3144 fistulis
828 3094 932 3143 BP
1075 3099 1106 3146 8
1129 3096 1296 3146 iectis
1320 3097 1371 3146 B
1520 3111 1659 3161 quae
1686 3113 1777 3149 om.
1804 3094 1975 3146 BPM
2112 3101 2144 3150 9
2170 3099 2245 3148 ci·

303 3160 516 3210 uitates
540 3161 592 3210 B
600 3161 610 3192 ¹
775 3164 839 3212 13
865 3164 1164 3212 rabennam
1187 3163 1293 3214 BP
1314 3163 1433 3228 (bis)
1595 3166 1868 3229 parabant
1892 3165 2019 3214 BP¹
2180 3169 2247 3216 20

307 3228 490 3278 crines
514 3228 680 3278 BPM
719 3230 964 3280 crinibus
985 3233 1176 3296 scripsi
1334 3235 1396 3282 21
1427 3232 1733 3283 emitendas
1756 3233 1875 3282 ΒΜ
2032 3249 2089 3284 se
2114 3232 2243 3283 BP¹

303 3295 616 3345 totond1sse
628 3295 775 3346 P³M
791 3297 879 3346 usi
905 3313 1027 3348 esse
1051 3301 1243 3363 scripsi
1349 3302 1413 3350 22
1440 3302 1749 3351 ecatonben
1772 3299 1823 3350 B
1850 3303 2175 3352 ecatomben
2201 3303 2253 3351 P

443 3359 508 3413 23
541 3367 604 3412 ut
628 3379 722 3417 om.
746 3363 914 3414 BPM
1047 3365 1187 3431 est]
1191 3372 1248 3416 et
1272 3367 1377 3416 BP
1394 3385 1486 3420 om.
1513 3369 1576 3418 M
1714 3371 1985 3419 ecatonbe
2012 3369 2117 3420 BP

303 3420 450 3478 tales
475 3429 525 3478 B
663 3433 729 3480 24
755 3433 1080 3496 cespicitiae
1107 3434 1158 3483 B
1296 3437 1362 3486 25
1386 3441 1707 3485 maritantur
1730 3435 1799 3486 B¹
1836 3440 2145 3486 mattantur
2168 3434 2241 3486 P¹

440 3499 504 3546 26
531 3511 657 3546 nam
680 3499 747 3548 M
878 3502 942 3548 27
971 3501 1178 3550 feriunt
1202 3501 1370 3552 BPM
1500 3505 1568 3552 28
1594 3504 1815 3568 quidem
1846 3504 2067 3568 quidem
2091 3507 2143 3555 P
2153 3503 2167 3536 ¹
