2517 3884
1101 70 1122 101 ὁ

788 190 1095 267 GALLIENI
1135 210 1279 267 nvo,
1367 210 1423 267 c.
1472 214 1711 267 ιιι-ιε.
2131 206 2216 273 87

257 378 332 437 in
362 374 602 457 publico
633 383 744 437 est.
790 377 1107 455 congiariis
1135 375 1423 456 populum
1456 377 1727 439 molliuit.
1774 380 2009 439 senatui
2039 398 2210 458 spor·
2248 390 2283 439 6

261 460 457 523 tulam
501 460 718 522 sedens
763 464 1048 539 erogauit.
1110 469 1415 524 matronas
1458 462 1532 523 ad
1563 463 1875 525 consilium
1907 482 2081 525 suum
2112 484 2213 526 ro·

262 549 432 625 gauit
485 546 794 626 isdemque
837 564 1076 607 manum
1117 548 1232 609 sibi
1276 546 1685 610 osculantibus
1728 556 2052 628 quaternos
2106 568 2210 611 au-

261 650 408 693 reos
445 633 540 693 sui
571 633 830 693 nominis
860 631 1041 693 dedit.
1101 632 1218 693 ubi·
1241 632 1317 693 de
1349 632 1664 695 Valeriano
1702 641 1873 713 patre
1916 636 2211 713 comperit
2233 631 2312 695 17

205 734 238 775 5
271 716 439 795 quod
471 721 679 796 captus
712 724 890 787 esset,
923 716 983 777 i'd
1005 718 1174 795 .quod
1205 717 1701 803 philosophorum
1746 721 2005 800 optimus
2036 719 2110 779 de
2138 720 2209 781 fi-

259 801 351 863 lio
394 804 610 862 amisso
643 802 860 863 dixisse
901 802 1155 873 fertur,
1162 802 1489 874 ,Sciebam,
1534 822 1629 865 rne
1661 806 1940 883 genuisse
1986 811 2213 866 morta-

259 886 451 957 lem“,
483 885 584 947 ille
617 887 702 947 sic
733 887 911 948 dixit:
957 888 1293 958 ,‚Sciebam,
1327 895 1561 968 patrem
1592 908 1791 951 meum
1824 907 1955 951 esse
1984 896 2209 951 morta-

260 970 431 1033 lem“
435 1018 450 1032 .
529 989 642 1033 nec
684 971 874 1033 defuit
911 935 1141 1035 Annius
1170 973 1515 1043 Cornicula,
1562 976 1663 1053 qui
1696 992 1833 1035 eum
1864 976 2037 1052 quasi
2066 993 2207 1035 con·
2246 984 2278 1033 2

263 1063 528 1118 stantem
567 1057 904 1137 principem
943 1057 1094 1119 falso
1139 1075 1247 1119 sua
1276 1076 1426 1119 uoce
1456 1058 1743 1120 laudaret.
1805 1062 1980 1139 peior
2010 1066 2209 1121 tamen
2246 1110 2253 1117 .

171 1160 236 1201 ιο
261 1140 370 1202 ille
403 1144 514 1220 qui,
533 1141 800 1203 credidit.
837 1160 1014 1223 saepe
1045 1142 1118 1203 ad
1145 1142 1448 1204 tibicinem
1473 1146 1786 1223 processit,
1821 1143 1893 1205 ad
1916 1162 2207 1223 organum
2244 1154 2277 1203 3

262 1244 334 1289 se
365 1229 623 1306 recepit,
673 1244 811 1288 cum
851 1230 1164 1307 processui
1197 1235 1256 1288 et
1287 1230 1554 1290 recessui
1584 1230 1716 1289 cani
1747 1228 2001 1290 iuberet.
2062 1229 2210 1290 lauit
2242 1237 2279 1286 4

261 1311 343 1373 ad
383 1311 542 1373 diem
584 1313 836 1391 septimo
880 1320 1103 1373 aestate
1145 1311 1243 1373 uel
1288 1320 1488 1383 sexto,
1551 1312 1749 1375 hieme
1790 1313 2054 1375 secundo
2108 1312 2208 1375 uel

263 1398 464 1457 tertio.
527 1395 676 1457 bibit
703 1398 766 1458 in
794 1399 994 1459 >aureis
1038 1415 1279 1477 semper
1314 1397 1544 1477 poculis
1574 1407 1927 1478 aspernatus
1958 1400 2203 1470 uitrum,
2244 1407 2278 1457 5

259 1497 402 1543 eum
433 1480 692 1553 diceret,
739 1480 822 1542 nil
866 1500 1000 1543 esse
1046 1484 1441 1544 communius,
1506 1501 1757 1563 semper·
1779 1485 1917 1544 uina
1950 1485 2208 1545 uariauit
2242 1491 2275 1541 6

173 1584 236 1626 15
262 1584 465 1645 neque
507 1581 796 1643 umquam
835 1567 898 1628 in
943 1585 1066 1628 uno
1099 1570 1379 1628 conuiuio
1411 1586 1484 1628 ex
1514 1586 1636 1629 uno
1667 1569 1810 1629 uino
1841 1567 1961 1629 duo
1992 1568 2207 1649 pocula

259 1650 436 1713 bibit.
498 1649 866 1712 concubinae
911 1654 975 1711 in
1023 1654 1153 1713 eius
1203 1652 1480 1714 tricliniis
1540 1672 1719 1733 saepe
1774 1653 2199 1715 accubuerunt.
2242 1662 2273 1711 7

260 1754 533 1798 mensam
568 1736 889 1797 secundam
919 1754 1271 1799 scurrarum
1302 1746 1361 1799 et
1390 1739 1710 1801 mimorum
1742 1756 1983 1818 semper
2012 1756 2227 1819 prope1

259 1821 492 1883 habuit.
556 1839 693 1883 cum
733 1822 852 1882 iret
895 1821 966 1883 ad
1007 1821 1215 1883 hortos
1258 1825 1515 1883 nominis
1548 1825 1673 1894 sui,
1718 1825 1914 1884 omnia
1946 1822 2203 1903 palatina
2240 1832 2273 1881 8

260 1906 458 1967 officia
489 1906 910 1984 sequebantur.
972 1906 1140 1969 ibant
1182 1915 1240 1969 et
1269 1908 1559 1987 praefecti
1590 1915 1649 1985 et
1679 1909 1948 1985 magistri
1980 1908 2205 1969 officio-

170 2010 236 2051 20
262 2008 402 2053 rum
446 1993 716 2052 omnium
759 1990 1317 2069 adhibebanturque
1366 1999 1426 2052 et
1457 1994 1748 2055 conuiuiis
1792 2001 1853 2052 et
1886 1994 2205 2071 potationi·

259 2076 397 2137 bus.
443 2075 722 2138 lauabant
761 2076 937 2137 simul
979 2095 1115 2138 cum
1159 2078 1453 2156 principe.
1518 2077 1983 2138 admittebantur
2026 2094 2205 2156 saepe
2241 2085 2273 2133 9

263 2164 443 2223 etiam
475 2161 778 2231 mulieres,
811 2180 948 2222 eum
977 2164 1109 2241 ipso
1131 2160 1421 2241 pulchrae
1449 2161 1704 2240 puellae,
1741 2180 1878 2223 cum
1907 2158 2025 2222 illis
2056 2180 2210 2222 anus

261 2246 586 2307 deformes
647 2253 706 2307 et
735 2248 920 2307 iocari
953 2265 1018 2307 se
1049 2246 1301 2316 dicebat,
1350 2265 1485 2309 cum
1523 2246 1731 2308 orbem
1765 2254 2061 2308 terrarum
2096 2264 2205 2307 un·

261 2332 444 2413 dique
473 2330 854 2431 perdidisset.

175 2434 236 2476 25
393 2416 532 2478 Fuit
558 2423 758 2477 tamen
789 2418 1006 2477 nimiae
1035 2416 1449 2477 crudelitatis
1433 2434 1496 2477 in
1514 2414 1755 2486 milites,
1789 2434 1928 2478 nam
1952 2422 2012 2476 et
2034 2422 2205 2478 terna
2231 2412 2311 2476 18

261 2501 424 2562 milia
469 2510 530 2563 et
571 2507 861 2579 quaterna
893 2501 1146 2563 militum
1191 2502 1441 2580 singulis
1502 2500 1715 2563 diebus
1758 2500 1993 2562 occidit.
2073 2501 2206 2562 Sta-
2242 2512 2273 2559 2
2334 2559 2341 2568 ,

263 2596 429 2647 tuam
473 2586 587 2648 sibi
629 2588 919 2647 maiorem
963 2586 1198 2648 colosso
1251 2588 1383 2647 fieri
1426 2588 1737 2666 praecepit
1778 2586 1931 2647 Solis
1979 2585 2203 2656 habitu,

259 2670 372 2732 sed
403 2690 470 2731 ea
499 2672 829 2751 inperfecta
859 2674 1033 2751 perit.
1069 2679 1188 2732 tam
1220 2688 1433 2749 magna
1463 2671 1725 2749 denique
1749 2678 2032 2751 coeperat
2052 2672 2204 2739 fieri,

259 2766 332 2818 ut
362 2755 585 2835 duplex
615 2755 688 2817 ad
719 2755 1017 2817 colossum
1048 2756 1378 2817 uideretur.
1439 2757 1581 2835 poni
1612 2765 1811 2817 autem
1841 2754 2004 2817 illam
2035 2754 2205 2815 uolu·
2243 2769 2276 2815 3

174 2860 234 2900 ao
263 2849 398 2901 erat
423 2843 487 2901 in
519 2858 756 2903 summo
785 2841 1184 2918 Esquiliarum
1211 2849 1437 2910 monte,
1482 2842 1562 2901 ita
1597 2848 1660 2901 ut
1689 2840 1922 2901 hastam
1954 2848 2207 2910 teneret,

260 2944 375 3007 per
415 2928 588 2987 cuius
626 2943 871 3005 scapum
912 2927 1110 2987 infans
1153 2926 1224 2986 ad
1270 2944 1568 2989 summum
1611 2933 1816 3005 posset
1858 2924 2204 2986 ascendere.

261 3011 371 3073 sed
403 3020 463 3073 et
492 3010 738 3073 Claudio
783 3018 840 3072 et
878 3010 1197 3073 Aureliano
1238 3011 1525 3091 deinceps
1569 3009 1748 3071 stulta
1790 3028 1889 3071 res
1932 3010 2062 3071 uisa
2094 3015 2200 3080 est,
2240 3021 2277 3070 4

366 3198 398 3247 2
424 3195 774 3247 consulatum
797 3196 964 3248 BPM
1047 3198 1080 3249 5
1106 3198 1321 3262 opimus
1339 3196 1444 3248 BP
1534 3198 1565 3245 6
1590 3194 1877 3247 mortalem
1902 3210 2005 3246 nec
2031 3195 2215 3246 defuit

261 3280 340 3315 an
363 3264 457 3314 ille
486 3280 544 3315 se
573 3264 714 3313 dixit
724 3264 892 3315 BPM
909 3280 1015 3316 nec
1041 3264 1222 3315 defuit
1248 3282 1371 3315 cum
1393 3264 1491 3315 ille
1517 3266 1596 3315 sie
1623 3264 1764 3314 dixit
1789 3264 1914 3329 Req.
2007 3266 2038 3315 9
2064 3262 2215 3313 falsu

259 3330 369 3383 BP
504 3335 568 3384 13
592 3336 759 3383 natus
782 3332 886 3383 BP
1031 3334 1095 3383 14
1121 3350 1242 3385 cum
1266 3336 1389 3385 add.
1417 3333 1459 3383 S
1604 3332 1794 3383 dicens
1819 3333 1886 3383 M
2029 3334 2090 3382 17
2116 3332 2214 3380 mi-

260 3410 458 3451 norum
481 3400 534 3449 B
693 3402 760 3453 20
781 3401 1104 3452 nationibus
1126 3401 1229 3452 BP
1275 3402 1696 3453 coenationibus
1721 3400 1789 3451 M
1828 3399 2215 3465 potationibus

157 3491 163 3496 ·
257 3470 456 3533 ser-ipsi
597 3469 663 3519 21
693 3469 863 3519 etiam
887 3469 1047 3520 simul
1071 3470 1139 3519 M
1292 3472 1359 3521 30
1384 3468 1749 3535 exquiliarum
1772 3468 1875 3519 BP
2031 3469 2094 3518 31
2124 3480 2217 3515 ca-

261 3542 366 3602 put
389 3536 562 3586 BPM
579 3552 668 3586 em.
697 3534 932 3603 Scaliger
