2517 3884
365 142 579 227 xxxn‘
1150 167 1545 258 PRAEFA'mo.

365 305 553 363 stratis
594 306 714 362 ueri
748 303 924 361 simile
960 321 1082 362 esse
1111 321 1478 379 reppereram,
1520 307 1820 362 accessisse·
1851 307 1984 362 satis
2016 307 2306 367 confidam.

366 401 545 466 neque
588 393 731 447 enim
770 389 1002 463 neglexi.
1044 397 1107 446 ut
1150 407 1323 464 pauca
1355 390 1617 464 quaedam
1661 409 1727 448 ex
1758 391 1896 465 ipsis
1927 395 2119 466 primis
2149 410 2307 467 para-

363 477 593 551 graphis
625 476 867 551 exempla
898 474 1153 538 adferam,
1197 474 1345 549 quod
1375 477 1428 530 in
1462 477 1576 531 uita
1606 475 1861 532 Hadriani
1891 494 1938 532 c.
1970 483 2001 530 2
2034 477 2071 548 S
2105 481 2130 530 1
2165 479 2222 533 Β
2252 486 2309 536 et

365 562 423 617 P
459 561 742 618 exhibent:
804 560 1071 624 ,uenando
1133 554 1393 636 [uenandi
1447 559 1529 616 ed.
1583 555 1788 638 Berol.]
1848 561 2146 619 studiosus’
2202 561 2306 634 (cf.

366 646 543 703 Plaut.
575 645 686 702 mil.
720 644 859 720 glor.
890 647 988 700 801
1026 639 1119 721 [111
1151 648 1198 707 1,
1232 639 1360 720 307]
1416 646 1530 719 ,qui
1559 647 1667 702 nisi
1698 644 1986 708 adulterio,
2025 647 2309 704 studiosus

368 733 452 788 rei
498 731 636 788 nulli
677 731 869 786 aliaest
909 728 1251 804 improbus),
1296 729 1331 800 S
1362 734 1397 782 4
1447 729 1735 793 ,Hadriano
1778 731 1972 804 peritia
2026 726 2311 808 [peritiam

364 817 452 873 ed.
496 811 703 892 Berol.]
759 814 1073 873 caelestium
1125 814 1374 871 callcn'te’
1426 813 1515 886 (cf.
1559 816 1818 872 Pescenn.
1871 834 1919 873 c.
1948 818 1984 869 9
2031 824 2172 873 extr.-
2224 818 2314 879 ,de

368 902 620 963 mathesi,
654 917 760 974 qua
791 898 1049 963 callebat,
1083 899 1302 956 dixisse’
1335 907 1392 956 et
1433 900 1605 958 multa
1633 900 1879 975 exempla
1909 901 2056 976 apud
2085 901 2308 959 Forcel-

367 984 601 1058 linium),
656 985 691 1056 S
722 988 754 1038 5
806 985 889 1046 ,ad
920 985 1346 1058 gratulationem
1398 986 1668 1043 exercitus
1720 986 1923 1043 missus
1965 985 2311 1044 Germaniam

370 1065 455 1147 [in
488 1070 667 1128 Germ.
698 1070 782 1126 ed.
814 1059 1019 1152 Ber'olf]
1066 1072 1404 1143 superiorem
1450 1071 1746 1138 translatus
1791 1073 1912 1128 est.’
1989 1067 2076 1147 (cs.
2109 1073 2313 1129 histor.

366 1155 493 1213 crit.
526 1174 579 1230 p.
613 1153 719 1228 38.)
788 1211 801 1222 ,

497 1239 765 1308 Quoniam
813 1239 1003 1297 eodem
1044 1239 1160 1296 fere
1203 1240 1558 1296 fundamento
1602 1240 1666 1297 ad
1699 1241 1867 1297 hosce
1898 1243 2198 1315 scriptores
2227 1258 2317 1298 re-

370 1326 675 1382 censendos
717 1325 803 1381 usi
848 1341 1053 1387 sumus,
1095 1326 1152 1380 in
1195 1326 1384 1381 multis
1415 1324 1552 1382 locis
1585 1324 1837 1382 sanandis
1869 1325 1936 1383 ad
1965 1327 2108 1382 idem
2137 1343 2312 1384 reme·

373 1411 521 1487 dipm
572 1427 677 1467 nos
728 1412 1051 1484 peruenisse
1092 1425 1206 1466 non
1249 1417 1335 1466 est
1377 1412 1594 1466 mirum.
1647 1410 1793 1485 quod
1835 1410 1930 1466 ubi
1973 1411 2179 1468 factum
2208 1421 2315 1476 est,

374 1495 649 1553 editorum
693 1494 1125 1552 Berolinensium
1164 1495 1388 1551 nomina
1413 1495 1503 1550 uel
1534 1494 1806 1550 Theodori
1847 1493 2184 1560 Mommseni‚
2218 1500 2315 1570 qui

374 1583 615 1654 egregiis
640 1579 852 1654 aliquot
873 1581 1115 1637 inuentis
1145 1580 1212 1636 de
1242 1581 1393 1637 hisce
1423 1579 1580 1635 libris
1601 1579 1742 1636 bene
1767 1579 2000 1637 meritus
2023 1589 2125 1645 est,
2155 1583 2316 1639 uncis

372 1665 583 1723 inclusa
614 1664 933 1729 addidimus,
982 1681 1103 1722 cum
1136 1681 1201 1722 ex
1231 1681 1296 1720 eo
1329 1679 1602 1722 consensu
1633 1681 1746 1721 non
1777 1667 2026 1737 exiguam
2055 1666 2316 1740 probabi-

372 1750 545 1809 litatis
578 1751 815 1826 speciem
847 1749 1316 1808 emendationibus
1348 1749 1607 1806 accedere
1637 1757 1979 1824 putaremus·

488 1869 796 1927 Scribebam
820 1869 1121 1928 Posnaniae
1150 1884 1339 1925 mense
1368 1867 1664 1951 Nouembri
1696 1872 1823 1928 anni
1854 1869 2312 1928 ClDDCCCLXIIII.

937 2173 1354 2233 CONSPECTVS
1399 2174 1748 2233 SIGLORVM.

546 2314 603 2370 B
732 2311 899 2369 codex
923 2310 1342 2383 Bambergensis

921 2389 1011 2450 B1
1043 2397 1216 2469 prima
1245 2413 1456 2460 manus,
1486 2390 1584 2453 B²
1610 2396 1782 2453 altera
1813 2412 2007 2452 manus
2037 2404 2091 2452 et
2121 2405 2228 2452 cet.

547 2483 604 2537 P
741 2480 912 2538 codex
939 2478 1219 2538 Palatinus
2147 2471 2157 2506 '

548 2583 677 2622 exc.
736 2572 991 2639 excerpta
1017 2565 1262 2624 Palatina

564 2651 618 2706 V
740 2650 861 2707 cod.
893 2649 1183 2708 Vaticanus
1214 2653 1351 2706 1899

549 2735 621 2791 M
742 2736 911 2792 editio
943 2737 1201 2812 princeps
1230 2735 1650 2793 Mediolanensis

550 2821 598 2878 0
736 2819 1087 2879 Casaubonus

554 2905 655 2962 Gr.
744 2907 904 2964 Ianus
936 2907 1200 2964 Gruterus

554 2987 600 3044 S
735 2990 1044 3050 Salmasius

1107 3292 1576 3352 CORRIGENDVM
1590 3315 1602 3351 :
2037 3298 2070 3324 x

748 3443 799 3491 p.
838 3427 869 3476 9
904 3397 973 3476 us
996 3429 1061 3478 32
1098 3425 1135 3478 1.
1173 3441 1274 3494 pro
1313 3426 1581 3494 ,plures’e
1622 3425 1966 3494 ,plurimos'.

2447 1705 2449 1712 A

2448 1725 2449 1732 i

2447 1763 2449 1772 i
