2517 3884
437 175 565 238 212
605 254 608 257 ¹
1129 177 1367 234 ·FLAV11
1412 176 1665 234 VOPISCI

440 350 731 417 tissi-mus,
763 349 896 426 ipse
927 362 1167 424 quoque
1204 343 1535 406 latrociniis
1576 344 1875 414 adsuetus,
1922 347 2025 424 qui
2053 352 2259 406 tamen
2290 363 2381 405 ar·
2501 397 2502 430 ¹

445 440 666 494 matam
698 449 938 510 semper
971 431 1160 508 egerit
1189 431 1396 490 uitam.
1428 448 1567 490 nam
1602 437 1661 489 et
1690 430 1893 491 multis
1922 429 2263 508 legionibus
2276 433 2379 491 tri·
2500 485 2502 526 <

377 530 412 578 6
447 517 645 580 hunus
673 517 934 596 praefuit
965 521 1024 574 et
1052 515 1230 574 fortia
1274 513 1454 574 edidit
1494 516 1667 576 facta.
1722 515 1797 576 Et
1826 517 2106 592 quoniam
2136 512 2380 576 minima
2501 527 2502 612 χ

446 619 720 683 quaeque
759 599 1014 662 iocunda
1057 606 1199 660 sunt
1240 605 1418 676 atque
1462 598 1686 660 habent
1727 599 1948 679 aliquid
1980 602 2209 678 gratiae
2252 620 2384 662 cum
2501 613 2502 676 γ

443 687 756 765 leguntur,
818 682 1134 746 tacendum
1177 697 1301 745 non·
1344 690 1435 745 est
1492 683 1649 762 quo'd
1692 690 1752 745 et
1804 687 1935 765 ipse
1978 685 2273 763 gloriatur
2321 689 2381 746 in
2430 706 2450 746 5

409 795 419 806 ·
444 772 699 851 quadam
729 788 835 831 sua
867 768 1133 848 epistola,
1167 788 1346 849 quam
1376 771 1566 848 ipsam
1597 769 1812 830 melius
1843 777 1933 830 est
1960 787 2192 850 ponere
2208 789 2382 850 qnam

444 857 518 916 de
551 875 618 916 ea
648 854 974 934 plurimum
1006 854 1224 914 dicere.

574 939 910 1010 „Proculus
938 940 1239 1000 Maeciano
1272 937 1451 1000 adfini
1484 937 1735 999 salutem
1781 939 1940 1000 dicit.

375 1037 407 1086 ’1
572 1025 828 1108 Centum
871 1042 944 1084 ex
986 1024 1277 1086 Sarmatia
1321 1024 1587 1102 uirgines
1630 1025 1780 1102 cepi.
1830 1042 1902 1084 ex
1930 1023 2027 1086 his
2054 1043 2177 1085 una
2208 1032 2380 1085 nocte
2501 1085 2502 1102 2

443 1110 652 1171 decem
679 1111 856 1178 iniui;
892 1127 1100 1170 omnes
1129 1114 1349 1177 tamen,
1384 1108 1542 1186 quod
1574 1110 1637 1168 in
1668 1127 1766 1168 me
1798 1114 1944 1178 erat,
1978 1108 2269 1170 mulieres
2294 1111 2380 1169 in·
2407 1130 2446 1167 ιο
2500 1107 2502 1176 ζ

443 1202 536 1256 tra
582 1194 710 1256 dies
741 1193 1084 1272 quindecim
1113 1192 1412 1255 reddidi.“

373 1290 407 1340 8
570 1281 899 1348 Gloriatur,·
927 1285 990 1339 ut
1027 1279 1216 1348 uideS,
1259 1297 1389 1341 rem
1412 1279 1779 1357 ineptamet
1820 1279 1963 1339 satis
2002 1278 2385 1340 libidinosam

441 1371 618 1443 atque
645 1366 805 1424 inter
833 1363 1022 1424 fortes
1054 1382 1118 1424 se
1148 1363 1357 1424 haberi
1380 1363 1585 1432 credit,
1620 1364 1684 1444 ‚si
1726 1364 2045 1424 criminum
2076 1363 2383 1425 densitate

443 1449 753 1510 coalescat.

344 1533 424 1597 13
477 1572 482 1580 ·
570 1533 680 1592 Hic
724 1540 926 1593 tamen
965 1534 1313 1598 cumetiam
1356 1539 1495 1611 post
1538 1531 1799 1593 honores
1840 1532 2127 1594 militares
2188 1551 2254 1593 se
2292 1534 2384 1593 in·
2408 1550 2449 1590 15
2501 1581 2502 1602 ἶ

441 1615 633 1696 probe
662 1616 977 1677 libidinose
1019 1623 1224 1676 tamen
1268 1618 1504 1676 fortiter
1548 1623 1779 1694 ageret,
1812 1616 2187 1678 hortantibus
2222 1617 2384 1696 Lug·
2501 1627 2502 1636 ’

443 1701 840 1771 dunensibuS,
887 1702 991 1779 qui
1036 1708 1094 1762 et
1137 1701 1210 1760 ab
1254 1699 1576 1762 Aureliano
1630 1703 1895 1779 grauiter
1937 1705 2173 1762 contusi
2208 1703 2383 1762 uide-

441 1786 660 1847 bantur
721 1793 779 1846 et
837 1785 1100 1846 Probum
1155 1785 1683 1848 uehementissime
1723 1787 2258 1864 pertimescebant,
2322 1789 2385 1848 in

439 1874 763 1950 imperium
791 1872 1087 1932 uocitatus
1119 1877 1224 1940 est,
1284 1869 1425 1930 ludo
1455 1888 1646 1948 paene
1678 1888 1745 1930 ae
1777 1872 1928 1940 ioco,
1962 1876 2028 1946 ut
2059 1871 2383 1932 Onesimus

441 1957 602 2026 dicit,
637 1956 794 2033 quod
824 1955 1067 2035 quidem
1097 1963 1240 2036 aput
1270 1953 1497 2016 nullum
1532 1953 1709 2016 alium
1736 1958 2077 2036 repperisse
2104 1975 2199 2016 me
2232 1958 2375 2017 scio.
2406 1975 2450 2014 20

369 2055 404 2104 2
441 2059 584 2102 nam
624 2058 760 2101 cum
801 2042 864 2100 in
915 2040 1170 2120 quodam
1217 2041 1495 2100 conuiuio
1538 2039 1611 2099 ad
1642 2038 2010 2101 latrunculos
2040 2039 2375 2110 luderetur,

442 2135 618 2204 atque
647 2127 778 2204 ipse
810 2125 1008 2186 decies
1037 2126 1363 2203 imperator
1396 2125 1631 2192 exisset,
1675 2125 1911 2203 quidam
1944 2141 2064 2186 non
2094 2124 2380 2204 ignobilis

401 2221 404 2224 ’
442 2229 650 2291 scurra
682 2212 860 2279 „Aue
879 2219 916 2241 “
944 2209 1181 2286 inquid,
1225 2211 1487 2286 Auguste
1505 2217 1542 2240 “
1574 2207 1883 2287 adlataque
1912 2207 2046 2270 lana
2073 2227 2381 2290 purpurea

439 2296 666 2354 umeris
699 2296 826 2354 eius
857 2295 1046 2354 iunxit
1079 2311 1333 2370 eumque
1364 2293 1662 2362 adorauit;
1711 2295 1892 2354 timor
1934 2293 2074 2354 inde
2106 2298 2377 2356 conscio-

371 2394 404 2441 3
439 2397 578 2438 rum
607 2385 784 2454 atque
815 2379 953 2438 inde
983 2380 1100 2438 iam
1133 2380 1431 2439 exercitus
1452 2379 1761 2457 temptatio
1783 2385 1841 2439 et
1864 2381 2125 2458 imperii.
2158 2383 2373 2441 nonni·
2400 2397 2445 2437 25
2501 2381 2502 2394 *

247 2526 252 2532 ,
440 2462 630 2522 hilum
660 2470 862 2525 tamen
893 2461 1075 2522 Gallis
1107 2464 1345 2540 profuit.
1374 2481 1513 2524 nam
1541 2463 1918 2532 Alamannos,
1964 2466 2070 2541 qui
2098 2472 2246 2525 tunc
2280 2463 2378 2526 ad·
2500 2459 2503 2500 ἕ

339 2577 346 2582 ·
437 2547 558 2607 huc
612 2545 895 2607 Germani
951 2545 1330 2617 dicebantur,
1404 2565 1524 2607 non
1586 2550 1713 2608 sine
1772 2548 1995 2626 gloriae
2054 2549 2380 2628 splendore

441 2633 742 2702 contriuit,
804 2649 1127 2710 numquam
1188 2630 1361 2692 aliter
1421 2650 1597 2710 quam
1656 2632 2051 2694 latrocinandi
2104 2651 2381 2713 pugnans

368 2735 406 2782 4
443 2716 636 2778 modo.
714 2717 884 2777 Hunc
935 2723 1133 2778 tamen
1173 2716 1408 2778 Probus
1448 2717 1718 2796 fugatum
1761 2733 1951 2796 usque
1998 2718 2083 2781 ,ad
2136 2719 2379 2780 ultimas
2501 2787 2502 2796 χ

439 2810 633 2863 terras
667 2808 724 2861 et
755 2803 1088 2880 cupientem
1120 2803 1180 2862 in
1210 2801 1579 2863 Francorum
1612 2802 1896 2864 auxilium
1918 2804 2151 2872 uenire,
2184 2823 2217 2864 a
2242 2805 2375 2882 qui-
2401 2823 2445 2862 30

440 2887 555 2947 bus
599 2889 890 2964 originem
931 2905 997 2946 se
1038 2885 1288 2947 traherev
1320 2887 1452 2965 ipse
1495 2886 1748 2956 dicebat,
1799 2889 1947 2967 ipsis
1977 2887 2378 2967 prodentibus
2501 2893 2502 2900 ’

439 2971 704 3041 Francis,
740 2970 952 3048 quibus
980 2970 1271 3032 familiare
1302 2979 1392 3032 est
1418 2972 1673 3032 ridendo
1704 2972 1879 3032 fidem
1901 2974 2202 3050 frangere,
2231 2975 2378 3034 uicit

369 3073 406 3121 5
443 3063 500 3115 et
541 3057 863 3117 interemit.
944 3057 1179 3116 Posteri
1211 3058 1339 3116 eius
1372 3059 1545 3116 etiam
1588 3063 1748 3118 nunc
1784 3057 1940 3138 apud
1968 3056 2377 3135 Albingaunos

576 3226 606 3272 3
633 3222 765 3273 forti
788 3221 866 3272 B¹
973 3226 1004 3274 5
1031 3229 1089 3273 et
1113 3240 1206 3274 om.
1230 3225 1283 3274 B
1386 3227 1417 3274 ‘1
1442 3225 1687 3276 metiano
1711 3225 1831 3278 BM
1849 3228 2129 3277 maetiano
2154 3227 2377 3278 PMae-

439 3287 604 3339 eiano
627 3293 821 3354 scripsi
843 3291 1140 3356 (Eyssenh.)
1304 3294 1336 3343 9
1360 3293 1597 3343 armatia
1620 3293 1791 3344 BPM
1922 3293 2085 3360 coepi
2107 3293 2160 3342 B
2316 3297 2377 3343 10

434 3355 557 3402 inui
579 3355 682 3405 BP
811 3359 1086 3409 militares
1111 3375 1232 3409 eum
1257 3375 1317 3410 se
1342 3360 1505 3410 BPM
1530 3376 1651 3412 eum
1674 3363 1823 3412 eiecit
1844 3363 1976 3427 uoly.
2043 3393 2049 3395 >
2129 3363 2193 3417 16
2218 3377 2377 3428 rege-

437 3424 526 3470 ret
549 3421 652 3472 BP
806 3427 871 3475 19
895 3441 1072 3490 poene
1096 3427 1148 3475 B
1308 3430 1373 3478 22
1396 3429 1671 3493 ignobiles
1702 3428 1837 3479 B¹P
1992 3431 2059 3480 23
2095 3437 2376 3496 purporea

437 3486 574 3539 B¹P
705 3493 772 3542 24
793 3492 1008 3543 uinexit
1029 3493 1082 3542 B
1104 3496 1286 3547 uinxit
1308 3497 1359 3546 P
1492 3498 1559 3548 33
1584 3495 1765 3563 capud
1789 3495 1934 3564 galb.
1960 3497 2012 3546 B
2026 3495 2044 3529 ¹
2292 3504 2297 3508 '
