2517 3884
856 189 1151 246 cAvas.
1241 189 1298 248 C.
1348 193 1585 248 15—18.
1800 233 1807 239 .
2070 185 2198 252 225

234 363 484 416 centum
536 356 824 436 piscium,
884 353 1047 415 mille
1098 354 1375 416 diuersae
1417 357 1613 417 carnis
1652 357 1716 416 in
1760 358 2041 418 conuiuio
2086 376 2195 418 suo

231 440 592 517 frequenter
639 437 925 500 exhibuit.
959 440 1082 500 uini
1114 438 1445 518 plurimum
1479 439 1707 502 effudit.
1738 441 1897 502 inter
1928 460 2105 521 poma
2138 450 2195 504 et

233 524 514 586 melones
545 525 790 584 natauit.
827 523 984 586 rosis
1013 523 1561 586 Mediolanensibus
1596 533 1657 585 et
1695 525 1956 586 triclinia
1997 533 2057 587 et
2086 545 2191 588 cu·

233 608 435 670 bicula
468 609 699 669 strauit.
728 607 960 669 balneis
999 609 1081 668 ita
1122 609 1363 688 frigidis
1401 627 1545 671 usus
1589 617 1699 680 est,
1732 618 1799 672 ut
1829 610 2026 671 solent
2056 629 2191 672 esse
2231 600 2265 648 4

183 707 209 748 ⁵
235 693 426 756 cellae
459 693 912 773 suppositoriae,
945 693 1267 771 frigidariis
1288 711 1529 773 semper
1553 694 1867 756 niualibuS.
1902 713 2039 756 cum
2064 695 2191 756 bie·
2232 698 2264 747 5

235 780 355 840 mis
385 786 665 857 tempore
706 777 779 837 ad
811 777 1108 857 quendam
1152 778 1353 840 locum
1394 781 1677 848 uenisset,
1711 782 1773 840 in
1804 797 1921 858 quo
1953 778 2195 841 fontana

237 871 406 926 esset
437 863 768 942 pertepida‚
804 869 868 922 ut
897 861 1128 923 adsolet
1169 882 1281 942 per
1310 863 1568 924 hiemem
1600 863 1969 934 naturaliter,
2007 882 2194 943 eaque

237 949 304 1008 in
338 949 568 1028 piscina
600 965 748 1008 usus
772 955 946 1015 esset,
971 946 1192 1008 dixisse
1215 946 1662 1027 balneatoribus
1687 949 1906 1009 fertur:
1924 951 2193 1027 „Aquam

237 1032 389 1094 mihi
435 1031 788 1094 muliebrem
853 1034 1239 1112 praeparatis.
1256 1040 1296 1064 “
1356 1040 1534 1111 atque
1585 1031 1701 1093 hoc
1754 1035 1883 1095 eius
1934 1033 2193 1094 clarissi-

157 1135 208 1174 ιο
235 1135 405 1180 ιιιιιιιι
449 1117 670 1177 dictum
707 1115 971 1178 effertur.
1033 1116 1315 1178 audiebat
1339 1125 1508 1198 pater
1542 1119 1686 1186 eius,
1720 1136 1871 1196 quae
1900 1117 2001 1179 ille
2032 1119 2190 1179 face·
2230 1118 2261 1167 6
2320 1169 2324 1174 .

233 1209 349 1272 ret,
385 1209 446 1262 et
478 1201 802 1262 clamabat:
834 1201 1008 1269 „Non
1043 1209 1134 1262 est
1162 1209 1401 1263 meus.“
1432 1209 1719 1263 statuerat
1749 1202 2007 1282 denique
2043 1199 2187 1272 Con,

233 1289 540 1355 stantium,
578 1287 680 1363 qui
708 1293 916 1365 postea
947 1285 1167 1348 Caesar
1197 1294 1291 1348 est
1318 1287 1529 1356 factuS,
1561 1293 1705 1348 tunc
1736 1294 1935 1347 antem
1962 1289 2190 1368 praesi-

233 1371 460 1432 diatum
494 1369 815 1432 Dalmatiae
845 1370 1316 1441 administrabat,
1347 1373 1409 1432 in
1442 1370 1639 1432 locum
1669 1373 1797 1432 eius
1827 1369 2236 1450 subrogare--

234 1456 395 1536 quod
427 1473 604 1516 nemo
635 1463 778 1519 tunc
804 1456 900 1515 uir
923 1455 1139 1516 melior
1165 1455 1504 1525 uidebatur,
1535 1453 1703 1516 illum
1720 1471 1907 1539 uero,
1941 1463 2009 1517 nt
2032 1455 2188 1518 One-

155 1559 205 1600 15
233 1543 426 1602 simus
455 1540 612 1609 dicit,
646 1538 941 1602 occidere
974 1539 1220 1619 longum
1253 1549 1363 1610 est,
1396 1542 1447 1602 si
1477 1540 1552 1601 de
1584 1542 1710 1602 eius
1740 1540 1976 1602 luxuria
2007 1539 2186 1619 plura
2225 1544 2256 1592 ’7

233 1624 418 1688 uelim
462 1625 681 1685 dicere.
727 1625 1091 1702 quicumque
1132 1627 1394 1686 ostiatim
1456 1626 1621 1706 cupit
1676 1643 1964 1704 noscere,
2033 1624 2191 1704 legat

233 1711 415 1772 etiam
463 1707 739 1770 Fuluium
791 1710 1147 1789 Asprianum
1201 1729 1391 1791 usque
1445 1711 1518 1771 ad
1565 1696 1829 1772 taedium
1879 1719 2187 1789 gestorum

233 1795 366 1857 eius
396 1795 680 1856 uniuersa
712 1793 1029 1855 dicentem.

363 1878 474 1940 Hic
504 1877 607 1939 ubi
636 1886 870 1958 patrem
900 1878 1147 1940 fulmine
1176 1878 1576 1958 absumptum,
1622 1879 1874 1940 fratrem
1904 1897 1939 1940 a
1970 1896 2182 1939 socero
2216 1870 2291 1935 18

155 1987 205 2026 ιο
243 1967 688 2064 interemptum,
722 1960 1154 2025 Diocletianum
1184 1967 1517 2042 Augustum
1550 1962 1911 2042 appellatum
1944 1980 2184 2042 compe·

237 2051 336 2118 rit,
381 2065 608 2126 maiora
647 2049 791 2108 uitia
834 2055 895 2109 et
929 2048 1160 2110 scelera
1205 2048 1417 2118 edidit,
1464 2049 1637 2127 quasi
1667 2049 1785 2108 iam
1816 2046 1971 2108 liber
2002 2066 2035 2108 a
2066 2048 2187 2116 fre·

237 2136 332 2196 nis
377 2134 736 2194 domesticae
778 2134 1018 2212 pietatis
1057 2151 1310 2194 suorum
1352 2131 1647 2194 mortibus
1689 2129 2014 2194 absolutus
2074 2149 2186 2193 nec
2220 2140 2255 2186 2

241 2221 298 2280 ei
332 2226 532 2279 tamen
562 2217 753 2280 defuit
782 2216 854 2279 ad
886 2216 1312 2279 uindicandum
1354 2217 1595 2278 sibimet
1646 2217 1964 2296 imperium
2012 2217 2188 2294 uigor

239 2304 481 2365 mentis».
515 2320 651 2363 nam
683 2310 889 2363 contra
923 2302 1353 2363 Diocletianum
1384 2300 1589 2363 multis
1620 2299 1869 2381 proeliis
1899 2301 2183 2370 conflixit,

163 2409 215 2449 25
243 2388 351 2450 sed
381 2386 588 2448 ultima
619 2404 818 2467 pugna
850 2387 1003 2466 apud
1034 2387 1299 2448 Marcum
1330 2389 1648 2448 commissa
1668 2389 1866 2448 uictus
1880 2384 2182 2447 occubuit.

364 2471 474 2534 Hic
527 2473 710 2533 trium
764 2473 1102 2551 principum
1138 2472 1254 2534 fuit
1300 2471 1467 2541 finis,
1532 2470 1666 2533 Cari
1726 2471 2072 2533 Numeriani
2127 2481 2186 2532 et
2222 2482 2254 2530 3

234 2558 454 2620 Carini.
500 2564 637 2636 post
681 2575 828 2636 quos
875 2555 1307 2620 Diocletianum
1340 2565 1399 2617 et
1427 2556 1845 2620 Maximianum
1875 2556 2185 2636 principes

231 2641 320 2704 elii
349 2641 663 2711 dederunt,
695 2642 1010 2719 iungentes
1039 2639 1260 2703 talibus
1291 2641 1442 2702 uiris
1474 2641 1776 2704 Galerium
1811 2648 1993 2719 atque
2028 2641 2181 2702 Con-

233 2729 537 2796 stantium,
583 2743 834 2804 quorum
877 2724 1029 2786 alter
1071 2734 1246 2787 natus
1288 2733 1410 2796 est,
1464 2727 1565 2806 qui
1594 2734 1895 2805 acceptam
1926 2725 2182 2803 ignomi-

151 2833 205 2874 30
232 2812 395 2873 niam
431 2810 726 2872 Valeriani
777 2810 1123 2888 captiuitate
1175 2810 1424 2880 deleret,
1470 2809 1643 2881 alter,
1677 2810 1780 2889 qui
1812 2807 2030 2870 Gallias
2060 2807 2182 2868 Ro-

232 2897 427 2958 manis
468 2895 697 2974 legibus
736 2894 1036 2958 redderet.
1119 2902 1400 2974 quattuor
1440 2913 1588 2957 sane
1626 2895 1931 2975 principes
1975 2888 2183 2954 mundi
2216 2905 2252 2954 4

371 3100 400 3147 1
425 3096 611 3149 millae
637 3097 689 3148 P
801 3101 833 3149 3
857 3045 1255 3148 mediolasibus
1279 3094 1356 3146 P¹
1382 3093 1453 3162 (c.
1480 3094 1580 3159 P³)
1696 3097 1730 3145 5
1756 3093 2058 3160 frigidaliis
2081 3095 2185 3145 BP

371 3165 652 3216 inualibus
676 3163 746 3214 B¹
885 3166 918 3215 6
943 3165 1233 3230 quemdam
1257 3164 1364 3215 BP
1485 3166 1516 3214 7
1542 3161 1798 3229 pei-topia
1822 3161 1952 3212 BP¹
1978 3161 2049 3227 (c.
2076 3161 2180 3225 1³⁸)

234 3233 363 3284 fons
387 3237 510 3284 erat
535 3247 683 3298 aqua
709 3232 1000 3299 pei-tepida
1025 3232 1093 3282 M
1207 3231 1351 3284 solet
1375 3232 1443 3282 M
1580 3232 1643 3282 12
1667 3229 2047 3296 praesidatum
2071 3231 2183 3282 PM

375 3302 439 3351 14
463 3316 573 3366 quo
601 3302 644 3352 0
756 3302 820 3353 15
843 3299 1060 3352 luxoria
1084 3300 1189 3351 BP
1324 3302 1388 3351 21
1417 3299 1602 3351 celera
1627 3298 1755 3348 BP¹
1794 3298 1861 3360 (e.
1886 3297 1985 3362 1⁰³)
2112 3301 2178 3350 22

231 3369 478 3419 moribus
504 3367 758 3420 BPMem.
787 3369 830 3419 0
948 3370 1014 3420 25
1037 3370 1293 3433 Margum
1318 3368 1362 3420 C
1470 3368 1537 3417 26
1562 3382 1692 3418 caro
1717 3365 1821 3418 BP
1938 3369 2004 3418 27
2030 3366 2179 3432 prin·

235 3436 416 3502 cipem
443 3436 718 3488 dederunt
742 3435 911 3486 BPM
928 3451 1019 3487 em.
1046 3436 1237 3502 Egnat.
1333 3437 1401 3488 28
1425 3434 1695 3502 garelium
1718 3433 1797 3486 Ρ1
1907 3437 1975 3487 30
2000 3434 2179 3500 capti-

234 3504 476 3555 uitatem
497 3504 602 3556 BP
736 3505 800 3556 31
827 3504 1055 3570 regibus
1078 3503 1181 3555 BP

303 3619 518 3657 scum.
546 3621 697 3657 ιιιιιτ.
721 3620 850 3656 ava.
877 3605 952 3657 11.
1750 3580 1831 3646 15
