2517 3884
300 179 427 245 262
1005 186 1178 244 ΑΕΗ]
1219 159 1554 245 LAMPmnn

304 353 479 415 dabat
520 372 620 415 eas
662 354 1205 415 administrationes
1250 372 1400 433 quae
1444 354 1514 415 ad
1559 356 2012 433 procurationes
2052 357 2247 435 perti-

238 446 270 501 5
304 446 535 500 nerent.
598 439 919 500 rationales
950 441 1067 500 cito
1098 439 1394 509 mutabat,
1436 441 1518 500 ita
1545 448 1612 500 ut
1640 456 1818 501 nemo
1860 442 1978 500 nisi
2018 458 2250 502 annum

305 524 632 603 conpleret,
668 542 889 602 eosque
919 532 977 585 et
1006 526 1058 584 si
1086 524 1233 585 boni
1265 532 1483 595 essent,
1517 525 1744 595 oderat,
1779 524 1998 585 malum
2029 544 2250 587 neces-

304 611 526 670 sarium
567 627 811 670 uocans,
900 609 1207 689 praesides
1254 627 1404 670 uero
1455 608 1848 689 proconsules
1904 618 1962 670 et
2010 609 2250 688 legatos

304 712 629 773 numquam
658 695 801 755 fecit
832 694 905 755 ad
936 694 1294 755 beneficium
1337 694 1442 756 sed
1485 694 1556 755 ad
1602 695 1886 755 iudicium
1929 693 2028 755 uel
2059 714 2246 757 suum
2307 710 2340 752 5

303 779 400 841 uel
434 786 692 840 senatus.

195 862 277 927 47
425 863 639 924 Milites
682 864 1075 943 expeditionis
1147 872 1420 944 tempore
1477 866 1562 925 sic
1635 864 1958 943 disposuit,
2033 875 2099 925 ut
2173 866 2248 925 in

298 948 705 1009 mansionibus
756 967 1023 1010 annonas
1076 950 1420 1029 acciperent
1477 967 1590 1009 nec
1646 955 1960 1029 portarent
2011 949 2249 1011 cibaria

296 1032 505 1096 decem
548 1041 607 1093 et
648 1040 908 1113 septem,
953 1042 1021 1095 ut
1062 1033 1284 1103 solent,
1329 1034 1563 1094 dierum
1615 1035 1730 1095 nisi
1780 1036 1844 1094 in
1896 1032 2238 1104 barbarico,

295 1120 568 1197 quamuis
600 1125 659 1179 et
685 1118 808 1180 illic
836 1119 1012 1181 mulis
1044 1119 1286 1181 eosdem
1317 1124 1494 1197 atque
1525 1118 1768 1180 camelis
1799 1119 2112 1189 adiuuerit,
2143 1119 2239 1179 di·
2278 1136 2338 1175 10

297 1222 456 1274 cens,
490 1203 713 1265 milites
744 1223 808 1265 se
838 1206 1025 1283 magis
1056 1222 1303 1265 seruare
1337 1221 1514 1281 quam
1549 1221 1612 1264 se
1655 1205 1886 1283 ipsum,
1933 1203 2090 1281 quod
2139 1222 2242 1265 sa-

228 1300 260 1349 2
299 1283 391 1350 lus
419 1287 704 1369 publica
687 1307 749 1350 in
780 1288 873 1350 his
915 1297 1089 1350 esset.
1176 1295 1560 1367 aegrotantes
1612 1291 1742 1369 ipse
1799 1290 2066 1349 uisitauit
2121 1308 2243 1368 per

298 1375 557 1436 tentoria
586 1372 803 1435 milites
835 1376 1013 1435 etiarn
1045 1371 1288 1435 ultimos
1319 1382 1379 1435 et
1413 1376 1712 1453 carpentis
1742 1375 1908 1434 uexit
1947 1382 2007 1434 et
2031 1376 2238 1434 omni·

229 1474 260 1522 3
297 1457 409 1521 bus
438 1460 795 1519 necessariis
835 1459 1079 1519 adiuuit.
1157 1466 1217 1519 et
1258 1460 1310 1519 si
1349 1460 1505 1519 forte
1547 1461 1792 1537 grauius
1835 1457 2236 1528 laborassent,

294 1562 407 1623 per
448 1545 721 1606 ciuitates
768 1549 827 1603 et
869 1560 1044 1621 agros
1074 1543 1346 1622 patribus
1387 1537 1641 1605 familias
1680 1542 2128 1620 honestioribus
2173 1550 2242 1604 et
2273 1559 2333 1600 15

296 1627 693 1689 sanctioribus
722 1630 1012 1689 matronis
1055 1647 1159 1688 eos
1188 1628 1604 1698 distribuebat,
1651 1628 1910 1689 reddens
1949 1628 2241 1708 inpendia

296 1730 449 1791 quae
480 1714 782 1782 fecissent,
818 1715 946 1774 siue
978 1713 1428 1775 conualuissent
1457 1713 1542 1773 illi
1574 1732 1680 1775 seu
1711 1716 2028 1795 perissent.

192 1800 279 1865 48
424 1798 573 1859 Cum
622 1797 863 1877 quidam
914 1798 1165 1860 Ouinius
1212 1798 1495 1873 Camillus
1538 1808 1779 1860 senator
1821 1801 2099 1875 antiquae
2145 1799 2240 1858 fa·-

296 1882 497 1944 miliae
535 1883 993 1945 delicatissimus
1034 1881 1331 1944 rebellare
1376 1884 1668 1945 uoluisset
1712 1884 2081 1965 tyrannidem
2127 1882 2240 1943 ad-

294 1969 553 2039 fectanS,
598 1970 772 2047 eique
823 1970 1158 2030 nuntiatum
1213 1975 1374 2030 esset
1415 1987 1481 2030 ac
1523 1970 1727 2033 statim,
1763 1968 2110 2049 probatum,
2157 1968 2240 2029 ad
2268 1982 2327 2023 20

294 2053 586 2114 Palatium
640 2071 774 2114 eum
816 2055 1053 2132 rogauit
1104 2054 1278 2130 eique
1329 2054 1552 2133 gratias
1605 2056 1753 2131 egit,
1811 2053 1970 2132 quod
2022 2070 2237 2114 curam

294 2140 385 2198 rei
407 2157 489 2218 p,
534 2156 687 2217 quae
717 2138 1137 2199 recusantibus
1166 2138 1343 2199 bonis
1373 2140 1785 2218 inponeretur,
1831 2144 2044 2217 sponte
2074 2139 2236 2198 reci·
2275 2144 2283 2149 ’

226 2241 257 2288 2
294 2231 497 2302 peret;
532 2222 749 2285 deinde
780 2224 853 2283 ad
886 2230 1157 2285 senatum
1186 2226 1480 2303 processit
1512 2231 1572 2283 et
1599 2225 1907 2283 timentem
1939 2241 2007 2283 ac
2033 2229 2236 2283 tantae

296 2309 697 2369 conscientiae
738 2308 875 2368 tabe
919 2309 1258 2369 confectum
1269 2310 1655 2399 participem
1696 2308 1934 2388 imperii
1965 2306 2234 2386 appella-

294 2394 411 2461 uit,
456 2394 521 2451 in
561 2392 852 2453 Palatium
894 2394 1151 2472 recepit,
1198 2386 1476 2454 co'nuiuio
1508 2393 1808 2463 adhibuit,
1861 2394 2236 2454 ornamentis
2267 2407 2324 2447 25

228 2497 260 2546 3
296 2475 707 2556 imperialibus
738 2483 795 2537 et
825 2476 1173 2539 melioribus
1204 2494 1384 2555 quam
1415 2480 1546 2557 ipse
1576 2478 1857 2539 utebatur
1888 2478 2124 2537 adfecit.
2173 2485 2241 2538 et

296 2580 433 2623 cum
466 2561 766 2641 expeditio
796 2561 1106 2624 barbarica
1137 2572 1297 2625 esset
1326 2566 1613 2634 nuntiata,
1647 2562 1792 2624 uel
1774 2580 1973 2641 ipsum
2017 2563 2068 2622 si
2099 2561 2237 2621 uel-

227 2666 263 2715 4
295 2645 379 2707 let
406 2648 497 2707 ire
526 2645 624 2707 uel
654 2655 722 2708 ut
752 2664 955 2709 secum
986 2649 1472 2727 proficisceretur
1500 2648 1776 2709 hortatus
1808 2655 1918 2709 est.
2000 2653 2059 2706 et
2091 2664 2237 2708 cum

295 2733 425 2811 ipse
453 2730 639 2812 pedes
669 2734 785 2793 iter
813 2734 1068 2803 faceret,
1099 2732 1268 2795 illum
1301 2735 1578 2795 inuitauit
1606 2733 1684 2793 ad
1712 2732 2011 2800 laborem,
2047 2747 2232 2808 quem

294 2824 434 2896 post
462 2820 727 2897 quinque
771 2817 933 2879 milia
964 2826 1343 2879 cunctantem
1378 2836 1530 2897 equo
1563 2817 1777 2878 sedere
1806 2818 2012 2885 iussit,
2061 2833 2234 2877 cum·
2262 2829 2322 2871 ao

224 2960 236 2974 ,
296 2918 413 2979 que
442 2911 578 2983 post
608 2905 755 2965 duas
775 2904 1124 2965 mansiones
1155 2922 1310 2981 equo
1343 2905 1518 2964 etiam
1549 2904 1828 2981 fatigatus
1871 2908 2059 2971 esset,
2095 2919 2231 2962 car-

228 3004 261 3055 5
294 2994 477 3066 pento
506 2990 788 3067 inposuit.
822 2988 940 3049 hoc
971 3006 1205 3068 quoque
1236 3008 1342 3051 seu
1375 2991 1588 3061 timore
1619 3005 1728 3049 seu
1758 3005 1905 3049 uere
1936 3003 2235 3067 respuen-

397 3176 429 3223 3
454 3172 777 3239 conplerent
800 3172 927 3224 ΒΡ1
1076 3179 1133 3224 et
1158 3176 1281 3227 add.
1306 3175 1348 3224 S
1491 3173 1724 3225 oderant
1747 3173 1799 3223 B
1944 3174 1980 3223 4
2002 3187 2237 3238 procon-

294 3239 442 3289 sules
466 3242 563 3293 del.
590 3242 928 3295 Mommsenus
1029 3243 1094 3293 10
1114 3242 1272 3293 illum
1293 3242 1385 3292 hic
1408 3242 1511 3292 BP
1612 3244 1676 3293 13
1699 3241 1997 3291 tentoriam
2021 3238 2156 3289 BP¹

296 3310 353 3356 et
378 3323 469 3359 om.
493 3307 663 3359 BPM
783 3312 849 3361 14
871 3311 1204 3361 necessariis
1228 3326 1323 3363 om.
1350 3311 1410 3361 M
1530 3310 1592 3360 15
1615 3309 1928 3360 hominibus
1951 3308 2118 3358 BPM
2137 3307 2235 3357 ho-

292 3375 629 3427 nestioribus
653 3377 697 3427 S
831 3380 895 3429 19
918 3377 1229 3430 uoluissent
1253 3378 1328 3428 B¹
1464 3379 1530 3429 22
1553 3378 1953 3443 inponerentur
1974 3375 2028 3424 B
2165 3377 2235 3425 23

291 3442 524 3494 roeessit
548 3442 623 3495 P¹
763 3461 833 3497 ac
856 3450 1051 3497 tantae
1075 3446 1179 3496 BP
1199 3450 1390 3497 aetate
1416 3446 1484 3495 M
1611 3448 1679 3497 28
1702 3442 1848 3511 ire]
1831 3458 1952 3509 ipse
1975 3442 2028 3492 B
2165 3444 2236 3493 29

290 3510 363 3560 ad
386 3512 575 3564 borem
594 3512 700 3564 BP
709 3512 723 3546 ¹
748 3529 888 3565 corr.
912 3512 993 3565 ΡΒ
1128 3516 1191 3565 31
1220 3515 1358 3566 duos
1381 3511 1461 3564 Ρι
