2517 3884
283 164 416 220 xxn
568 117 569 120 Ὺ
1047 125 1447 220 ῬΒΑΕΡΑΤια

1686 247 1709 276 0

409 300 678 359 &codex
706 299 1026 360 monasterii
1055 306 1275 355 sanctae
1316 301 1496 356 crucis
1526 300 1657 356 F101
1660 301 1868 362 entim
1893 317 2041 357 nunc
2068 299 2226 355 Lau-

283 387 590 442 rentianus
619 383 758 458 plut.
790 383 880 440 XX
910 401 991 440 nr.
1024 387 1074 447 6,
1107 385 1568 446 membranaceus,
1602 401 1707 442 sec.
1741 384 1846 440 XV.
1907 385 2133 458 Incipit.

411 471 704 533 ,adrianus
1042 515 1052 528 ,

415 562 571 628 gesta
619 570 971 610 romanorum
1015 553 1409 627 imperatorum
1449 561 1505 610 et
1544 571 1736 611 eorum
1790 555 1885 628 qui
1930 562 2230 611 tenuerunt

291 656 388 696 seu
447 641 772 696 inuaserunt
823 655 996 712 remp.
1038 639 1352 714 conscripta
1394 659 1425 696 a
1464 638 1700 696 diuersis
1736 637 2096 697 'auctoribus
2160 637 2229 694 ab

291 724 511 782 adriano
543 740 721 797 usque
752 723 818 779 ad
849 725 1244 780 numerianum.
1278 723 1455 781 helius
1500 732 1790 798 spartanus
1824 725 1983 793 (sic).
2016 723 2227 797 Origo'.

851 807 1005 882 Expl.
1098 809 1414 870 ,contendas

1109 892 1349 949 feliciter

293 977 591 1052 expliciunt
620 984 775 1050 gesta
805 975 1149 1033 diuersorum
1173 978 1483 1053 principum
1508 987 1563 1034 et
1587 987 1944 1053 tyrannorum
1977 979 2069 1053 qui
2092 992 2232 1033 rom.

293 1080 462 1136 remp.
498 1069 794 1118 tenuerunt
824 1062 930 1117 deu
955 1063 1090 1131 (sic)
1119 1064 1441 1120 inuaserunt
1470 1064 1537 1121 ab
1568 1064 1793 1121 adriano
1824 1080 2003 1136 usque
2034 1061 2101 1118 ad
2134 1078 2237 1117 nu·

295 1148 633 1204 meria-num!

423 1232 558 1288 Cum
591 1233 733 1288 enim
764 1233 820 1287 in
851 1232 1052 1290 ceteris
1072 1231 1228 1305 libris
1251 1249 1389 1306 quae
1414 1233 1577 1290 huius
1602 1231 1835 1290 familiae
1864 1240 1993 1288 sunt
2006 1231 2236 1287 Alexan-

299 1317 383 1374 dri
423 1319 540 1374 uita
579 1333 690 1372 non
720 1315 1088 1390 Lampridium
1131 1317 1227 1373 sed
1258 1317 1610 1391 Spartianum
1654 1319 1981 1392 scriptorem
2012 1333 2147 1391 prae
2179 1331 2237 1370 se

300 1403 458 1465 ferat,
501 1402 698 1458 horum
739 1409 973 1474 uterque
1005 1418 1192 1458 omnes
1237 1404 1382 1458 uitas
1414 1403 1616 1460 eisdem
1650 1403 1841 1459 tribuit
1872 1400 2239 1475 scriptoribus

245 1533 247 1536 <
303 1487 499 1562 quibus
541 1485 756 1542 codices
800 1503 939 1558 quos
967 1485 1145 1560 primo
1176 1485 1301 1543 loco
1344 1490 1538 1560 posui;
1593 1495 1759 1561 atque
1802 1487 2013 1544 cumin
2040 1484 2242 1542 ceteris

300 1574 450 1628 uitae
491 1573 569 1627 ita
608 1568 908 1627 collocatae
952 1573 1062 1626 sint
1105 1577 1168 1626 ut
1224 1578 1536 1644 temporum
1579 1574 1782 1629 rationi
1822 1570 2242 1645 responderent,

301 1657 409 1712 nisi
441 1655 590 1730 quod
619 1653 845 1711 Auidius
889 1654 1030 1710 salso
1063 1663 1192 1728 post
1220 1656 1435 1713 Didium
1466 1655 1768 1713 collocatus
1811 1665 1913 1718 est,
1966 1657 2021 1710 in
2054 1654 2241 1712 codice

303 1739 624 1797 Florentino
655 1739 798 1795 idem
829 1748 915 1795 est
945 1738 1080 1796 ordo
1111 1743 1353 1797 uitarum
1384 1743 1477 1815 qui
1508 1743 1563 1797 in
1595 1740 1797 1798 familia
1833 1737 1915 1802 Π,
1950 1747 2004 1796 et
2035 1741 2091 1795 in
2121 1738 2242 1794 cod.

299 1825 577 1887 Vaticano,
623 1841 955 1898 quamquam
996 1823 1250 1882 librarius
1294 1825 1351 1882 in
1380 1825 1703 1884 uniuersum
1735 1835 2043 1899 temporum
2072 1823 2245 1880 ratio-

245 1905 252 1908 *
307 1927 433 1966 nem
479 1917 702 1983 secutus
735 1917 836 1971 est,
879 1911 1114 1982 uestigia
1159 1917 1339 1967 tamen
1382 1911 1643 1985 quaedam
1686 1918 1983 1986 supersunt
2024 1907 2245 1983 pristini

304 1994 454 2052 illius
497 1994 722 2058 ordinis,
755 1993 902 2068 quod
932 1994 1158 2051 Auidius
1189 1995 1483 2070 Didiusque
1516 1999 1678 2053 etiam
1721 1997 1811 2054 hic
1841 1997 1963 2052 loca
2004 1995 2149 2050 inter
2186 2008 2249 2049 se

306 2086 618 2137 conmutata
666 2079 931 2136 obtinent.
998 2081 1053 2134 in
1095 2081 1329 2155 singulis
1373 2088 1555 2139 autem
1591 2081 1777 2138 uerbis
1808 2079 2159 2154 interpolatio
2190 2079 2247 2133 in

312 2165 431 2224 Vat.
477 2165 657 2221 minus
699 2163 807 2220 late
848 2181 1146 2239 progressa
1187 2173 1291 2229 est,
1336 2183 1459 2223 cum
1504 2183 1667 2240 saepe
1708 2183 1894 2224 ueram
1940 2162 2251 2222 seruauerit

313 2251 669 2324 scripturam;
729 2249 847 2306 cod.
879 2249 1026 2306 Flor.
1070 2267 1204 2306 uero
1249 2269 1482 2325 prorsus
1523 2253 1655 2309 facit
1694 2262 1818 2308 cum
1864 2249 2063 2312 ceteris
2095 2248 2253 2305 libris

314 2337 478 2392 huius
520 2332 770 2396 familiae,
816 2333 871 2389 in
915 2335 1116 2408 quibus
1160 2352 1321 2392 omne
1363 2337 1737 2410 corruptionis
1778 2351 1949 2407 genus
1980 2334 2252 2397 inuenies,

316 2437 440 2476 cum
470 2435 581 2475 non
614 2419 791 2475 solum
823 2420 870 2475 is
901 2419 1058 2481 liber,
1090 2421 1234 2476 unde
1267 2420 1536 2496 originem
1567 2422 1857 2484 duxerunt,
1889 2419 2126 2492 pessime
2156 2416 2255 2472 ha-

317 2505 466 2562 bitus
497 2504 684 2566 fuerit,
729 2503 823 2559 sed
865 2503 1028 2560 etiam
1057 2505 1163 2578 ipsi
1193 2523 1387 2579 magna
1420 2523 1542 2563 cum
1576 2505 1826 2612 socordia
1867 2511 2031 2575 atque
2060 2501 2257 2572 negle-

321 2589 504 2662 gentia
535 2590 730 2663 scripti
760 2590 886 2644 sint.

447 2674 508 2729 In
538 2674 739 2730 horum
769 2690 998 2731 numero
1033 2684 1160 2731 sunt
1191 2674 1455 2732 habendi:

449 2761 498 2814 9.
531 2760 719 2815 codex
763 2758 1080 2816 Vaticanus
1115 2777 1211 2817 nr.
1241 2762 1407 2821 1898,
1429 2759 1765 2820 chartaceus,
1801 2772 1908 2815 sec.
1938 2755 2043 2812 XV.
2120 2754 2259 2812 Inci-

323 2846 433 2918 pit:
495 2843 680 2906 ,Gesta
721 2861 1071 2902 romanorum
1126 2844 1434 2920 principum
1477 2859 1575 2898 seu
1616 2843 2010 2917 imperatorum
2052 2858 2081 2896 a
2128 2839 2261 2896 diuo

327 2929 546 2984 adriano
592 2945 769 3004 usque
811 2928 878 2985 ad
919 2930 1298 2987 numerianum
1351 2934 1645 3000 augustum
1688 2927 1754 2984 ab
1797 2925 2263 3000 historiographis

330 3015 534 3086 scripta
575 3012 812 3070 diuersis
869 3024 926 3070 et
965 3017 1140 3088 primo
1187 3015 1251 3070 de
1295 3016 1399 3071 iam
1443 3012 1588 3070 dicto
1620 3013 1797 3070 helius
1838 3011 2151 3087 spartianus
2181 3012 2266 3065 in—

330 3099 464 3171 cipit
505 3097 756 3160 feliciter,
834 3099 1038 3172 Origo?
1117 3099 1274 3174 Expl.
1320 3099 1654 3162 „contendas
1700 3099 1985 3156 feliciter’st
2056 3096 2117 3151 In
2159 3094 2267 3152 hoc

329 3199 439 3238 non
485 3181 660 3239 solum
692 3181 994 3240 Alexander
1035 3183 1130 3241 sed
1177 3187 1343 3241 etiam
1372 3181 1760 3258 Heliogabalus
1802 3183 1941 3241 falso
1974 3181 2266 3259 Spartiano

332 3266 642 3323 adtributus
674 3274 776 3324 est.
1090 3327 1104 3338 ,

462 3355 544 3408 10.
574 3355 760 3410 codex
786 3351 1101 3410 Vaticanus
1129 3371 1222 3410 nr.
1253 3356 1403 3410 1897
1432 3353 1889 3417 membranaceus,
1925 3369 2032 3410 sec.
2047 3350 2153 3407 XV.
2183 3349 2272 3405 In-

335 3438 469 3510 cipit
517 3439 907 3500 utVat.1898‚
961 3439 1085 3494 dein
1126 3439 1311 3512 pergit
1357 3446 1429 3502 ,et
1472 3441 1650 3513 primo
1697 3438 1763 3494 de
1804 3442 1910 3496 iam
1952 3438 2097 3495 dicto
2138 3435 2270 3491 diuo

337 3521 557 3580 adriano
617 3523 794 3580 helius
854 3525 1166 3596 >spartianus
1224 3526 1417 3600 incipit
1476 3523 1725 3581 feliciter.
1790 3524 1993 3597 Origo.’
2087 3518 2273 3595 Expl.:
