2517 3884
371 173 576 230 XXVIII
1143 171 1531 228 PRAEFATIO.

379 317 558 367 tamen
587 308 951 367 Alexandrum
981 308 1307 382 Lampridio,
1350 324 1463 364 non
1496 305 1785 381 Spartiano
1816 315 1879 364 ut
1910 307 2031 363 eod.
2063 307 2195 380 Reg.
2229 326 2319 365 nr.

370 397 509 450 5817
540 394 878 456 adtribuunt,
921 401 984 450 01
1025 392 1263 451 fortasse
1293 392 1420 450 fam.
1462 389 1539 449 Ψ
1562 392 1949 449 adnumerandi
1989 393 2099 448 sint
2128 391 2317 465 (catal.

278 531 284 536 .
373 496 490 554 reg.
522 479 612 536 1111
659 497 712 554 p.
758 480 858 533 159
903 485 958 533 et
1003 475 1149 549 160),
1193 476 1625 534 Malatestianum
1665 477 1806 551 plut.
1848 477 1939 532 XV
1970 493 2060 533 nr.
2101 481 2140 530 4
2204 476 2316 552 (ap.

373 563 620 622 Mucciol.
653 582 709 638 p.
738 561 826 636 90)
857 579 966 619 sec.
998 562 1103 626 XV,
1133 563 1194 618 in
1223 579 1333 636 quo
1364 562 1509 618 idem
1540 561 1677 618 illud
1706 561 2148 636 supplementum
2171 561 2324 621 Muc-

376 649 519 707 ciolo
550 649 689 722 legit
719 647 869 722 quod
898 649 955 702 in
985 646 1144 703 libris
1175 647 1303 704 fam.
1328 646 1392 702 Σ
1414 653 1544 720 post
1574 649 1722 703 uitas
1752 647 1965 704 Maximi
1994 646 2322 722 Balbinique

375 742 479 796 est,
521 731 988 796 Middlehillanum
1031 734 1168 786 2163
1210 747 1317 788 sec.
1350 731 1485 786 XIIII
1525 731 1820 788 membran.
1866 729 2107 804 (Haenel.
2156 731 2316 789 catal.

375 818 495 875 libr.
544 835 675 876 11133.
715 835 769 890 p.
811 815 954 889 462),
1003 815 1245 882 codicem
1286 817 1513 888 Regium
1554 833 1636 872 nr.
1681 819 1831 880 1750,
1873 817 1968 890 qui
2010 816 2321 890 fragmenta

375 902 668 977 Capitolini
711 900 984 976 Lampridi
1017 901 1290 975 Spartiani
1336 900 1572 958 Trebelli
1601 901 1816 975 Vopisci
1860 903 2105 961 continet
2137 899 2323 978 (catal.

378 988 446 1044 IIl
476 1005 527 1062 p.
561 979 780 1059 183).1⁸)
1622 1037 1651 1060 l

503 1072 700 1128 Omnes
733 1080 911 1128 tamen
940 1073 1267 1129 recentioris
1288 1078 1417 1126 sunt
1436 1073 1646 1133 aetatis,
1678 1078 1739 1128 ut
1761 1087 1973 1135 uerear,
1997 1079 2061 1127 ut
2082 1071 2317 1130 multum

375 1173 442 1214 ex
473 1158 551 1214 eis
585 1156 650 1214 ad
681 1157 850 1213 hosce
881 1158 1186 1230 scriptores
1218 1155 1584 1212 emendando-s
1614 1155 1897 1212 redundet.

505 1241 655 1309 Quae
695 1259 820 1300 cum
863 1241 940 1298 ita
971 1243 1098 1305 sint,
1142 1257 1285 1297 unos
1317 1240 1560 1298 omnium
1604 1241 1913 1314 sequendos
1948 1256 2069 1296 esse
2096 1241 2333 1304 codices,

374 1327 827 1400 Bambergensem
871 1333 929 1382 et
954 1325 1265 1384 Palatinum
1306 1325 1547 1400 adparet.
1592 1325 1787 1382 relicui
1828 1327 1972 1382 enim
2003 1327 2097 1399 qui
2127 1342 2319 1382 omnes

378 1414 680 1487 scriptores
713 1429 825 1468 non
856 1411 1112 1468 redactos
1143 1410 1198 1466 in
1231 1410 1599 1484 conpendium
1626 1413 1957 1472 contineant,
1991 1426 2337 1484 quamquam,

376 1514 493 1553 non
535 1505 665 1554 30111
704 1497 963 1569 descripti
997 1512 1060 1552 ex
1092 1494 1361 1551 alterutro
1393 1507 1601 1559 eorum,
1642 1503 1825 1551 tamen
1854 1494 2131 1553 fluxerunt
2158 1511 2224 1550 ex
2252 1495 2319 1550 li·

377 1581 511 1644 bris,
546 1583 641 1655 qui
671 1583 750 1638 eis
783 1589 940 1638 erant
971 1579 1233 1636 simillimi
1264 1578 1577 1653 eisdemque
1618 1579 1827 1637 lacunis
1858 1587 2021 1653 atque
2052 1579 2317 1652 grauibus

377 1667 590 1726 mendi-s
621 1674 778 1723 erant
806 1665 1073 1738 corrupti.
1117 1664 1215 1720 sed
1257 1681 1382 1720 cum
1412 1665 1469 1720 B
1498 1671 1553 1720 et
1581 1665 1636 1720 P
1672 1666 1951 1738 archetypi
1984 1665 2318 1737 scripturam

377 1751 498 1808 fere
541 1753 811 1824 integram
855 1751 1217 1810 seruauerint,
1259 1751 1431 1806 ceteri
1470 1751 1711 1822 exceptis
1755 1749 2035 1806 codicibus
2080 1748 2317 1813 duobus,

379 1853 523 1911 quos
567 1842 766 1909 quarto
809 1835 1112 1908 quintoque
1140 1832 1265 1890 loco
1308 1833 1613 1907 posuimus,
1658 1842 1721 1891 ut
1762 1835 2053 1906 genuinam
2082 1834 2320 1908 scriptu·

379 1936 497 1976 ram
530 1918 744 1992 aliquot
789 1918 928 1974 locis
959 1934 1054 1974 003
1086 1933 1309 1974 3010310
1350 1918 1603 1991 potuisse
1634 1936 1665 1976 3
1693 1935 1829 1977 0010
1860 1935 1972 1975 non
2000 1918 2317 1990 abhorreat,

379 2012 563 2062 tamen
616 2011 767 2063 tanta
818 2001 1043 2058 libidine
1095 2003 1331 2060 correcti
1382 2009 1549 2077 atque
1592 2003 1789 2061 mutati
1832 2011 1978 2065 sunt,
2020 2011 2085 2060 ut
2124 2020 2319 2061 eorum

376 2089 678 2146 auctoritas
723 2080 954 2162 prorsus
997 2087 1147 2144 nulla
1181 2087 1280 2151 sit,
1322 2105 1445 2144 cum
1488 2088 1799 2147 discernere
1828 2104 2085 2161 nequeas,
2130 2096 2319 2145 utrum

379 2190 444 2230 03
475 2175 748 2247 scriptura
779 2189 918 2246 quae
948 2172 1089 2228 haud
1121 2173 1517 2230 contemnenda
1539 2175 1810 2237 uideatur,
1844 2191 1875 2230 a
1896 2174 2165 2246 scriptore
2190 2175 2319 2247 ipso

378 2274 449 2314 an
479 2257 547 2313 ab
577 2256 972 2330 interpolatore
1003 2258 1253 2331 prolecta⁴
1281 2259 1371 2313 sit.
1404 2259 1598 2315 eodem
1629 2261 1685 2314 in
1714 2275 1943 2315 numero
1977 2257 2138 2314 etiam
2168 2259 2318 2315 codi-

379 2357 500 2398 cem
529 2341 848 2398 Vaticanum
891 2357 974 2397 nr.
1008 2343 1160 2403 1899,
1206 2343 1301 2415 qui
1346 2344 1486 2398 inter
1524 2344 1690 2400 hosce
1720 2342 1879 2398 facile
1908 2341 2321 2416 praestantissi-

379 2443 502 2482 mus
535 2432 636 2488 est,
689 2441 812 2481 esse
856 2424 1162 2481 habendum
1206 2427 1314 2482 iam
1347 2443 1513 2500 supra
1544 2428 1913 2500 exposuimus,
1957 2433 2122 2498 atque
2152 2429 2318 2491 ejjam

381 2509 588 2568 codicis
621 2508 861 2565 Vaticani
893 2511 1025 2563 5301
1059 2507 1132 2581 (4)
1164 2517 1220 2565 et
1247 2509 1595 2566 Ambrosiani
1622 2511 1669 2565 A
1698 2512 1801 2564 269
1832 2508 1927 2564 inf.
1961 2507 2034 2580 (5)
2077 2512 2321 2568 auctori-

379 2602 524 2651 tates
554 2593 786 2649 multum
819 2593 1011 2649 cedere
1040 2594 1097 2649 B
1126 2601 1182 2649 et
1209 2595 1279 2658 P,
1311 2602 1694 2668 praeterquam
1738 2593 1885 2667 quod
1916 2595 2107 2650 aetatis
2138 2595 2317 2652 multo

379 2677 708 2735 recentioris
740 2685 886 2739 sunt.
920 2678 1043 2733 inde
1074 2678 1391 2752 conligitur,
1434 2678 1580 2751 quod
1610 2681 1769 2735 etiam
1801 2677 1969 2734 hosce
2000 2679 2057 2734 in
2091 2680 2318 2753 quibus-

381 2763 505 2820 dam
536 2761 700 2818 rebus
730 2778 948 2818 manum
978 2762 1393 2838 interpolatoris
1418 2779 1549 2836 prae
1572 2779 1631 2819 se
1655 2763 1801 2819 serre
1824 2779 1990 2837 supra
2013 2762 2316 2822 docuimus,

379 2847 459 2904 ita
500 2854 712 2904 tantum
752 2863 944 2904 eorum
985 2845 1145 2903 fidem
1187 2849 1241 2904 in
1284 2846 1586 2904 subsidium
1614 2849 1829 2911 uocaui,
1858 2856 1923 2906 ut
1952 2849 2232 2907 codicibus
2262 2850 2319 2906 B

379 2939 438 2987 et
465 2931 520 2987 P
559 2930 704 2988 inter
747 2949 806 2988 se
848 2931 1283 3005 discrepantibus
1337 2947 1471 2997 eam
1508 2931 1853 3008 scripturam,
1906 2950 2029 2990 cum
2079 2941 2318 3008 utraque

371 3015 516 3072 ‘ferri
562 3023 770 3091 posset,
816 3019 872 3073 in
904 3024 1110 3074 textum
1141 3019 1529 3092 reciperemus,
1572 3021 1661 3076 cui
1704 3019 1869 3076 editio
1901 3019 2319 3075 Mediolanensis

383 3099 523 3170 (M),
560 3117 719 3175 quam
751 3103 938 3160 Bonus
967 3103 1263 3160 Aecursius
1294 3103 1481 3162 codice
1504 3102 1762 3162 Vaticano
1797 3121 1929 3161 usus
1960 3105 2191 3166 curauit,
2224 3105 2318 3160 ad-

375 3186 762 3261 stipularetur.

509 3277 554 3326 A
587 3289 694 3345 qua
725 3272 940 3329 ratione
971 3275 1026 3330 in
1056 3273 1220 3332 rebus
1244 3274 1685 3347 orthographicis
1719 3270 2102 3330 discedendum
2126 3272 2315 3335 fuisse,

521 3469 606 3536 18)
642 3471 708 3522 In
739 3488 931 3524 museo
963 3473 1287 3524 Britannico
1332 3473 1577 3522 codicem
1620 3472 1812 3522 horum
1857 3471 2187 3537 scriptorum
2219 3471 2317 3521 ad-

381 3541 596 3588 seruari
620 3539 890 3591 Iodranus
914 3544 972 3590 in
995 3543 1231 3605 praefat,
1253 3558 1309 3606 p.
1334 3539 1416 3590 XI
1448 3555 1535 3589 me
1562 3539 1761 3592 docuit.
