2517 3884
891 1018 1152 1110 IVLII
1205 1020 1817 1098 CAPITOLINI
1923 1022 1934 1033 ·

936 1320 940 1324 ,
1023 1227 1118 1327 V
1171 1228 1405 1325 ER
1456 1226 1549 1327 V
1603 1227 1668 1325 S

309 1502 344 1566 1
507 1502 662 1571 Scio,
695 1500 1021 1581 plerosque
1051 1499 1133 1562 ita
1163 1501 1349 1561 uitam
1381 1499 1565 1562 Marci
1604 1519 1673 1562 ae
1704 1502 1844 1562 Veri
1884 1501 2101 1562 litteris
2142 1509 2323 1582 atque

379 1587 670 1649 historiae
702 1585 1014 1646 dedicasse
1045 1591 1114 1647 ut
1141 1585 1408 1686 priorem
1435 1587 1654 1647 Verum
1687 1586 2081 1648 intimandum
2102 1581 2322 1665 legen-

380 1672 539 1734 tibus
573 1672 806 1746 darent,
841 1689 963 1732 non
995 1661 1341 1752 imperandi
1363 1674 1603 1732 secutos
1648 1671 1921 1732 ordinem
1966 1671 2072 1732 sed
2103 1673 2318 1734 uiuen·
2372 1684 2396 1724 5

313 1769 346 1818 2
382 1758 471 1819 di:
519 1775 630 1835 ego
673 1774 856 1826 uero,
903 1755 1063 1834 quod
1094 1757 1271 1856 prior
1293 1756 1576 1818 Marcus
1558 1774 1859 1856 imperare
1902 1759 2129 1837 coepit,
2180 1757 2322 1818 dein

382 1845 603 1912 VeruS,
639 1843 742 1919 qui
775 1842 1097 1921 superstite
1127 1833 1289 1922 perit
1316 1841 1546 1912 Marco,
1579 1843 1846 1922 priorem
1876 1843 2170 1912 Marcum,
2218 1843 2321 1904 de-

381 1928 524 1989 hinc
555 1929 773 1988 Verum
809 1926 1039 1988 credidi
1070 1925 1515 1989 celebrandum.

313 2025 346 2074 3
508 2012 701 2091 Igitur
741 2011 960 2073 Lucsus
1004 2011 1283 2073 Ceionius
1325 2011 1525 2073 Aelius
1566 2011 1925 2074 Commodus
1966 2012 2157 2074 Verus
2200 2014 2317 2075 An·

380 2100 640 2168 toninus,
677 2098 775 2176 qui
811 2115 885 2158 ex
915 2097 1198 2159 Hadriani
1237 2095 1548 2158 uoluntate
1589 2096 1791 2159 Aelius
1832 2095 2162 2177 appellatus
2209 2105 2316 2167 est,
2348 2112 2393 2150 10

384 2203 457 2244 ex
486 2184 769 2245 Antonini
801 2184 1220 2244 coniunctione
1250 2183 1443 2244 Verus
1469 2189 1527 2243 et
1547 2184 1898 2266 AntoninuS,
1932 2201 2127 2263 neque
2155 2185 2322 2254 inter

277 2262 347 2330 '4
383 2267 574 2331 bonos
614 2285 810 2348 neque
853 2268 1008 2328 inter
1051 2267 1242 2328 malos
1284 2269 1587 2348 principes
1625 2269 1889 2346 ponitur.
1951 2287 2127 2348 quem
2172 2287 2318 2330 con-

383 2360 500 2414 stat
549 2371 672 2413 non
722 2351 1096 2412 inhorruisse
1154 2353 1347 2420 uitiis,
1404 2370 1523 2412 non
1576 2351 1910 2412 abundasse
1965 2353 2315 2422 uirtutibus,

381 2439 602 2500 uixisse
633 2436 849 2497 deinde
879 2455 1000 2498 non
1029 2438 1089 2497 in
1123 2454 1231 2497 suo
1262 2435 1454 2496 libero
1486 2437 1823 2516 principatu
1852 2437 1955 2498 sed
1983 2436 2099 2517 suh
2115 2438 2319 2500 Marco

381 2524 444 2584 in
477 2521 654 2583 simili
683 2539 751 2582 ac
780 2523 943 2601 paris
973 2522 1299 2582 maiestatis
1324 2523 1613 2599 imperio,
1648 2539 1679 2581 a
1725 2522 1893 2582 cuius
1935 2529 2097 2582 secta
2138 2521 2318 2585 lasci·
2347 2537 2392 2577 15
2476 2555 2479 2578 ι

313 2622 346 2671 5
381 2609 477 2669 uia
519 2624 752 2667 morum
803 2613 863 2666 et
901 2607 1060 2666 uitae
1099 2604 1426 2667 licentioris
1468 2607 1773 2666 nimietate
1816 2605 2112 2667 dissensit.
2190 2617 2319 2670 erat

384 2693 545 2755 enim
587 2709 826 2753 morum
870 2690 1231 2770 simplicium
1275 2691 1468 2768 etqui
1499 2690 1859 2752 adumbrare
1902 2690 2049 2752 nihil
2090 2703 2314 2772 posset.

315 2791 348 2841 6
382 2778 535 2840 Huic
561 2775 848 2838 naturalis
877 2783 1050 2856 pater
1079 2777 1191 2837 fuit
1217 2775 1433 2837 Lucius
1463 2775 1669 2837 Helius
1703 2775 1917 2847 Verus,
1958 2779 2062 2857 qui
2091 2778 2164 2838 ab
2197 2778 2314 2839 Ha·
2475 2831 2476 2850 ἶ

382 2863 591 2925 driano
632 2861 946 2943 adoptatus
985 2863 1215 2941 primus
1260 2861 1479 2922 Caesar
1534 2867 1625 2921 est
1666 2861 1863 2924 dictus
1905 2870 1964 2924 et
2002 2864 2062 2923 in
2106 2863 2317 2924 eadem
2474 2855 2476 2921 4

316 2964 346 3013 ’1
385 2949 636 3010 statione
671 2948 1026 3009 constitutus
1054 2948 1228 3027 perit.
1293 2948 1391 3008 aui
1421 2965 1489 3008 ac
1518 2949 1729 3026 proaui
1773 2953 1833 3008 et
1868 2949 2012 3009 item
2054 2949 2316 3009 maiores
2344 2963 2391 3002 20

313 3047 347 3098 8
381 3032 627 3113 plurimi
657 3032 1021 3094 consulares.
1085 3032 1275 3094 Natus
1307 3039 1399 3094 est
1427 3031 1644 3095 Lucius
1673 3032 1900 3094 Romae
1940 3034 1999 3093 in
2030 3041 2315 3112 praetura

380 3119 567 3198 patris
623 3119 717 3178 sui
760 3117 948 3180 XVIII
995 3115 1076 3180 kl.
1119 3117 1529 3180 Ianuariarum
1574 3117 1671 3180 die
1712 3135 1832 3196 quo
1874 3125 1935 3180 et
1973 3117 2163 3188 Nero,
2212 3119 2316 3198 qui

480 3271 512 3320 5
537 3273 765 3320 secutus
785 3270 838 3319 B
862 3275 1086 3322 secutos
1108 3269 1180 3321 Pl
1204 3272 1413 3322 secutis
1436 3269 1509 3321 P²
1542 3271 1723 3322 secuti
1746 3275 1875 3322 sunt
1898 3271 1967 3321 M
2099 3272 2163 3321 10
2188 3285 2314 3320 eae-

377 3335 486 3388 lius
508 3337 561 3386 B
579 3335 808 3400 [laelius
829 3340 883 3388 P
987 3341 1052 3391 13
1075 3339 1416 3392 inhorruisse
1440 3337 1565 3390 B¹P
1587 3338 1646 3402 (t.
1672 3339 1845 3401 Iord.)
1954 3338 2311 3390 habundasse

376 3405 428 3456 B
567 3407 633 3456 14
653 3405 828 3457 libere
852 3405 922 3456 B¹
1037 3410 1101 3459 15
1126 3408 1249 3474 pari
1272 3407 1449 3460 BPM.
1475 3423 1565 3458 em.
1592 3407 1636 3457 S
1768 3424 1805 3458 a
1826 3407 2063 3458 lasciuia
2087 3407 2191 3456 BP

378 3475 441 3524 17
467 3473 774 3592 simplifflm
795 3476 847 3525 P
870 3473 1127 3541 (t.10rd.)
1271 3478 1335 3529 18
1359 3473 1607 3526 nam-alis
1629 3475 1682 3524 B
1712 3475 1921 3528 natalis
1944 3477 1995 3527 P
2128 3476 2194 3525 22
2230 3475 2311 3525 ia-

376 3557 626 3594 nuanum
