2517 3884
399 165 518 229 128
999 168 1337 226 TREBELLll
1382 167 1722 225 POLLlONlS

395 337 506 399 hos
533 335 710 399 breui
738 343 1010 415 tempore
1041 334 1303 403 adtriuit,
1344 334 1418 393 de
1447 333 1541 394 his
1573 335 1669 393 uix
1702 331 1930 412 aliquos
1961 332 2037 393 ad
2066 335 2329 413 patrium

396 422 590 484 solum
629 421 831 482 redire
865 420 1158 500 permisit.
1235 436 1416 496 rogo,
1467 426 1754 496 quantum
1798 419 2059 497 pretium
2090 425 2178 481 est
2206 418 2329 499 cly-

393 508 637 587 peusin
669 508 835 567 curia
875 511 1073 565 tantae
1118 504 1445 565 uictoriae?
1504 510 1789 583 quantum
1828 521 1949 565 una
1987 522 2170 565 aurea
2208 511 2329 565 sta-

329 603 358 651 7
395 593 535 653 tua?
594 590 738 651 dicit
775 590 1000 650 Ennius
1031 588 1105 649 de
1137 588 1445 667 Scipione:
1491 588 1829 660 „Quantam
1868 594 2127 649 statuam
2155 589 2335 649 faciet

396 676 788 757 populus·R.‚
835 681 1116 753 quantam
1147 672 1513 743 columnam,
1548 691 1696 753 quae
1725 682 1825 734 res
1854 680 1988 733 tuas
2018 680 2212 752 gestas
2240 672 2332 733 lo·
2382 690 2406 730 5
2496 700 2498 725 2

328 772 360 821 8
398 762 696 839 quatur?“
749 764 1076 838 ‘possumus
1117 758 1351 827 dicere,
1397 757 1667 819 Flauium
1699 757 2041 828 Claudium,
2091 760 2333 819 unicum
2495 748 2498 765 ’

394 847 457 908 in
488 846 668 906 terris
697 845 1052 923 principem,
1095 862 1222 905 non
1249 842 1569 913 columnis,
1612 862 1733 905 non
1762 844 1975 904 statuis
2006 843 2113 905 sed
2142 844 2335 905 famae

395 929 626 992 uiribus
661 930 948 1000 adiuuari.
1137 932 1144 938 '

324 1014 364 1079 8
521 1014 876 1076 Habuerunt
932 1019 1245 1092 praeterea
1306 1012 1427 1073 duo
1478 1011 1642 1073 milia
1692 1012 1970 1083 nauium,
2033 1011 2334 1093 duplicem

397 1098 625 1161 scilicet
665 1117 986 1161 numerum
1038 1117 1217 1178 quam
1258 1098 1467 1167 illum,
1512 1115 1630 1175 quo
1671 1104 1794 1158 tota
1827 1099 2059 1177 pariter
2088 1099 2335 1160 Graecia
2362 1117 2408 1155 ιο
2496 1142 2498 1145 Α

397 1187 708 1263 omnisque
739 1182 1045 1244 Thessalia
1092 1183 1273 1245 urbes
1312 1184 1485 1244 Asiae
1529 1181 1827 1262 quondam
1859 1200 2203 1263 expugnare
2232 1200 2337 1244 eo-

395 1278 533 1334 nata
567 1278 674 1331 est.
711 1268 820 1330 sed
851 1267 1000 1330 illud
1030 1270 1309 1347 poeticus·
1333 1268 1505 1328 stilus
1534 1268 1719 1345 fingit,
1754 1266 1867 1328 hoc
1897 1286 2043 1329 uera
2073 1268 2339 1328 continet

331 1368 362 1416 2
396 1355 662 1416 historia.
741 1353 984 1416 Claudio
1037 1354 1218 1431 igitur
1272 1355 1598 1431 scriptores
1655 1350 1999 1422 adulamur,
2064 1354 2166 1430 qui
2214 1351 2335 1413 duo

397 1439 560 1500 milia
602 1440 842 1499 nauium
885 1436 1278 1499 barbararum
1310 1444 1371 1498 et
1402 1444 1664 1498 trecenta
1708 1438 1922 1515 uiginti
1950 1436 2114 1499 milia
2142 1456 2334 1498 arma-
2496 1504 2498 1513 Ι

398 1530 597 1584 torum
629 1522 855 1583 deleuit
885 1524 1187 1602 oppressit
1229 1522 1505 1592 adtriuit,
1561 1523 1665 1598 qui
1706 1524 2083 1600 carraginem
2113 1529 2333 1583 tantam
2360 1539 2405 1579 ιε

400 1614 681 1685 quantam
729 1624 1020 1667 numerus
1060 1606 1157 1666 hic
1199 1615 1569 1669 armatorum
1616 1605 1856 1674 sibimet
1896 1614 2103 1686 aptare
2144 1608 2337 1687 potuit

400 1699 459 1751 et
489 1709 701 1769 parare
735 1709 894 1751 nunc
924 1690 1167 1751 incendi
1211 1692 1385 1763 fecit,
1435 1710 1597 1752 nunc
1626 1709 1762 1753 cum
1793 1691 2073 1753 omnihus
2103 1690 2334 1753 familiis

331 1788 363 1837 3
397 1777 666 1838 Romano
709 1776 958 1837 seruitio
999 1775 1331 1855 deputauit.
1389 1782 1456 1837 ut
1486 1776 1737 1837 docetur
1766 1775 2038 1838 eiusdem
2070 1776 2332 1855 epistola,

400 1878 576 1939 quam
609 1860 682 1922 ad
711 1860 944 1921 Iunium
975 1861 1313 1922 Brocchum
1344 1862 1586 1940 scripsit
1614 1854 1917 1941 Illyricum
1947 1868 2242 1923 tuentem:

331 1957 366 2005 4
1042 1946 1368 2016 „Claudius
1398 1945 1687 2007 Broccho.
1880 2007 1887 2013 ,
2356 1963 2402 2002 2⁰

527 2028 874 2091 Deleuimus
914 2036 1181 2093 trecenta
1212 2032 1426 2109 uiginti
1468 2030 1629 2091 milia
1670 2028 2031 2100 Gothorum,
2076 2029 2192 2091 duo
2220 2031 2329 2090 mi·

279 2190 287 2202 Ι
333 2127 364 2176 5
401 2113 478 2176 lia
508 2117 752 2175 nauium
784 2117 1122 2177 mersimus,
1182 2122 1341 2177 tecta
1371 2122 1511 2176 sunt
1542 2115 1783 2179 flumina
1812 2117 2020 2186 scutis,
2066 2116 2245 2195 spatis
2276 2121 2333 2175 et

355 2252 360 2257 .
398 2200 682 2261 lanceolis
729 2202 926 2260 omnia
968 2199 1142 2261 litora
1189 2202 1561 2280 operiuntur.
1636 2202 1832 2279 campi
1874 2200 2113 2261 ossibus
2152 2199 2333 2261 latent

400 2286 569 2353 tecti,
613 2284 842 2345 nullum
874 2287 988 2346 iter
1019 2304 1237 2364 purum
1272 2292 1388 2354 est,
1435 2288 1649 2363 ingens
1679 2302 1926 2363 carrago
1958 2284 2195 2347 deserta
2224 2292 2327 2345 est.

333 2381 364 2430 6
399 2376 628 2429 tantum
680 2368 1001 2431 mulierum
1054 2372 1323 2448 cepimus
1366 2377 1434 2430 ut
1477 2370 1645 2431 binas
1687 2377 1746 2432 et
1793 2378 1999 2431 ternas
2052 2369 2402 2432 muliereszs

399 2454 594 2515 uictor
625 2452 740 2513 sibi
771 2453 943 2513 miles
975 2456 1164 2532 possit
1194 2454 1589 2532 adiungere.“

331 2537 370 2601 9
525 2538 601 2598 Et
631 2538 853 2598 utinam
889 2537 1224 2599 Gallienum
1253 2558 1373 2599 non
1418 2547 1579 2601 esset
1616 2558 1789 2620 passa
1830 2558 1933 2601 res
1959 2540 2055 2619 p.!
2115 2540 2335 2600 utinam

401 2630 705 2683 sescentos
739 2628 1020 2701 tyrannos
1044 2642 1160 2684 non
1192 2623 1573 2702 pertulisset!
1638 2625 1824 2685 saluis
1852 2623 2144 2687 militibus
2185 2643 2335 2705 quos

401 2708 564 2768 uaria
595 2706 820 2786 proelia
852 2706 1240 2777 sustulerunt,
1276 2708 1456 2770 saluis
1485 2708 1821 2788 legionibus
1850 2727 1999 2789 quas
2031 2708 2336 2771 Gallienus
2493 2758 2494 2793 ζ

333 2806 364 2853 2
401 2791 553 2854 male
584 2794 778 2853 uictor
809 2791 1042 2862 occidit,
1071 2801 1363 2873 quantum
1394 2802 1551 2856 esset
1580 2795 1847 2858 additum
1875 2797 1965 2856 rei
1988 2792 2083 2874 ΡΛ
2124 2796 2179 2855 si
2210 2795 2337 2873 qui-
2361 2812 2405 2851 so
2492 2832 2495 2965 x

539 2946 565 2993 1
603 2944 842 3009 patriam
870 2941 1000 2993 BP¹
1029 2942 1188 3007 (corr.
1214 2944 1317 3009 ΡΒ)
1476 2948 1507 2997 2
1543 2946 1790 3011 precium
1812 2946 1915 2996 BP
2070 2948 2106 2997 4
2127 2943 2341 2997 Ennius

401 3028 485 3075 ap.
515 3012 727 3062 Vahlen.
750 3028 803 3076 p.
817 3015 915 3061 156
939 3010 1136 3075 (Satur.
1157 3014 1233 3077 fr.
1257 3031 1308 3063 u.
1336 3016 1402 3063 16
1424 3020 1476 3064 et
1500 3014 1611 3078 1⁷).
1635 3016 1987 3065 Lachmannus
2010 3015 2063 3064 in
2080 3021 2338 3065 comment.

401 3080 714 3131 Luc-retiano
733 3096 789 3144 p.
819 3082 921 3128 206
943 3080 1036 3131 hos
1068 3098 1248 3133 uersus
1271 3086 1345 3132 ita
1366 3085 1618 3133 restituit:
1649 3084 1829 3145 Quam
1854 3086 2069 3132 tantam
2094 3086 2340 3132 statuam

404 3150 617 3197 statuet
649 3147 886 3212 populus
920 3150 1202 3201 Romanus
1247 3146 1272 3217 [Ι
1318 3152 1565 3214 Quamne
1603 3150 1931 3213 columnam,
1970 3165 2113 3215 quae
2156 3154 2217 3199 te
2252 3164 2341 3199 res

401 3219 700 3279 gestasque
724 3216 1018 3281 loquatur?
1067 3215 1232 3283 (quae
1257 3223 1426 3283 teque
1461 3223 1518 3269 et
1555 3221 1651 3268 tua
1678 3223 1839 3283 gesta
1862 3218 1971 3283 loq.
2006 3218 2267 3268 Vahlenus
2286 3221 2341 3267 in
2491 3248 2492 3255 κ

399 3284 585 3333 ceteris
599 3284 970 3335 Lac-lemannum
991 3286 1213 3350 secutus)
1310 3290 1338 3337 7
1365 3302 1475 3337 non
1500 3284 1791 3338 concol.B¹
1884 3288 1949 3336 10
1974 3301 2082 3351 qua
2107 3284 2277 3336 BPM

401 3354 536 3414 quot
561 3354 654 3400 eta
677 3350 802 3401 BP¹
901 3355 963 3403 13
988 3352 1279 3405 adulamus
1303 3356 1353 3404 P
1372 3362 1409 3403 t.
1425 3355 1571 3406 Iord.
1669 3354 1733 3405 14
1756 3354 1976 3419 uiginta
2000 3352 2071 3403 B¹
2166 3357 2233 3405 17
2260 3354 2343 3402 in-

403 3417 600 3468 cendia
627 3419 765 3469 fecit
789 3420 948 3477 BPM
971 3422 1349 3473 incendefecit
1374 3423 1460 3475 Gr.
1564 3424 1632 3472 24
1655 3420 1813 3487 teeti]
1842 3422 2061 3473 ossibus
2084 3418 2157 3471 B¹
2255 3425 2341 3471 est

400 3490 452 3535 in
475 3485 527 3534 B
549 3501 590 3536 ε.
620 3489 654 3537 l.
725 3493 978 3555 cartago
1001 3489 1076 3539 B²
1165 3492 1230 3541 26
1257 3491 1306 3541 si
1328 3488 1455 3539 BP¹
1485 3488 1644 3553 (corr.
1665 3488 1767 3554 P3)
1857 3491 1925 3541 28
1950 3503 2245 3541 sescensos
2271 3488 2339 3537 Βι
