2517 3884
391 215 472 279 18
1086 219 1216 277 IVLI
1258 218 1628 276 CAPITOLINI

289 389 369 452 21
395 389 661 450 omnium
687 387 906 448 iudicio
938 385 1165 448 haberi.
1243 388 1438 447 acrior
1470 385 1727 462 denique
1758 383 1990 445 Italiam
2016 384 2335 463 ingressus

395 484 504 535 est.
578 473 682 534 ubi
713 491 848 533 cum
878 474 1308 552 comperisset,
1342 471 1659 532 Maximum
1692 478 1898 531 contra
1944 488 2011 530 se
2053 472 2330 541 missum,

391 559 805 620 uehementius
860 559 1138 618 saeuiens
1181 556 1469 634 quadrato
1500 558 1733 634 agmine
1762 555 2102 638 Hemonam·
2139 559 2326 620 uenit.

324 659 355 706 2
396 645 502 705 sed
529 642 989 723 prouincialium
1021 644 1285 702 omnium
1328 641 1643 704 consilium
1684 640 1799 702 hoc
1839 643 1983 710 fuit,
2027 648 2091 702 ut
2133 640 2332 702 subla-

391 732 470 791 tis
503 747 653 806 quae
682 727 904 789 uictum
937 727 1230 806 praehere
1280 735 1526 806 possent
1570 728 1733 787 ‘intra
1764 727 2033 787 ciuitates
2072 745 2145 787 se
2174 729 2333 788 reci·
2390 745 2421 785 5

325 832 360 878 3
393 821 628 895 perent,
660 821 727 875 ut
755 813 1112 873 Maximinus
1145 831 1278 873 cum
1312 812 1579 873 exercitu
1608 813 1765 873 fame
1795 819 2175 890 urgueretur.
2227 811 2334 873 de·

394 902 580 977 nique
609 898 712 959 ubi
741 899 1005 978 primum
1061 905 1257 959 castra
1306 900 1368 959 in
1423 916 1635 976 campo
1667 897 1869 976 posuit
1922 914 2118 974 neque
2170 898 2335 977 quic-

398 1001 574 1062 quam
605 990 1042 1044 commeatuum
1072 985 1394 1062 repperit,x
1418 985 1703 1044 incensus
1745 990 1953 1044 contra
1986 1000 2123 1044 eum
2156 1000 2332 1044 exer-

397 1073 548 1130 citus
580 1087 754 1138 suus,
819 1068 974 1146 quod
1018 1069 1172 1128 fame
1213 1070 1278 1128 in
1320 1067 1484 1129 Italia
1540 1067 1874 1138 laboraret,
1936 1069 1998 1128 in
2041 1084 2158 1145 qua
2198 1076 2338 1148 post

393 1155 573 1235 Alpes
613 1156 876 1216 recreari
920 1171 984 1216 se
1029 1171 1212 1233 posse
1267 1153 1574 1222 credebat,
1635 1171 2013 1215 murmurare
2071 1154 2337 1233 primum
2369 1173 2419 1211 ιο

326 1256 358 1302 4
396 1241 623 1320 coepit,
689 1239 906 1300 deinde
968 1240 1144 1300 etiam
1204 1237 1399 1315 aliqua
1456 1237 1647 1299 libere
1707 1238 1927 1299 dicere.
2004 1238 2154 1300 haec
2196 1258 2337 1300 cum

391 1326 577 1386 uellet
605 1325 935 1394 uindicare,
969 1323 1220 1385 multum
1251 1325 1473 1384 exarsit
1518 1325 1815 1384 exercitus
1859 1331 1917 1384 et
1960 1324 2160 1384 odium
2190 1327 2337 1386 taci-

395 1421 518 1472 tum
551 1412 614 1470 in
645 1417 884 1488 tempus
945 1408 1203 1478 distulit,
1267 1408 1424 1486 quod
1482 1408 1617 1469 loco
1664 1427 1773 1470 suo
1814 1410 2009 1470 statim
2049 1409 2333 1489 prodidit.

329 1513 358 1558 5
395 1496 666 1576 plerique
700 1511 846 1554 sane
878 1493 1100 1564 dicunt,
1134 1495 1328 1574 ipsam
1358 1494 1692 1556 Hemonam
1734 1512 1985 1555 uacuam
2030 1503 2087 1556 et
2129 1496 2334 1556 deser·

393 1589 514 1641 tam
545 1581 854 1640 inuentam
885 1597 1018 1640 esse
1044 1579 1429 1648 aMaximino,
1460 1579 1637 1641 stulte
1660 1580 1937 1649 laetante,
1973 1580 2131 1660 quod
2164 1584 2336 1658 quasi
2367 1599 2415 1639 ιε»

327 1680 358 1727 6
397 1665 510 1726 sibi
542 1666 751 1725 ciuitas
782 1671 907 1725 tota
939 1665 1240 1725 cessisset.
1288 1672 1427 1744 post
1458 1664 1573 1725 hoc
1601 1665 1931 1742 Aquileiam
1964 1667 2149 1735 uenit,
2185 1683 2337 1744 quae.

397 1757 605 1810 contra
639 1767 771 1809 eum
805 1751 1051 1812 armatis
1093 1751 1250 1812 circa
1282 1769 1491 1811 muros
1522 1750 1833 1830 dispositis
1864 1759 2069 1830 portas
2102 1750 2334 1822 clausit,

395 1853 508 1896 nec
539 1837 938 1915 propugnatio
969 1834 1156 1897 defuit
1184 1835 1483 1896 Menofilio
1519 1843 1577 1896 et
1609 1836 1885 1916 Crispino
1918 1836 2336 1898 consularibus

391 1921 538 1982 uiris
571 1920 933 1982 auctoribus.

289 2007 374 2070 22
523 2005 667 2066 Cum
722 2007 904 2084 igitur
961 2006 1188 2067 frustra
1246 2005 1552 2066 obsideret
1581 2005 1912 2085 Aquileiam
1952 2007 2329 2077 MaximinuS,
2360 2026 2409 2065 20

393 2091 623 2168 legatos
653 2093 718 2152 in
750 2091 1000 2152 eandem
1055 2091 1271 2152 urbem
1321 2093 1501 2152 misit.
1582 2090 1795 2168 quibus
1841 2091 2100 2171 populus
2142 2110 2339 2172 paene

395 2184 802 2246 consenserat,
835 2179 954 2236 nisi
980 2176 1313 2236 Menofilius
1345 2195 1483 2236 cum
1506 2174 1732 2254 collega
1762 2178 2081 2238 restitisset
2108 2177 2335 2249 dic-ens,

397 2263 576 2324 etiam
608 2260 1106 2322 deum¹Belenum
1151 2279 1265 2340 per
1293 2259 1649 2341 haruspices
1691 2262 2105 2341 respondisse,
2150 2263 2335 2324 Maxi-

327 2361 358 2408 2
395 2347 622 2405 minum
656 2363 791 2405 esse
821 2345 1204 2406 uincendum.
1287 2345 1445 2407 unde
1484 2348 1661 2407 etiam
1689 2353 1900 2426 postea
1930 2347 2337 2410 Maximiniani
2495 2419 2496 2431 χ

393 2429 614 2490 milites
645 2432 902 2490 iac-tasse
944 2430 1253 2500 dicuntur,
1287 2430 1622 2510 Apollinem
1668 2440 1877 2493 contra
1922 2451 1988 2494 se
2027 2451 2334 2512 pugnasse
2360 2451 2410 2491 25

396 2514 638 2583 debere,
683 2532 795 2576 nec
823 2514 985 2576 illam
1014 2515 1391 2594 Maximiani
1438 2525 1681 2578 senatus
1725 2517 1830 2578 sed
1863 2517 2111 2579 deorum
2143 2519 2333 2580 fuisse
2493 2515 2494 2531 ¹

327 2617 358 2665 3
395 2601 729 2661 uictoriam.
845 2601 1003 2679 quod
1074 2601 1316 2680 quidam
1375 2601 1599 2663 idcirco
1660 2602 1735 2663 ab
1785 2601 1879 2664 his
1936 2604 2163 2669 fictum.
2202 2623 2335 2666 esse

397 2684 632 2756 dicunt,
712 2686 879 2764 quod
943 2685 1382 2748 erubescebant
1430 2689 1639 2748 armati
1683 2689 1769 2748 sic
1806 2705 1999 2767 paene
2041 2689 2114 2750 ab
2166 2690 2331 2752 iner—

327 2788 362 2835 4
395 2770 592 2832 mibus
621 2772 784 2832 uicti.
864 2779 1048 2850 ponte
1077 2773 1277 2849 itaque
1310 2773 1477 2850 cupis
1507 2773 1664 2833 facto
1696 2772 2047 2835 Maximinus
2078 2773 2334 2836 fluuium

330 2872 362 2920 5
397 2858 678 2918 transiuit
730 2865 788 2918 et
836 2856 910 2917 de
961 2857 1233 2936 proximo
1264 2856 1595 2934 Aquileiam
1635 2858 1921 2938 opsidere
1946 2861 2159 2939 coepit.
2235 2862 2332 2920 in·
2359 2878 2408 2916 30

533 3077 559 3124 1
585 3075 852 3126 iudicium
873 3075 926 3124 B
1084 3079 1117 3128 8
1142 3093 1264 3126 cum
1291 3082 1347 3126 et
1378 3093 1543 3128 auum
1566 3078 1671 3127 BP
1714 3083 2052 3130 commeatus
2075 3079 2143 3129 M
2170 3095 2265 3131 em.
2293 3079 2337 3131 S

529 3144 797 3208 reperiret
822 3144 887 3194 M
1041 3147 1074 3196 9
1099 3145 1231 3210 quid
1254 3144 1329 3196 P¹
1489 3145 1800 3196 laborasset
1823 3147 1891 3208 M
2046 3149 2111 3198 12
2144 3145 2222 3214 et]
2262 3165 2334 3198 cm

395 3211 530 3261 sed?
669 3214 732 3262 16
758 3213 867 3262 sibi
890 3227 982 3263 om.
1007 3212 1075 3262 M
1206 3216 1271 3264 18
1296 3215 1639 3280 oppugnatio
1661 3215 1829 3266 BPM
1847 3231 1938 3266 em.
1963 3215 2004 3265 S
2139 3217 2335 3268 Meno·
2475 3209 2481 3238 ²

395 3278 546 3343 philo
568 3279 636 3329 M
789 3282 854 3330 20
879 3281 1058 3331 frusta.
1081 3281 1187 3332 BP
1341 3285 1406 3333 22
1430 3283 1541 3333 nisi
1565 3299 1657 3336 om.
1684 3281 1816 3334 BP1
1842 3282 1986 3348 (add.
2012 3281 2111 3350 1⁹³)
2262 3287 2335 3336 23

393 3347 652 3411 pondisse
676 3345 805 3397 B¹P
823 3349 1184 3413 spopondisse
1209 3350 1278 3400 M
1407 3351 1474 3400 24
1497 3351 1816 3402 maximiani
1831 3351 1935 3402 BP
1953 3351 2245 3403 Maximini
2270 3353 2335 3403 M

393 3431 484 3463 em.
511 3413 552 3462 S
685 3417 752 3466 25
776 3415 1115 3481 apopllinem
1136 3417 1206 3468 B¹
1356 3419 1423 3468 26
1446 3419 1738 3470 maximam
1760 3419 1865 3471 BP
1885 3428 1919 3470 c.
1946 3420 2096 3472 Iord.
2262 3423 2331 3473 27

394 3481 614 3546 quidem
639 3483 702 3533 M
837 3484 1048 3534 factum
1071 3485 1121 3534 B
1257 3487 1325 3537 28
1349 3487 1579 3537 armatis
1600 3487 1652 3538 B
1688 3487 1762 3551 (in
1783 3488 1834 3538 P
1857 3503 1883 3538 s
1906 3489 2068 3552 erae.)
2221 3487 2327 3554 sic]

393 3567 462 3599 an
486 3548 739 3601 scilicet?
877 3554 944 3602 30
970 3551 1056 3602 die
1085 3555 1331 3618 proximo
1356 3555 1611 3619 Eyssenh.
