2517 3884
375 185 462 252 94
1099 189 1250 248 AELI
1290 189 1600 248 LAMPle

377 361 488 428 nis,
525 361 630 437 qui
661 366 889 419 tantum
919 359 1145 436 potuit,
1179 355 1409 426 subito,
1458 357 1618 434 quod
1650 355 1807 418 bello
1840 357 2164 418 Brittanico
2196 361 2309 419 mi·

377 443 586 506 litibus
632 447 931 520 equestris
973 441 1091 502 loci
1129 444 1296 503 uiros
1334 443 1707 521 praefecerat
1760 443 1975 503 amotis
2016 446 2308 504 senatori·

376 529 522 597 bus,
567 528 803 608 prodita
845 545 912 588 re
955 545 1066 607 per
1107 526 1337 605 legatos
1381 529 1682 589 exercitus
1732 527 1923 589 hostis
1975 527 2311 607 appellatus

308 623 343 672 3
377 613 854 694 lacerandusque
891 611 1186 673 militibus
1225 619 1319 673 est
1360 612 1623 675 dedituS.
1694 614 1755 674 in
1798 614 1969 674 cuius
2008 615 2320 692 potentiae

306 707 343 756 4
377 700 576 761 locum
609 697 970 760 Cleandrum
1001 715 1076 758 ex
1107 696 1491 760 cubiculariis
1521 697 1889 776 subrogauit.
1950 697 2133 760 Multa
2164 717 2309 761 saue
2367 705 2400 747 5

377 792 518 866 post
543 784 928 844 interfectum
958 783 1296 844 Perennem
1328 785 1577 863 eiusque
1604 783 1791 844 filium
1825 785 2011 862 quasi·
2028 802 2062 845 a
2092 801 2157 844 se
2185 803 2309 846 non

311 877 347 927 5
379 878 546 950 gesta
573 867 838 938 rescidit,
860 864 1044 930 'uelut
1071 868 1140 928 in
1169 869 1473 948 integrum
1502 869 1846 930 restituens.
1902 864 2145 930 et-hanc
2175 871 2308 948 qui-

378 956 514 1016 dem
566 953 992 1034 paenitentiam
1044 952 1344 1016 scelerum
1388 953 1547 1015 ultra
1574 953 1736 1014 XXX
1767 954 1897 1016 dies
1936 962 2149 1016 tenere
2187 973 2311 1016 non

376 1041 604 1120 potuit,
637 1041 916 1116 grauiora
947 1056 1055 1115 per
1085 1037 1445 1100 Cleandrum
1472 1040 1699 1100 faciens
1730 1057 1905 1117 quam
1936 1039 2162 1101 fecerat
2199 1057 2313 1120 per

309 1133 342 1181 6
378 1143 560 1204 supra
589 1125 815 1186 dictum
845 1123 1200 1184 Perennem.
1255 1130 1316 1184 et
1354 1126 1417 1184 in
1447 1126 1713 1203 potentia
1746 1124 1987 1203 quidem
2018 1124 2309 1188 Cleander
2339 1140 2399 1179 10

377 1211 641 1272 Perenni
673 1216 1077 1278 successerat,
1109 1210 1172 1268 in
1202 1209 1581 1288 praefectura
1622 1228 1769 1272 uero
1800 1210 2014 1288 Niger,
2060 1214 2164 1288 qui
2205 1229 2311 1272 sex

287 1304 340 1375 ‚7
378 1305 608 1357 tantum
638 1294 808 1356 horis
832 1294 1024 1374 praef.
1055 1301 1246 1373 praet.
1282 1295 1476 1363 fuisse¹
1498 1294 1869 1374 perhibetur.
1925 1296 2313 1357 mutabantur

380 1383 538 1442 enim
577 1381 766 1459 praef.
813 1385 1002 1458 praet.
1047 1396 1159 1458 per
1200 1378 1383 1440 horas
1427 1397 1496 1440 ac
1537 1379 1684 1451 dies,
1734 1379 2058 1442 Commodo
2104 1383 2311 1461 peiora

311 1477 344 1526 8
380 1467 594 1534 omnia,
631 1481 810 1542 quam
839 1463 1064 1524 fecerat
1095 1469 1248 1532 ante,
1286 1466 1557 1525 faciente.
1622 1467 1734 1528 fuit
1762 1465 2019 1526 Marcius
2049 1467 2310 1538 Quartus

377 1550 718 1629 praefectus
749 1548 1052 1628 praetorio
1085 1547 1299 1609 diebus
1330 1551 1613 1628 quinque.
1675 1551 1892 1610 horum
1926 1566 2311 1612 successores
2339 1566 2399 1606 15

309 1646 342 1694 9
378 1634 450 1695 ad
483 1633 797 1696 arbitrium
827 1630 1104 1694 Cleandri
1146 1639 1248 1694 aut
1279 1635 1497 1694 retenti
1526 1642 1667 1694 sunt
1694 1643 1797 1695 aut
1826 1636 2027 1695 occisi.
2086 1636 2159 1696 ad
2202 1655 2309 1696 cu·

378 1722 474 1780 ius
503 1725 714 1779 nutum
761 1718 940 1778 etiam
987 1715 1251 1778 libertini
1279 1719 1342 1777 in
1386 1725 1659 1781 senatum
1701 1728 1880 1796 atque
1920 1720 1984 1778 in
2024 1723 2311 1798 patricios

376 1803 518 1866 lecti
549 1809 717 1873 sunt,
759 1809 1025 1881 tuncque
1066 1803 1329 1880 primum
1370 1804 1586 1882 uiginti
1626 1805 1891 1881 quinque
1925 1803 2215 1869 'consules
2242 1806 2308 1866 in

279 1899 344 1949 10
378 1907 566 1951 unum
619 1903 870 1957 annum,
924 1886 1327 1964 uenditaeque
1390 1906 1601 1950 omnes
1652 1889 2019 1969 prouinciae.
2110 1889 2305 1950 omnia
2508 1935 2510 1938 Α

380 1973 670 2036 Cleander
699 1974 952 2052 pecunia
981 1971 1358 2034 uenditabat:
1392 1980 1709 2035 reuocatos
1738 1974 1815 2034 de
1846 1972 2021 2036 exilio
2053 1975 2305 2054 dignita·
2335 1990 2395 2030 20

189 2112 195 2117 .
267 2070 339 2118 *11
377 2059 539 2120 tibus
569 2057 838 2129 ornabat,
871 2075 972 2120 res
1001 2057 1288 2120 iudicatas
1318 2059 1717 2121 rescindebat.
1779 2063 1883 2140 qui
1926 2066 2156 2122 tantum
2195 2079 2309 2141 per
2508 2069 2510 2076 '

379 2145 686 2206 stultitiam
721 2143 1027 2205 Commodi
1059 2146 1279 2224 potuit,
1314 2151 1383 2205 ut
1410 2145 1697 2226 Byrrum,
1743 2146 1971 2207 sororis
2000 2146 2310 2208 Commodi

377 2233 606 2298 uirum,
649 2227 1194 2308 reprehendentem
1233 2229 1731 2308 nuntiantemque
1774 2230 2097 2292 Commodo
2154 2249 2307 2310 quae

376 2313 600 2374 fiebant
625 2314 689 2372 in
721 2315 1122 2392 suspicionem
1157 2315 1329 2390 regni
1356 2315 1633 2375 adfectati
1674 2313 1941 2376 traheret
1982 2325 2041 2376 et
2070 2317 2304 2378 occide-

375 2407 471 2459 ret
509 2395 715 2458 multis
763 2397 922 2465 aliis,
968 2399 1072 2474 qui
1117 2398 1373 2478 Byrrum
1404 2398 1830 2468 defendebant,
1863 2401 2089 2478 pariter
2116 2403 2302 2460 inter·
2333 2415 2391 2455 25

276 2493 342 2541 12
379 2483 611 2561 emptis».
673 2482 1014 2560 praefectus
1045 2483 1223 2542 etiam
1253 2480 1621 2543 Aebutianus
1649 2485 1808 2542 inter
1838 2481 1949 2543 hos
1988 2490 2081 2545 est
2116 2486 2303 2545 inter·

379 2573 650 2647 emptus;
699 2567 762 2625 in
793 2568 964 2627 cuius
993 2564 1191 2626 locum
1219 2568 1352 2644 ipse
1382 2566 1673 2628 Cleander
1704 2585 1841 2628 cum
1888 2567 2019 2630 aliis
2048 2568 2303 2640 duobus,

277 2662 341 2710 13
378 2669 530 2730 quos
559 2652 688 2729 ipse
720 2649 1051 2729 delegerat,
1097 2652 1437 2730 praefectus
1482 2659 1573 2713 est
1611 2653 1823 2714 factuS.
1888 2661 2151 2734 tuncque
2180 2658 2304 2736 pri-

377 2754 542 2798 mum
572 2743 698 2796 tres
727 2737 1016 2815 praefecti
1047 2737 1353 2815 praetorio
1382 2738 1573 2808 fuere,
1606 2739 1764 2798 inter
1782 2757 1936 2817 quos
1966 2739 2301 2810 libertinus,
2504 2789 2506 2816 2

379 2815 480 2900 q'ui
511 2841 542 2883 a
572 2822 832 2901 pugione
863 2820 1194 2900 appellatus
1225 2829 1332 2883 est.
2332 2841 2385 2882 30
2504 2839 2506 2914 !

307 2905 342 2968 7
505 2907 622 2968 Sed
655 2913 716 2966 et
745 2905 1036 2968 Cleandro
1068 2906 1284 2985 dignus
1328 2908 1571 2969 tandem
1614 2910 1771 2970 uitae
1809 2910 1946 2970 finis
1985 2909 2297 2987 inpositus

376 3008 514 3052 nam
546 3010 681 3052 cum
711 2992 943 3054 insidiis
971 2991 1130 3054 illius
1158 2994 1369 3054 Arrius
1398 2995 1733 3056 Antoninus
1762 2994 1913 3055 fictis
1950 2991 2303 3055 criminibus

373 3078 436 3136 in
477 3076 657 3139 Attali
707 3079 992 3155 gratiam,
1047 3095 1225 3156 quem
1277 3079 1337 3138 in
1380 3079 1807 3158 proconsulatu
1845 3079 2017 3140 Asiae
2059 3077 2303 3139 damna·

481 3247 508 3294 1
543 3245 885 3296 brittannico
919 3247 971 3296 P
1103 3250 1136 3299 3
1164 3247 1385 3314 prodito
1417 3245 1471 3296 B
1616 3250 1647 3298 5
1682 3244 1983 3296 <leandrum
2014 3246 2065 3296 B
2101 3246 2175 3311 (in
2206 3249 2307 3299 hoc

377 3328 506 3364 nom.
534 3311 570 3362 d
586 3328 690 3380 pro
716 3313 767 3364 cl
786 3314 904 3378 fere
925 3315 1147 3380 semper)
1287 3318 1316 3367 '7
1342 3315 1584 3365 rescedit
1604 3313 1725 3365 BP⁸
1751 3313 1829 3378 (ut
1849 3314 1975 3379 uid.)
2103 3317 2169 3366 14
2194 3317 2307 3368 fuit

376 3387 564 3432 autem
585 3379 725 3431 P⁸M
833 3385 895 3434 1¹7
923 3389 1121 3434 senatu
1145 3383 1247 3433 BP
1370 3384 1434 3433 19
1459 3384 1641 3434 omnia
1666 3381 1957 3451 Cleander]
1987 3382 2303 3440 ‹leandreae
2500 3383 2502 3408 ³

373 3449 428 3500 B
565 3451 630 3500 23
655 3450 1072 3516 nuntiatemque
1096 3451 1164 3501 P¹
1190 3468 1234 3504 c.
1262 3450 1333 3500 1²³
1470 3451 1539 3500 24
1570 3451 1739 3502 fiebat
1761 3452 1892 3502 BP¹
2032 3453 2097 3502 26
2132 3453 2305 3504 ebun-
2500 3415 2503 3582 ἱ

375 3518 564 3570 tianus
587 3517 754 3568 BPM
773 3535 862 3570 em.
890 3517 932 3568 S
1065 3522 1130 3570 29
1155 3519 1444 3570 libertinos
1467 3519 1571 3570 BP
1590 3528 1625 3571 t.
1652 3520 1803 3574 lora.
1942 3521 2007 3573 32
2032 3521 2201 3571 factis
2223 3523 2275 3572 P
