2517 3884
343 191 432 249 XX
1115 189 1515 247 PRAEFATIO.

342 328 683 384 ternionibus
728 329 834 384 iam
867 325 1187 400 impressis“
1232 328 1280 382 is
1321 324 1634 398 „Spartiani
1682 332 1936 382 uetustus
1978 325 2184 383 codex“
2227 329 2283 383 in

339 430 531 470 manus
544 413 752 469 Erasmi
782 412 1118 485 perueniret,
1151 418 1396 466 extremo
1422 410 1567 467 libro
1593 427 1853 484 magnum
1883 412 2283 485 scripturarum

342 497 766 572 discrepantium
797 512 1085 551 numerum
1116 511 1291 569 usque
1322 495 1387 550 ad
1417 493 1783 551 Alexandrum
1812 494 2077 552 Seuerum
2110 513 2175 554 ex
2208 514 2273 553 eo

347 582 559 638 adiecit.

472 669 652 740 Atque
675 667 731 723 hi
755 665 970 740 quidem
993 672 1123 721 sunt
1150 662 1279 721 libri
1307 665 1723 738 praestantioris
1748 664 1997 726 familiae,
2027 667 2118 722 cui
2142 683 2283 740 quae

347 755 453 810 iam
494 761 758 825 sequetur
793 749 1023 822 familia
1053 749 1116 804 Σ
1147 749 1381 804 multum
1410 748 1656 806 bonitate
1686 749 1850 807 cedit.
1897 748 2109 807 fallitur
2134 750 2283 807 ‘enim

348 840 444 912 qui
483 837 649 893 hosce
690 835 863 891 libros
907 850 1234 908 quamquam
1276 833 1343 890 ad
1387 850 1557 890 unum
1584 827 1777 891 'omnes
1808 837 2137 891 recentioris
2168 837 2283 892 sint

347 923 562 985 aetatis,
608 938 670 979 ea
701 935 761 976 re
790 918 903 976 illis
930 918 1283 993 praetulerit,
1326 919 1475 992 quod
1513 935 1624 976 non
1656 927 1785 976 sunt
1813 921 2065 994 corrupti
2092 920 2280 977 eadem

346 1005 606 1062 foliorum
638 1005 1072 1080 transpositione
1102 1020 1210 1077 qua
1240 1003 1335 1077 qui
1365 1004 1527 1060 modo
1560 1021 1590 1060 a
1618 1003 1778 1060 nobis
1806 1006 2110 1061 enumerati
2131 1013 2281 1062 sunt.

345 1107 472 1146 nam
495 1091 612 1148 siue
626 1089 1517 1160 haeccollocatiorectioringenio
1549 1091 1667 1146 eius
1688 1091 1781 1163 qui
1810 1090 2051 1145 omnium
2080 1090 2279 1148 horum

347 1175 594 1232 codicum
627 1190 969 1232 communem
999 1173 1210 1230 sontem
1240 1175 1499 1236 exarauit,
1530 1173 1777 1236 debetur,
1822 1176 1939 1231 siue
1971 1173 2281 1249 descriptus

348 1269 433 1317 est
484 1259 577 1318 ille
627 1259 768 1317 liber
819 1276 884 1315 eo
916 1266 1166 1333 tempore
1209 1273 1281 1314 ex
1332 1257 1647 1332 archetypo,
1698 1275 1821 1315 cum
1865 1259 2000 1316 solia
2034 1260 2281 1316 nondum

346 1353 532 1401 essent
570 1347 718 1401 inter
781 1361 841 1400 se
882 1351 1196 1401 conmutata
1249 1350 1343 1398 aut
1384 1343 1560 1400 denuo
1603 1347 1661 1399 in
1701 1343 1994 1417 pristinum
2034 1344 2280 1400 ordinem

340 1431 575 1492 redacta,
620 1431 729 1488 hoc
775 1428 995 1502 quidem
1035 1434 1271 1491 constat,
1306 1429 1537 1483 omnino
1570 1427 1705 1484 nihil
1746 1444 1808 1484 ex
1849 1431 1927 1485 eis
1969 1428 2085 1504 peti
2112 1445 2281 1504 posse

339 1515 408 1572 ad
433 1516 552 1588 ipsa
581 1513 752 1570 uerba
782 1512 982 1569 melius
1013 1511 1413 1574 constituenda,
1446 1529 1567 1569 cum
1597 1512 1902 1570 incredibili
1930 1513 2152 1569 libidine
2173 1516 2280 1570 iam

339 1601 388 1656 is
419 1599 606 1662 codex,
648 1598 794 1655 unde
838 1599 891 1654 hi
926 1614 1118 1654 omnes
1147 1595 1438 1658 fluxerunt,
1480 1597 1812 1671 deprauatus
1853 1598 2040 1654 suerit.
2086 1599 2277 1672 quain

340 1699 402 1740 re
431 1684 618 1741 nescio
652 1701 720 1741 an
750 1684 926 1739 maior
954 1682 1123 1739 fuerit
1153 1681 1344 1738 librari
1375 1681 1573 1738 leuitas
1614 1689 1671 1738 et
1700 1685 2024 1754 ignorantia,
2072 1699 2176 1756 qua
2220 1685 2277 1739 in

342 1769 578 1842 legendo
610 1767 1012 1842 scribendoque
1041 1783 1176 1824 usus
1207 1774 1310 1830 est,
1342 1785 1409 1824 an
1440 1767 1679 1832 audacia,
1715 1785 1822 1841 qua
1852 1768 2082 1825 aliorum
2106 1767 2279 1825 uerba

339 1869 444 1928 pro
478 1853 596 1910 suis
627 1853 832 1910 hahens
865 1869 1030 1926 saepe
1061 1855 1178 1910 sine
1209 1851 1320 1909 ulla
1352 1869 1517 1909 causa
1545 1854 1796 1912 mutauit.
1822 1860 1885 1909 ut
1908 1853 2056 1928 quod
2069 1852 2272 1910 Hadr.l

341 1940 593 2013 scripsit:
650 1937 883 2013 ,leium
925 1937 1216 1994 Traianum
1256 1937 1599 2011 praetorium
1644 1939 1839 1992 uirum
1886 1937 2275 1996 consobrinum

341 2026 536 2086 suum’,
569 2023 663 2079 ubi
691 2023 748 2079 in
780 2022 980 2080 familia
1011 2019 1084 2076 H
1107 2029 1218 2079 est:
1262 2022 1570 2084 ,Traianum
1610 2024 1949 2096 praetorium
1979 2029 2115 2080 tunc
2146 2041 2275 2080 con-

339 2108 622 2166 sohrInum
678 2109 884 2171 suum';
945 2106 1128 2165 Carae.
1162 2112 1196 2160 2
1247 2115 1330 2170 ,ut
1382 2107 1525 2164 solet
1553 2106 1781 2182 placatis
1812 2114 1977 2181 atque
2019 2108 2142 2164 inde
2173 2109 2311 2164 Ro·‘

337 2210 481 2251 mam
522 2195 872 2250 contendens
912 2192 1073 2250 redit’
1114 2190 1511 2264 (,contendens’
1544 2193 1695 2249 deest
1725 2194 1780 2247 in
1811 2188 1917 2264 11),
1959 2210 2077 2268 cap.
2110 2195 2141 2247 3
2187 2193 2275 2256 ,oh

332 2278 443 2335 hoc
472 2285 723 2335 retentus
765 2295 835 2333 ne
865 2277 1149 2333 uideretur
1189 2294 1252 2333 ac
1295 2284 1591 2348 augeretur
1631 2277 1819 2334 fratris
1850 2280 2015 2334 occisi
2047 2278 2279 2335 crudeli-

340 2365 439 2420 tas’
485 2362 775 2434 (,retentus
804 2378 872 2418 ne
903 2369 1202 2432 augeretur
1231 2361 1421 2416 fratris
1452 2379 1505 2416 o.
1540 2362 1607 2417 c.’
1638 2357 1742 2431 H),
1774 2378 1893 2434 cap.
1923 2363 1957 2414 5
1988 2362 2278 2436 ,designati

335 2456 469 2504 sunt
509 2464 572 2504 eo
617 2446 883 2520 tempore’
927 2444 1208 2517 (,damnati
1251 2445 1396 2502 sunt’
1430 2442 1534 2516 11).
1596 2444 1767 2500 multa
1808 2444 1910 2501 alia
1940 2447 2183 2520 exempla
2214 2464 2279 2504 ex

334 2530 644 2590 Casauboni
698 2530 1107 2586 commentariis
1152 2531 1271 2603 peti
1317 2535 1580 2603 possunt,
1649 2530 1803 2586 cuius
1855 2529 2027 2585 codex
2071 2531 2278 2604 Regius

337 2615 580 2674 eiusdem
623 2621 708 2671 est
758 2614 1012 2671 familiae.
1055 2631 1227 2688 porro
1272 2629 1468 2671 uersus
1508 2613 1601 2670 ille
1632 2630 1864 2687 graccus
1895 2616 1993 2669 uit.
2024 2613 2177 2671 Alex.
2212 2619 2279 2671 18

336 2709 502 2775 atque
535 2700 695 2758 etiam
727 2698 899 2756 multa
927 2699 1097 2756 uerba
1127 2698 1313 2762 latina,
1357 2716 1496 2775 quae
1525 2701 1700 2774 primo
1731 2699 1993 2773 adspectu
2022 2699 2133 2774 legi
2162 2717 2275 2758 non

336 2791 582 2859 possent,
623 2785 846 2842 omnino
889 2786 1108 2848 omissa,
1146 2785 1373 2842 lacunae
1404 2786 1551 2842 uitae
1581 2783 1847 2842 Valeriani
1887 2783 2121 2842 iunioris
2152 2783 2275 2843 Gal-

336 2869 720 2944 lienorumque
748 2870 1015 2945 neglectis
1041 2870 1379 2944 fragmentis,
1412 2886 1552 2943 quae
1580 2886 1691 2927 non
1724 2869 1995 2943 quadrare
2023 2870 2275 2928 uideren-

336 2961 446 3016 tur.
489 2955 752 3029 expletae,
801 2955 918 3012 uita
959 2954 1231 3012 Valeriani
1271 2955 1493 3012 maioris
1533 2957 1609 3012 ita
1655 2954 2041 3014 transformata
2082 2957 2273 3014 ordine

337 3039 578 3112 capitum
608 3047 924 3097 conmutato
958 3038 1048 3112 (cf.
1078 3041 1204 3096 hist.
1236 3040 1359 3096 crit.
1390 3058 1443 3115 p.
1474 3039 1565 3113 29)
1597 3049 1762 3114 atque
1794 3041 2046 3098 frustulis
2076 3041 2275 3099 Eutro-

338 3123 517 3197 pianis
562 3121 1002 3198 Victorianisque
1053 3125 1351 3199 adspersis,
1410 3133 1475 3182 ut
1535 3127 1760 3182 omnino
1821 3125 1961 3183 alius
2021 3127 2274 3183 euaderet

337 3200 570 3280 liber14),
614 3213 764 3265 totae
795 3212 1100 3267 sententiae
1132 3209 1254 3266 aliis
1297 3210 1435 3268 locis
1466 3211 1697 3285 positae,
1728 3219 1857 3284 post
1886 3213 2030 3268 uitas
2059 3211 2273 3268 Maximi

336 3291 658 3366 Balbinique
688 3309 778 3350 res
808 3308 995 3351 eorum
1028 3297 1437 3370 imperatorum,
1470 3312 1706 3370 quorum
1730 3298 1875 3354 uitae
1893 3299 1949 3353 in
1970 3297 2269 3372 archetypo

336 3377 742 3441 interciderant,
774 3379 964 3454 pa'ucis
996 3388 1293 3444 enarratae,
1338 3388 1401 3436 ut
1431 3382 1672 3437 omnium
1700 3383 2093 3458 imperatorum
2122 3384 2269 3439 uitae

473 3562 556 3625 14)
583 3561 754 3627 Typis
779 3561 1090 3629 descriptus
1117 3568 1203 3615 est
1227 3565 1286 3614 in
1312 3561 1631 3616 casauboni
1654 3566 2061 3618 commentaria
