2517 3884
883 158 1137 216 HELIVS.
1197 159 1254 216 C.
1286 163 1454 214 2-4,
2043 149 2130 216 29

196 336 270 398 et,
303 330 442 405 quia
475 334 601 388 erat
629 326 952 405 deputatus
979 327 1250 405 imperio,
1286 326 1506 388 iterum
1538 323 1747 385 consul
1779 324 2125 402 designatus

197 421 301 474 est.
379 412 580 474 datum
614 413 790 472 etiam
815 410 1038 490 populo
1071 412 1443 488 congiarium
1485 428 1660 471 causa
1694 411 1821 471 eius
1852 409 2121 490 adoptio·
2161 420 2195 470 3

194 500 284 558 nis
310 495 730 576 conlatumque
760 494 1049 556 militibus
1081 497 1425 556 sestertium
1458 501 1550 555 ter
1578 490 1791 564 milieS,
1826 495 2126 555 circenses

195 583 363 652 editi,
417 598 616 660 neque
657 583 974 661 quicquam
1013 581 1505 660 praetermissum
1539 580 1694 658 quod
1719 587 1925 659 posset
1955 579 2123 640 laeti-

137 684 168 724 s
191 670 331 728 tiam
361 666 660 746 publicam
693 667 1096 742 frequentare.
1173 672 1526 742 tantumque
1568 665 1725 742 apud
1757 664 2125 725 Hadrianum
2159 673 2195 721 4

189 753 527 832 principem
559 750 744 812 ualuit
785 758 853 812 ut
881 757 1122 830 praeter
1167 749 1517 828 adoptionis·
1543 750 1873 818 adfectum,
1920 766 2038 826 quo
2071 751 2125 808 ei

190 835 506 898 uidebatur
535 835 863 911 adiunctus,
899 835 1062 897 solus
1093 837 1311 904 omnia,
1340 851 1493 912 quae
1518 841 1783 914 cuperet,
1819 836 1995 895 etiam
2016 852 2126 913 per

189 922 419 982 litteras
447 923 816 1000 impetraret.
893 938 1006 980 nec
1049 921 1392 998 prouinciae
1425 920 1697 998 quidem,
1744 922 1839 980 cui
1868 937 2125 998 praepo·
2163 929 2197 978 5

193 1009 342 1067 situs
373 1014 520 1076 erat,
553 1005 758 1066 defuit.
802 1023 937 1066 nam
970 999 1125 1065 bene
1168 1007 1351 1082 gestis
1398 1004 1583 1066 rebus
1627 1003 1725 1066 uel
1756 1007 1957 1084 potius
1993 1003 2125 1065 feli·
2163 1013 2197 1062 6

117 1106 168 1144 10
193 1093 341 1151 citer
373 1092 756 1152 etiamsinon
786 1091 1034 1158 summi,
1080 1089 1260 1150 medii
1289 1097 1489 1150 tamen
1533 1091 1792 1168 optinuit
1832 1089 1997 1150 (lucis
2042 1090 2125 1150 fa·

193 1189 368 1237 mam.
417 1175 529 1236 Hic
558 1183 756 1236 tamen
787 1173 1148 1236 ualetudinis
1178 1174 1332 1234 adeo
1363 1175 1618 1235 miserae
1649 1176 1760 1235 suit
1790 1183 1856 1235 ut
1879 1174 2124 1235 Hadria·
2164 1183 2194 1232 7

191 1262 570 1322 num.statim
599 1259 934 1339 adoptionis
963 1261 1326 1338 paenituerit
1366 1261 1749 1339 potueritque
1792 1278 1928 1320 eum
1960 1277 2124 1320 amo·

190 1363 336 1406 uere
368 1363 400 1405 a
429 1343 652 1406 familia
679 1345 1096 1424 imperatoria,
1159 1363 1294 1406 cum
1329 1362 1508 1423 saepe
1551 1343 1623 1405 de
1654 1344 1786 1405 aliis
1818 1345 2125 1421 cogitaret,

194 1431 244 1490 si
271 1431 429 1490 forte
459 1431 726 1490 uixisset.
804 1430 996 1490 fertur
1028 1428 1287 1507 denique
1316 1428 1390 1491 ab
1421 1431 1473 1490 is
1506 1431 1609 1506 qui
1629 1429 1913 1490 Hadriani
1942 1431 2126 1490 uitam
2164 1437 2196 1486 8

55 1490 168 1570 s15
194 1514 538 1593 diligentius
588 1515 650 1574 in
690 1513 919 1576 litteras
963 1513 1324 1576 rettulerunt
1364 1514 1730 1576 Hadrianum
1762 1515 1902 1576 Veri
1941 1516 2127 1575 scisse

191 1601 534 1677 genituram
581 1605 640 1659 et
681 1617 819 1660 eum
850 1617 1047 1678 quem*
1078 1618 1197 1660 non
1239 1598 1493 1660 multum
1534 1599 1611 1661 ad
1651 1618 1781 1661 rem
1822 1599 2127 1680 publicam

190 1684 517 1762 regendam
545 1682 846 1764 probarat,
881 1685 956 1744 ob
990 1683 1102 1746 hoc
1131 1692 1366 1745 tantum
1396 1684 1709 1765 adoptasse
1754 1692 1818 1744 ut
1860 1703 2002 1746 suae
2033 1704 2126 1745 sa-

189 1770 498 1830 tisfaceret
523 1768 816 1848 uoluptati
861 1776 948 1838 et,
1015 1778 1078 1830 ut
1118 1768 1356 1846 quidam
1400 1769 1633 1839 dicunt,
1694 1771 1809 1830 iuri
1850 1769 2125 1838 iurando,

192 1853 352 1932 quod
385 1855 801 1914 intercessisse
842 1855 1001 1915 inter
1058 1856 1256 1933 ipsum
1316 1873 1383 1915 ae
1430 1856 1652 1916 Verum
1690 1857 1937 1916 secretis
1982 1873 2125 1915 con-

119 1952 166 1992 20
192 1938 526 2000 ditionibus
585 1937 910 2000 serebatur.
987 1939 1176 2001 fuisse
1236 1941 1395 2000 enim
1438 1939 1804 2001 Hadrianum
1864 1942 2127 2017 peritum
2162 1949 2195 1996 9

189 2023 560 2093 matheseos,
623 2023 845 2084 Marius
885 2024 1176 2084 Maximus
1215 2042 1407 2104 usque
1462 2023 1610 2085 adeo
1654 2025 2023 2086 demonstrat
2067 2033 2131 2084 ut

192 2127 333 2169 eum
363 2107 524 2169 dicat
555 2116 765 2168 cuncta
799 2108 872 2169 de
927 2128 992 2170 se
1035 2111 1250 2178 scisse,
1317 2111 1402 2169 sic
1472 2117 1537 2169 ut
1578 2111 1847 2186 omn-ium
1894 2109 2128 2169 dierum

191 2212 386 2274 usque
417 2193 490 2254 ad
521 2192 729 2254 horam
774 2196 982 2255 mortis
1022 2195 1260 2256 futuros
1302 2200 1474 2254 actus
1506 2202 1642 2254 ante
1683 2195 2121 2273 perscripserit.

191 2281 336 2341 satis
365 2285 679 2358 praeterea
711 2286 956 2348 constat,
991 2280 1246 2341 eundem
1280 2279 1357 2340 de
1387 2280 1540 2340 Vero
1574 2296 1752 2358 saepe
1782 2279 2034 2340 dixisse:
2160 2275 2205 2338 4

120 2410 166 2450 25
367 2379 698 2458 ⁸Ostendent
727 2399 908 2458 terris
937 2397 1099 2458 hunc
1129 2405 1360 2459 tantum
1389 2398 1507 2459 fata
1540 2415 1739 2475 neque
1771 2397 1926 2458 ultra
2126 2393 2331 2481 ‘'gfff-3³7?-

363 2499 499 2542 esse
529 2483 744 2542 sinent.

191 2616 344 2676 quos
372 2618 591 2660 uersus
621 2619 758 2661 cum
788 2600 1103 2678 aliquando
1133 2603 1194 2661 in
1225 2599 1467 2662 hortulo
1500 2603 1760 2680 spatians
1792 2603 2125 2669 cantitaret,
2166 2609 2197 2656 2

192 2691 374 2764 atque
407 2684 644 2746 adesset
687 2704 841 2746 unus
885 2703 958 2745 ex
987 2683 1292 2754 litteratis,
1340 2703 1595 2764 quorum
1625 2686 1959 2748 Hadrianus
1991 2705 2127 2766 spe-

193 2770 354 2830 ciosa
385 2771 670 2830 societate
701 2769 1016 2850 gaudebat,
1051 2769 1355 2849 uelletque
1388 2771 1606 2833 addere

124 2898 169 2939 ³0
363 2923 452 2934 --
487 2919 556 2931 ——
594 2889 843 2949 nimium
871 2887 1044 2950 uobis
1073 2889 1339 2950 Romana
1370 2906 1637 2969 propago
2152 2918 2204 2954 v1
2227 2918 2297 2954 sn

363 2973 494 3034 uisa
523 2980 754 3052 potenS,
789 2975 1009 3053 superi,
1043 2977 1288 3053 propria
1317 2974 1464 3036 haec
1494 2977 1546 3035 si
1576 2974 1732 3036 dona
1762 2975 2030 3044 fuissent,
2084 3047 2089 3052 ⁸

299 3211 328 3257 1
365 3209 642 3274 deputans
675 3210 780 3260 BP
913 3213 944 3259 2
978 3211 1238 3276 populum
1262 3209 1333 3260 B¹
1473 3214 1505 3262 3
1538 3215 1735 3276 quater
1757 3210 1833 3260 B²
1970 3213 2001 3262 8
2035 3212 2133 3260 im-

197 3274 421 3340 peraret
456 3275 523 3327 P¹
664 3279 728 3328 10
775 3279 887 3328 etsi
919 3279 981 3328 M
1117 3282 1180 3328 12
1215 3277 1595 3344 potueritque]
1648 3278 1718 3329 al.
1756 3280 2131 3344 petiueritque

197 3343 273 3394 Ρι
383 3347 449 3394 14
470 3345 560 3394 his
584 3345 750 3395 BPV
742 3347 802 3396 M
822 3347 871 3396 is
894 3348 1084 3412 scripsi
1187 3348 1250 3398 16
1275 3347 1447 3398 multo
1467 3347 1573 3396 BP
1664 3348 1727 3398 18
1752 3347 1973 3397 iureiur.
1995 3345 2067 3395 1²²

196 3414 261 3462 23
287 3427 440 3462 oram
463 3412 569 3462 BP
698 3416 767 3464 ⁴24
789 3413 1023 3464 eundem
1043 3413 1093 3464 B
1119 3430 1241 3464 eum
1266 3415 1333 3465 de
1362 3415 1472 3466 PM
1495 3413 1729 3464 eundem
1756 3414 1823 3464 de
1844 3415 2035 3478 scripsi

197 3481 262 3530 27
288 3480 470 3531 ortulo
495 3480 562 3531 Ρ1
703 3483 766 3532 31
803 3483 1090 3548 superiora
1115 3481 1234 3532 BP¹
1273 3480 1414 3546 (dein
1438 3497 1534 3532 ora
1559 3497 1694 3532 eras.
1722 3489 1775 3532 et
1797 3497 1823 3532 s
1846 3478 2132 3545 super-scr.)

1324 3736 1443 3779 ·‚)
