2517 3884
753 196 1058 253 GORmANl
1098 196 1282 253 TRES.
1344 196 1398 252 c,
1427 198 1632 253 9—11.
2078 192 2163 259 35
2239 226 2242 229 ·

220 370 529 444 praeerat,
590 382 702 443 per
748 362 1177 425 audacissimos
1219 372 1600 443 quaestorem
1645 370 1704 423 et
1734 363 1950 426 milites
1991 366 2160 427 iussu

158 494 161 497 -
224 456 466 511 senatus
498 448 896 519 occideretur,
936 450 1092 529 quod
1127 468 1193 511 se
1234 460 1410 511 antea
1453 446 1774 511 crudeliter
1818 460 2051 528 egerat,
2101 461 2160 513 et

224 543 361 599 tunc
394 536 527 595 eius
560 536 749 613 magis
778 536 1096 596 inmanitas
1138 536 1494 605 timebatur,
1541 536 1730 596 amica
1765 536 2159 599 etfamiliaris

222 619 489 681 moribus
519 620 839 681 Maximini.
919 620 993 681 de
1054 621 1227 681 cuius
1267 628 1460 687 morte
1509 620 1656 681 haec
1695 620 1914 683 fabella
1945 623 2156 683 fertum
2197 628 2228 676 6

171 718 198 760 5
222 706 391 766 fictae
452 712 593 767 sunt
649 705 883 767 litterae
942 706 1278 774 Maximini,
1339 708 1603 785 signatae
1663 709 1835 785 quasi
1895 704 2161 779 eiusdem

224 790 417 861 anulo,
454 797 513 851 et
542 792 712 851 missi
734 809 871 852 cum
904 797 1222 868 quaestore
1252 791 1491 861 militeS,
1527 792 1626 869 qui
1651 810 1750 853 eas
1773 793 2021 864 ferrent,
2057 794 2158 854 ad·

224 876 464 945 dentes,
529 874 821 953 quaedam
878 884 1123 955 praeter
1164 876 1397 937 litteras
1442 885 1676 937 secreto
1721 896 1854 939 esse
1887 878 2154 939 dicenda.

222 960 457 1040 longam
491 963 675 1039 igitur
705 962 1002 1041 porticum
1039 952 1416 1041 petiuerunt,
1483 968 1540 1023 et
1583 980 1716 1023 cum
1761 962 1861 1023 ille
1906 982 1972 1025 ea
2008 980 2158 1041 quae
2198 963 2228 1011 7

224 1046 339 1108 sibi
370 1052 549 1107 erant
584 1054 818 1108 secreto
860 1046 1111 1108 dicenda
1153 1048 1564 1127 perquireret,
1627 1047 2033 1118 hortantibus,
2099 1056 2162 1109 ut

143 1146 197 1185 10
224 1134 393 1211 prius
455 1130 691 1209 signum
752 1134 1080 1211 inspiceret
1108 1131 1426 1212 epistolae,
1490 1132 1632 1193 dum
1675 1133 2034 1211 considerat,
2067 1136 2157 1194 in-

221 1225 556 1295 teremptus
598 1223 705 1279 est.
782 1235 1137 1296 persuasum
1182 1216 1396 1278 deinde
1457 1225 1548 1278 est
1605 1217 1927 1293 militibus,
1989 1221 2158 1280 iussu
2195 1222 2228 1271 8

196 1302 524 1364 Maximini
554 1302 910 1364 Vitalianum
939 1304 1394 1383 interemptum.
1472 1305 1852 1381 peractisque
1881 1303 2068 1365 rebus
2097 1306 2160 1365 in

221 1389 433 1449 castris
464 1386 903 1449 Gordianorum
949 1395 1009 1449 et
1053 1387 1290 1450 litterae
1334 1396 1393 1449 et
1435 1387 1641 1450 uultus
1673 1397 1814 1462 sunt
1841 1391 2156 1469 propositi.

346 1474 625 1543 Interest,
672 1480 739 1533 ut
768 1480 1008 1535 senatus
1040 1472 1398 1545 consultum,
1442 1490 1556 1549 quo
1587 1472 1871 1537 Gordiani
1900 1476 2158 1555 impera·
2184 1464 2258 1527 ll

142 1572 193 1611 1⁵
220 1566 385 1619 tores
416 1558 696 1639 appellati
726 1566 869 1619 sunt
899 1565 959 1619 et
988 1559 1346 1620 Maximinus
1374 1557 1583 1629 hostie,
1616 1559 1830 1621 litteris
1861 1576 2156 1639 propage-

221 1652 353 1705 tur:
403 1644 537 1705 Non
596 1642 863 1723 legitimo
924 1645 1030 1705 sed
1087 1644 1313 1713 indicto
1373 1652 1618 1706 senatus
1648 1645 1744 1705 die
1787 1646 2000 1707 consul
2039 1648 2156 1705 iam
2194 1646 2226 1694 2

221 1726 385 1789 domi
427 1735 762 1791 conuentus
806 1746 942 1790 cum
984 1726 1370 1809 praetoribus
1429 1729 1720 1791 aedilibus
1783 1738 1842 1791 et
1900 1729 2158 1791 tribunis

217 1814 416 1894 plebis
449 1816 615 1876 uenit
644 1816 708 1876 in
738 1815 981 1876 curiam.
1057 1816 1398 1895 praefectus
1437 1815 1600 1884 urbi,
1649 1817 1746 1875 cui
1777 1817 1982 1876 nescio
2015 1815 2152 1892 quid
2194 1822 2226 1870 3

218 1898 598 1973 redoluerat,
632 1907 693 1961 et
724 1901 824 1978 qui
852 1899 1126 1979 publicas
1157 1898 1390 1961 litteras
1419 1918 1541 1960 non
1575 1906 1918 1978 acceperat,
1952 1919 1988 1961 a
2018 1918 2156 1960 con·

136 2000 192 2039 20
219 1992 407 2046 uentu
439 2004 504 2046 se
536 1984 833 2047 abstinuit.
914 1984 1022 2047 sed
1050 1986 1306 2066 profuit,
1353 1976 1491 2045 nani
1534 1983 1743 2046 consul
1787 1995 1922 2045 ante
1955 1984 2158 2045 solitas

218 2070 707 2140 adclamationes,
738 2071 1086 2150 priusquam
1139 2068 1364 2148 aliquid
1394 2071 1458 2130 in
1488 2069 1874 2130 Maximinum
1907 2069 2159 2131 feliciter

220 2156 544 2225 diceretur,
582 2156 697 2217 ait:
742 2156 850 2226 „P.
880 2175 953 2227 c.,
988 2155 1278 2217 Gordiani
1307 2154 1448 2225 duc,
1481 2162 1652 2234 pater
1684 2162 1742 2215 et
1773 2154 1946 2223 tilius,
1983 2154 2156 2215 ambo
2194 2162 2243 2236 4j
2272 2177 2284 2186 2

220 2260 297 2301 ex
336 2240 710 2310 consulibuS,
746 2260 904 2303 unus
936 2249 1141 2303 uester
1170 2258 1282 2319 pro
1327 2238 1603 2309 consule,
1647 2238 1800 2300 alter
1828 2248 2031 2300 uester
2072 2239 2172 2320 le-‚

216 2334 427 2405 gatuS,
490 2344 707 2405 magno
737 2327 1020 2387 Afrorum
1062 2325 1314 2387 consilio
1358 2328 1754 2404 imperatores
1783 2332 1924 2385 sunt
1955 2325 2157 2405 appel-

134 2424 189 2466 25
216 2411 343 2474 lati.
419 2413 641 2491 gratias
671 2413 851 2491 igitur
882 2430 1125 2490 agamus
1148 2411 1542 2493 Tysdritanae
1569 2412 1904 2480 iuuentuti,
1937 2412 2160 2489 gratias
2197 2418 2229 2469 5

216 2495 699 2576 Carthaginiensi
756 2497 980 2576 populo
1042 2515 1281 2576 semper
1339 2496 1594 2558 deuoto:
1657 2494 1732 2557 ab
1774 2497 1999 2557 inmani
2047 2514 2158 2563 nos

213 2582 400 2644 belua
460 2580 685 2643 anilla
716 2582 843 2643 fera
896 2582 1369 2644 uindicauerunt.
1461 2580 1603 2660 quid
1646 2580 1852 2642 timide
1901 2580 2156 2660 auditis?
2195 2591 2226 2640 6

215 2668 367 2746 quid
399 2668 893 2747 circumspicitis?
926 2666 1069 2745 quid
1099 2668 1496 2729 cunctamini?
1540 2667 1656 2727 hoc
1687 2674 1778 2727 est
1806 2666 1967 2745 quod
1998 2683 2154 2727 sem-

216 2772 331 2833 per
363 2754 632 2833 optastiS.
708 2750 1031 2814 hostis'est
1060 2753 1444 2814 Maximinus:
1513 2752 1576 2813 di
1617 2751 1866 2820 facient„
1932 2757 1996 2811 ut
2028 2768 2158 2810 esse
2197 2762 2228 2811 7

131 2852 185 2893 30
214 2841 339 2900 iam
371 2838 621 2909 desinat,
669 2843 729 2899 et
760 2837 1043 2899 Gordiani
1086 2840 1246 2899 senis
1288 2836 1630 2898 felicitatem
1674 2843 1850 2913 atque
1892 2834 2156 2923 pruden-

361 3061 390 3108 1
416 3058 817 3110 audacissimas
840 3059 945 3111 BP
1083 3066 1173 3109 aut
1197 3061 1547 3123 quaestorem
1573 3061 1630 3107 et
1653 3056 1928 3107 eiciendum
1953 3060 2040 3103 aut
2063 3070 2164 3119 per

212 3126 655 3178 audacissimum
679 3132 1027 3192 quaestorem
1048 3126 1365 3177 scribendum
1388 3130 1485 3189 est.
1509 3125 1575 3187 cf.
1604 3124 1804 3176 Herod.
1833 3123 1882 3173 V
1883 3122 1952 3172 II
1971 3126 2017 3185 7,
2038 3128 2072 3173 5

208 3198 247 3247 2
275 3192 606 3246 occiderunt
630 3194 791 3245 BPM
925 3197 960 3245 4
984 3194 1237 3259 fabellas]
1254 3195 1308 3244 P
1441 3194 1474 3245 5
1497 3193 1648 3259 picto
1672 3192 1724 3242 B
1838 3193 1869 3242 9
1895 3205 2162 3257 perquae-

208 3268 371 3315 reret
394 3263 445 3313 B
493 3311 499 3323 ,
584 3266 647 3315 11
670 3264 880 3315 iussum
901 3264 1007 3315 BP
1164 3264 1228 3313 14
1252 3276 1360 3327 quo
1383 3276 1478 3313 om.
1504 3260 1608 3311 BP
1766 3261 1830 3311 15
1853 3274 2160 3325 propagen-

208 3337 312 3383 tur
335 3330 511 3382 BPM
642 3326 706 3383 18
731 3332 818 3383 eia
843 3331 893 3381 B
1014 3334 1077 3382 21
1106 3328 1664 3382 addamnationes‘B²
1801 3332 1868 3381 23
1893 3328 2084 3379 consib
2109 3326 2161 3377 B

212 3398 586 3453 consubusP¹
607 3398 821 3465 (prius-a
838 3402 890 3451 in
906 3398 1039 3466 ras.)
1092 3457 1094 3459 ,
1154 3402 1221 3451 25
1241 3398 1562 3464 tydritanae
1578 3396 1778 3449 BP¹M
1797 3396 1956 3462 (corr.
1973 3392 2066 3459 1²⁸)

209 3470 283 3520 2⁷
308 3468 483 3519 uelua
506 3467 637 3518 ΒΡι
784 3484 907 3521 sera
932 3468 984 3519 B
1132 3469 1197 3521 29
1224 3468 1440 3518 faciant
1465 3466 1526 3517 M
1662 3470 1729 3519 30
1753 3463 2006 3532 gordiani
2031 3477 2058 3513 s
2082 3461 2158 3512 P¹

213 3537 348 3588 enis
373 3537 498 3587 add.
524 3536 603 3587 Ρ2
738 3536 983 3589 feliciter
1004 3533 1075 3586 B¹

1707 3616 1748 3681 3
1771 3619 1807 3657 ’le
