<?xml version="1.0" encoding="UTF-8"?>
<!DOCTYPE html PUBLIC "-//W3C//DTD XHTML 1.0 Transitional//EN"
    "http://www.w3.org/TR/xhtml1/DTD/xhtml1-transitional.dtd">
<html xmlns="http://www.w3.org/1999/xhtml" xml:lang="en" lang="en">
 <head>
  <title>
</title>
<meta http-equiv="Content-Type" content="text/html;charset=utf-8" />
  <meta name='ocr-system' content='tesseract 3.04.00' />
  <meta name='ocr-capabilities' content='ocr_page ocr_carea ocr_par ocr_line ocrx_word'/>
</head>
<body>
  <div class='ocr_page' id='page_1' title='image "./scriptoreshisto02petegoog_0466.png"; bbox 0 0 2517 3884; ppageno 0'>
   <div class='ocr_carea' id='block_1_1' title="bbox 788 191 2181 257">
    <p class='ocr_par' dir='ltr' id='par_1_1' title="bbox 788 191 2181 257">
     <span class='ocr_line' id='line_1_1' title="bbox 788 191 2181 257; baseline 0.004 -8"><span class='ocrx_word' id='word_1_1' title='bbox 788 195 1215 252; x_wconf 75' lang='lat' dir='ltr'>AVRELIANVS.</span> <span class='ocrx_word' id='word_1_2' title='bbox 1306 197 1357 252; x_wconf 85' lang='lat' dir='ltr'>c.</span> <span class='ocrx_word' id='word_1_3' title='bbox 1406 200 1640 253; x_wconf 79' lang='lat'>19—-21.</span> <span class='ocrx_word' id='word_1_4' title='bbox 2064 191 2181 257; x_wconf 84' lang='lat'>151</span> 
     </span>
    </p>
   </div>
   <div class='ocr_carea' id='block_1_2' title="bbox 162 360 2276 3059">
    <p class='ocr_par' dir='ltr' id='par_1_2' title="bbox 251 360 2181 442">
     <span class='ocr_line' id='line_1_2' title="bbox 251 360 2181 442; baseline 0.001 -20"><span class='ocrx_word' id='word_1_5' title='bbox 251 361 508 441; x_wconf 87' lang='lat' dir='ltr'>proinde</span> <span class='ocrx_word' id='word_1_6' title='bbox 541 363 706 438; x_wconf 83' lang='lat' dir='ltr'>quasi</span> <span class='ocrx_word' id='word_1_7' title='bbox 748 362 806 420; x_wconf 90' lang='lat' dir='ltr'>in</span> <span class='ocrx_word' id='word_1_8' title='bbox 842 360 1312 422; x_wconf 85' lang='lat' dir='ltr'>Christianorum</span> <span class='ocrx_word' id='word_1_9' title='bbox 1347 363 1627 431; x_wconf 88' lang='lat' dir='ltr'>ecclesia,</span> <span class='ocrx_word' id='word_1_10' title='bbox 1692 382 1808 423; x_wconf 90' lang='lat' dir='ltr'>non</span> <span class='ocrx_word' id='word_1_11' title='bbox 1853 366 1915 423; x_wconf 92' lang='lat' dir='ltr'>in</span> <span class='ocrx_word' id='word_1_12' title='bbox 1958 364 2181 442; x_wconf 87' lang='lat' dir='ltr'>templo</span> 
     </span>
    </p>

    <p class='ocr_par' dir='ltr' id='par_1_3' title="bbox 251 440 2249 695">
     <span class='ocr_line' id='line_1_3' title="bbox 253 440 2249 524; baseline 0.001 -18"><span class='ocrx_word' id='word_1_13' title='bbox 253 448 508 507; x_wconf 90' lang='lat' dir='ltr'>deorum</span> <span class='ocrx_word' id='word_1_14' title='bbox 555 447 817 506; x_wconf 90' lang='lat' dir='ltr'>omnium</span> <span class='ocrx_word' id='word_1_15' title='bbox 874 449 1226 506; x_wconf 69' lang='lat' dir='ltr'>tractaretis</span> <span class='ocrx_word' id='word_1_16' title='bbox 1305 450 1459 524; x_wconf 82' lang='lat' dir='ltr'>agite</span> <span class='ocrx_word' id='word_1_17' title='bbox 1510 440 1692 523; x_wconf 85' lang='lat' dir='ltr'>igitur</span> <span class='ocrx_word' id='word_1_18' title='bbox 1747 457 1805 507; x_wconf 90' lang='lat' dir='ltr'>et</span> <span class='ocrx_word' id='word_1_19' title='bbox 1836 450 2177 508; x_wconf 79' lang='lat' dir='ltr'>castimonia</span> <span class='ocrx_word' id='word_1_20' title='bbox 2218 460 2249 507; x_wconf 82' lang='lat'>6</span> 
     </span>
     <span class='ocr_line' id='line_1_4' title="bbox 251 530 2248 611; baseline 0.001 -21"><span class='ocrx_word' id='word_1_21' title='bbox 251 532 600 611; x_wconf 84' lang='lat' dir='ltr'>pontificum</span> <span class='ocrx_word' id='word_1_22' title='bbox 635 532 1134 607; x_wconf 78' lang='lat' dir='ltr'><strong>caerimoniisque</strong></span> <span class='ocrx_word' id='word_1_23' title='bbox 1176 530 1563 591; x_wconf 82' lang='lat' dir='ltr'><strong>sollemnibus</strong></span> <span class='ocrx_word' id='word_1_24' title='bbox 1603 533 1803 591; x_wconf 85' lang='lat' dir='ltr'>iuuate</span> <span class='ocrx_word' id='word_1_25' title='bbox 1847 534 2177 610; x_wconf 88' lang='lat' dir='ltr'>principem</span> <span class='ocrx_word' id='word_1_26' title='bbox 2238 559 2248 573; x_wconf 73' lang='lat'>=</span> 
     </span>
     <span class='ocr_line' id='line_1_5' title="bbox 251 614 2246 695; baseline 0.001 -19"><span class='ocrx_word' id='word_1_27' title='bbox 251 618 609 676; x_wconf 79' lang='lat' dir='ltr'>necessitate</span> <span class='ocrx_word' id='word_1_28' title='bbox 652 614 1321 691; x_wconf 86' lang='lat' dir='ltr'>publica-laborantem.</span> <span class='ocrx_word' id='word_1_29' title='bbox 1397 618 1788 694; x_wconf 87' lang='lat' dir='ltr'>inspiciantur</span> <span class='ocrx_word' id='word_1_30' title='bbox 1819 616 1983 685; x_wconf 84' lang='lat' dir='ltr'><strong>libri,</strong></span> <span class='ocrx_word' id='word_1_31' title='bbox 2029 635 2180 695; x_wconf 87' lang='lat' dir='ltr'>quae</span> <span class='ocrx_word' id='word_1_32' title='bbox 2218 630 2246 677; x_wconf 82' lang='lat'><strong>7</strong></span> 
     </span>
    </p>

    <p class='ocr_par' dir='ltr' id='par_1_4' title="bbox 189 698 2248 1117">
     <span class='ocr_line' id='line_1_6' title="bbox 189 698 2177 779; baseline 0.003 -24"><span class='ocrx_word' id='word_1_33' title='bbox 189 716 220 755; x_wconf 83' lang='lat'>5</span> <span class='ocrx_word' id='word_1_34' title='bbox 249 699 521 761; x_wconf 80' lang='lat' dir='ltr'>facienda</span> <span class='ocrx_word' id='word_1_35' title='bbox 553 700 776 759; x_wconf 80' lang='lat' dir='ltr'>fuerint</span> <span class='ocrx_word' id='word_1_36' title='bbox 807 698 1214 759; x_wconf 79' lang='lat' dir='ltr'>celebrentur:</span> <span class='ocrx_word' id='word_1_37' title='bbox 1266 700 1593 777; x_wconf 83' lang='lat' dir='ltr'>quemlibet</span> <span class='ocrx_word' id='word_1_38' title='bbox 1622 709 1943 779; x_wconf 80' lang='lat' dir='ltr'>sumptum,</span> <span class='ocrx_word' id='word_1_39' title='bbox 1979 704 2177 761; x_wconf 86' lang='lat' dir='ltr'>cuius-</span> 
     </span>
     <span class='ocr_line' id='line_1_7' title="bbox 247 784 2178 863; baseline 0 -18"><span class='ocrx_word' id='word_1_40' title='bbox 247 785 396 845; x_wconf 87' lang='lat' dir='ltr'>libet</span> <span class='ocrx_word' id='word_1_41' title='bbox 438 785 632 861; x_wconf 83' lang='lat' dir='ltr'>gentis</span> <span class='ocrx_word' id='word_1_42' title='bbox 675 790 914 862; x_wconf 82' lang='lat' dir='ltr'>captoS,</span> <span class='ocrx_word' id='word_1_43' title='bbox 969 784 1265 861; x_wconf 86' lang='lat' dir='ltr'>quaelibet</span> <span class='ocrx_word' id='word_1_44' title='bbox 1306 785 1577 845; x_wconf 88' lang='lat' dir='ltr'>animalia</span> <span class='ocrx_word' id='word_1_45' title='bbox 1621 788 1783 863; x_wconf 86' lang='lat' dir='ltr'>regia</span> <span class='ocrx_word' id='word_1_46' title='bbox 1829 805 1950 846; x_wconf 89' lang='lat' dir='ltr'>non</span> <span class='ocrx_word' id='word_1_47' title='bbox 1982 786 2178 853; x_wconf 83' lang='lat' dir='ltr'>abnuo</span> 
     </span>
     <span class='ocr_line' id='line_1_8' title="bbox 247 868 2177 945; baseline 0.001 -16"><span class='ocrx_word' id='word_1_48' title='bbox 247 870 354 929; x_wconf 90' lang='lat' dir='ltr'>sed</span> <span class='ocrx_word' id='word_1_49' title='bbox 401 869 596 929; x_wconf 86' lang='lat' dir='ltr'>libens</span> <span class='ocrx_word' id='word_1_50' title='bbox 627 868 830 941; x_wconf 79' lang='lat' dir='ltr'>offero,</span> <span class='ocrx_word' id='word_1_51' title='bbox 867 885 1062 945; x_wconf 85' lang='lat' dir='ltr'>neque</span> <span class='ocrx_word' id='word_1_52' title='bbox 1097 871 1252 929; x_wconf 90' lang='lat' dir='ltr'>enim</span> <span class='ocrx_word' id='word_1_53' title='bbox 1286 869 1631 930; x_wconf 86' lang='lat' dir='ltr'>indecorum</span> <span class='ocrx_word' id='word_1_54' title='bbox 1677 869 1767 929; x_wconf 74' lang='lat' dir='ltr'>e&#39;st</span> <span class='ocrx_word' id='word_1_55' title='bbox 1810 870 1924 931; x_wconf 88' lang='lat' dir='ltr'>diis</span> <span class='ocrx_word' id='word_1_56' title='bbox 1965 872 2177 930; x_wconf 86' lang='lat' dir='ltr'>iuuan-</span> 
     </span>
     <span class='ocr_line' id='line_1_9' title="bbox 248 954 2181 1031; baseline 0.001 -17"><span class='ocrx_word' id='word_1_57' title='bbox 248 954 413 1015; x_wconf 83' lang='lat' dir='ltr'>tibus</span> <span class='ocrx_word' id='word_1_58' title='bbox 447 957 708 1013; x_wconf 86' lang='lat' dir='ltr'>uincere.</span> <span class='ocrx_word' id='word_1_59' title='bbox 769 954 854 1012; x_wconf 90' lang='lat' dir='ltr'>sic</span> <span class='ocrx_word' id='word_1_60' title='bbox 886 954 1041 1031; x_wconf 87' lang='lat' dir='ltr'>apud</span> <span class='ocrx_word' id='word_1_61' title='bbox 1073 956 1333 1013; x_wconf 88' lang='lat' dir='ltr'>maiores</span> <span class='ocrx_word' id='word_1_62' title='bbox 1364 963 1603 1014; x_wconf 86' lang='lat' dir='ltr'>nostros</span> <span class='ocrx_word' id='word_1_63' title='bbox 1636 954 1813 1014; x_wconf 86' lang='lat' dir='ltr'>multa</span> <span class='ocrx_word' id='word_1_64' title='bbox 1846 956 2008 1016; x_wconf 86' lang='lat' dir='ltr'>finita</span> <span class='ocrx_word' id='word_1_65' title='bbox 2042 962 2181 1015; x_wconf 91' lang='lat' dir='ltr'>sunt</span> 
     </span>
     <span class='ocr_line' id='line_1_10' title="bbox 247 1038 2248 1117; baseline 0.002 -19"><span class='ocrx_word' id='word_1_66' title='bbox 247 1038 426 1107; x_wconf 91' lang='lat' dir='ltr'>bella,</span> <span class='ocrx_word' id='word_1_67' title='bbox 461 1040 545 1097; x_wconf 87' lang='lat' dir='ltr'>sic</span> <span class='ocrx_word' id='word_1_68' title='bbox 578 1045 806 1115; x_wconf 87' lang='lat' dir='ltr'>coepta.</span> <span class='ocrx_word' id='word_1_69' title='bbox 855 1040 905 1096; x_wconf 89' lang='lat' dir='ltr'>si</span> <span class='ocrx_word' id='word_1_70' title='bbox 937 1039 1073 1114; x_wconf 86' lang='lat' dir='ltr'>quid</span> <span class='ocrx_word' id='word_1_71' title='bbox 1109 1046 1197 1097; x_wconf 86' lang='lat' dir='ltr'>est</span> <span class='ocrx_word' id='word_1_72' title='bbox 1227 1047 1593 1116; x_wconf 86' lang='lat' dir='ltr'>sumptuum,</span> <span class='ocrx_word' id='word_1_73' title='bbox 1629 1038 1777 1099; x_wconf 90' lang='lat' dir='ltr'>datis</span> <span class='ocrx_word' id='word_1_74' title='bbox 1808 1039 1877 1098; x_wconf 90' lang='lat' dir='ltr'>ad</span> <span class='ocrx_word' id='word_1_75' title='bbox 1911 1041 2179 1117; x_wconf 80' lang='lat' dir='ltr'>praefec-</span> <span class='ocrx_word' id='word_1_76' title='bbox 2216 1054 2248 1102; x_wconf 84' lang='lat'><em>8</em></span> 
     </span>
    </p>

    <p class='ocr_par' dir='ltr' id='par_1_5' title="bbox 167 1122 2180 1370">
     <span class='ocr_line' id='line_1_11' title="bbox 167 1122 2180 1201; baseline 0.002 -22"><span class='ocrx_word' id='word_1_77' title='bbox 167 1140 217 1179; x_wconf 75' lang='grc' dir='ltr'>ιο</span> <span class='ocrx_word' id='word_1_78' title='bbox 244 1133 373 1183; x_wconf 91' lang='lat' dir='ltr'>tum</span> <span class='ocrx_word' id='word_1_79' title='bbox 421 1123 635 1182; x_wconf 87' lang='lat' dir='ltr'>aerarii</span> <span class='ocrx_word' id='word_1_80' title='bbox 677 1122 890 1182; x_wconf 89' lang='lat' dir='ltr'>litteris</span> <span class='ocrx_word' id='word_1_81' title='bbox 931 1122 1175 1182; x_wconf 91' lang='lat' dir='ltr'>decerni</span> <span class='ocrx_word' id='word_1_82' title='bbox 1217 1125 1379 1183; x_wconf 91' lang='lat' dir='ltr'>iussi.</span> <span class='ocrx_word' id='word_1_83' title='bbox 1467 1129 1557 1182; x_wconf 91' lang='lat' dir='ltr'>est</span> <span class='ocrx_word' id='word_1_84' title='bbox 1598 1131 1912 1201; x_wconf 87' lang='lat' dir='ltr'>praeterea</span> <span class='ocrx_word' id='word_1_85' title='bbox 1943 1131 2180 1183; x_wconf 88' lang='lat' dir='ltr'>uestrae</span> 
     </span>
     <span class='ocr_line' id='line_1_12' title="bbox 245 1207 2179 1286; baseline -0.001 -17"><span class='ocrx_word' id='word_1_86' title='bbox 245 1209 620 1269; x_wconf 80' lang='lat' dir='ltr'>auctoritatis</span> <span class='ocrx_word' id='word_1_87' title='bbox 650 1224 786 1268; x_wconf 87' lang='lat' dir='ltr'>arca</span> <span class='ocrx_word' id='word_1_88' title='bbox 820 1207 1080 1284; x_wconf 87' lang='lat' dir='ltr'>publica,</span> <span class='ocrx_word' id='word_1_89' title='bbox 1145 1226 1320 1285; x_wconf 84' lang='lat' dir='ltr'>quam</span> <span class='ocrx_word' id='word_1_90' title='bbox 1364 1208 1553 1284; x_wconf 83' lang='lat' dir='ltr'>magis</span> <span class='ocrx_word' id='word_1_91' title='bbox 1583 1208 1866 1268; x_wconf 81' lang='lat' dir='ltr'>refertam</span> <span class='ocrx_word' id='word_1_92' title='bbox 1898 1210 2179 1286; x_wconf 88' lang='lat' dir='ltr'>repperio</span> 
     </span>
     <span class='ocr_line' id='line_1_13' title="bbox 247 1293 838 1370; baseline -0.002 -18"><span class='ocrx_word' id='word_1_93' title='bbox 247 1311 401 1360; x_wconf 89' lang='lat' dir='ltr'>esse,</span> <span class='ocrx_word' id='word_1_94' title='bbox 437 1309 612 1369; x_wconf 87' lang='lat' dir='ltr'>quam</span> <span class='ocrx_word' id='word_1_95' title='bbox 646 1293 838 1370; x_wconf 83' lang='lat' dir='ltr'>cupio.</span> 
     </span>
    </p>

    <p class='ocr_par' dir='ltr' id='par_1_6' title="bbox 244 1375 2276 1538">
     <span class='ocr_line' id='line_1_14' title="bbox 375 1375 2276 1441; baseline -0.001 -4"><span class='ocrx_word' id='word_1_96' title='bbox 375 1377 523 1437; x_wconf 88' lang='lat' dir='ltr'>Cum</span> <span class='ocrx_word' id='word_1_97' title='bbox 585 1385 778 1437; x_wconf 89' lang='lat' dir='ltr'>autem</span> <span class='ocrx_word' id='word_1_98' title='bbox 824 1376 1174 1437; x_wconf 80' lang='lat' dir='ltr'>Aurelianus</span> <span class='ocrx_word' id='word_1_99' title='bbox 1237 1375 1418 1435; x_wconf 88' lang='lat' dir='ltr'>uellet</span> <span class='ocrx_word' id='word_1_100' title='bbox 1477 1376 1755 1436; x_wconf 89' lang='lat' dir='ltr'>omnibus</span> <span class='ocrx_word' id='word_1_101' title='bbox 1806 1375 1979 1436; x_wconf 90' lang='lat' dir='ltr'>simul</span> <span class='ocrx_word' id='word_1_102' title='bbox 2028 1377 2176 1435; x_wconf 80' lang='lat' dir='ltr'>facta</span> <span class='ocrx_word' id='word_1_103' title='bbox 2198 1379 2276 1441; x_wconf 77' lang='grc'>21</span> 
     </span>
     <span class='ocr_line' id='line_1_15' title="bbox 244 1460 2177 1538; baseline -0.001 -17"><span class='ocrx_word' id='word_1_104' title='bbox 244 1463 547 1521; x_wconf 85' lang='lat' dir='ltr'>exercitus</span> <span class='ocrx_word' id='word_1_105' title='bbox 600 1463 692 1519; x_wconf 84' lang='lat' dir='ltr'>sni</span> <span class='ocrx_word' id='word_1_106' title='bbox 747 1462 1177 1538; x_wconf 86' lang='lat' dir='ltr'>constipatione</span> <span class='ocrx_word' id='word_1_107' title='bbox 1211 1476 1603 1528; x_wconf 89' lang='lat' dir='ltr'>concurrere,</span> <span class='ocrx_word' id='word_1_108' title='bbox 1669 1468 1827 1521; x_wconf 86' lang='lat' dir='ltr'>tanta</span> <span class='ocrx_word' id='word_1_109' title='bbox 1858 1460 2012 1538; x_wconf 87' lang='lat' dir='ltr'>apud</span> <span class='ocrx_word' id='word_1_110' title='bbox 2046 1460 2177 1521; x_wconf 86' lang='lat' dir='ltr'>Pla-</span> 
     </span>
    </p>

    <p class='ocr_par' dir='ltr' id='par_1_7' title="bbox 167 1544 2247 1961">
     <span class='ocr_line' id='line_1_16' title="bbox 167 1544 2178 1623; baseline 0.001 -22"><span class='ocrx_word' id='word_1_111' title='bbox 167 1562 216 1601; x_wconf 86' lang='lat'>15</span> <span class='ocrx_word' id='word_1_112' title='bbox 245 1547 502 1607; x_wconf 87' lang='lat' dir='ltr'>centiam</span> <span class='ocrx_word' id='word_1_113' title='bbox 537 1545 735 1605; x_wconf 84' lang='lat' dir='ltr'>clades</span> <span class='ocrx_word' id='word_1_114' title='bbox 767 1553 1007 1623; x_wconf 85' lang='lat' dir='ltr'>accepta</span> <span class='ocrx_word' id='word_1_115' title='bbox 1042 1552 1130 1605; x_wconf 89' lang='lat' dir='ltr'>est</span> <span class='ocrx_word' id='word_1_116' title='bbox 1164 1552 1227 1605; x_wconf 91' lang='lat' dir='ltr'>ut</span> <span class='ocrx_word' id='word_1_117' title='bbox 1256 1544 1588 1605; x_wconf 89' lang='lat' dir='ltr'>Romanum</span> <span class='ocrx_word' id='word_1_118' title='bbox 1622 1563 1811 1623; x_wconf 85' lang='lat' dir='ltr'>paene</span> <span class='ocrx_word' id='word_1_119' title='bbox 1843 1545 2178 1606; x_wconf 89' lang='lat' dir='ltr'>solueretur</span> 
     </span>
     <span class='ocr_line' id='line_1_17' title="bbox 241 1628 2243 1709; baseline -0 -19"><span class='ocrx_word' id='word_1_120' title='bbox 241 1633 582 1709; x_wconf 88' lang='lat' dir='ltr'>imperium.</span> <span class='ocrx_word' id='word_1_121' title='bbox 663 1636 722 1689; x_wconf 88' lang='lat' dir='ltr'>et</span> <span class='ocrx_word' id='word_1_122' title='bbox 763 1648 937 1689; x_wconf 88' lang='lat' dir='ltr'>causa</span> <span class='ocrx_word' id='word_1_123' title='bbox 993 1629 1230 1706; x_wconf 87' lang='lat' dir='ltr'>quidem</span> <span class='ocrx_word' id='word_1_124' title='bbox 1285 1628 1465 1689; x_wconf 91' lang='lat' dir='ltr'>huius</span> <span class='ocrx_word' id='word_1_125' title='bbox 1517 1629 1767 1706; x_wconf 87' lang='lat' dir='ltr'>periculi</span> <span class='ocrx_word' id='word_1_126' title='bbox 1821 1630 2064 1708; x_wconf 88' lang='lat' dir='ltr'>perfidia</span> <span class='ocrx_word' id='word_1_127' title='bbox 2118 1636 2179 1689; x_wconf 90' lang='lat' dir='ltr'>et</span> <span class='ocrx_word' id='word_1_128' title='bbox 2213 1649 2243 1695; x_wconf 83' lang='lat'><strong>2</strong></span> 
     </span>
     <span class='ocr_line' id='line_1_18' title="bbox 249 1714 2177 1793; baseline -0.001 -18"><span class='ocrx_word' id='word_1_129' title='bbox 249 1714 540 1775; x_wconf 84' lang='lat' dir='ltr'>calliditas</span> <span class='ocrx_word' id='word_1_130' title='bbox 570 1714 868 1775; x_wconf 87' lang='lat' dir='ltr'>barbarici</span> <span class='ocrx_word' id='word_1_131' title='bbox 899 1715 1008 1773; x_wconf 79' lang='lat' dir='ltr'>fuit</span> <span class='ocrx_word' id='word_1_132' title='bbox 1040 1723 1255 1774; x_wconf 89' lang='lat' dir='ltr'>motus.</span> <span class='ocrx_word' id='word_1_133' title='bbox 1321 1733 1453 1773; x_wconf 88' lang='lat' dir='ltr'>nam</span> <span class='ocrx_word' id='word_1_134' title='bbox 1488 1733 1621 1775; x_wconf 92' lang='lat' dir='ltr'>cum</span> <span class='ocrx_word' id='word_1_135' title='bbox 1656 1714 1939 1791; x_wconf 83' lang='lat' dir='ltr'>congredi</span> <span class='ocrx_word' id='word_1_136' title='bbox 1971 1721 2177 1793; x_wconf 88' lang='lat' dir='ltr'>aperto</span> 
     </span>
     <span class='ocr_line' id='line_1_19' title="bbox 245 1798 2245 1877; baseline -0.001 -17"><span class='ocrx_word' id='word_1_137' title='bbox 245 1801 432 1860; x_wconf 86' lang='lat' dir='ltr'>Marte</span> <span class='ocrx_word' id='word_1_138' title='bbox 476 1818 594 1859; x_wconf 92' lang='lat' dir='ltr'>non</span> <span class='ocrx_word' id='word_1_139' title='bbox 637 1806 912 1877; x_wconf 87' lang='lat' dir='ltr'>possent,</span> <span class='ocrx_word' id='word_1_140' title='bbox 966 1801 1025 1858; x_wconf 90' lang='lat' dir='ltr'>in</span> <span class='ocrx_word' id='word_1_141' title='bbox 1057 1798 1239 1859; x_wconf 87' lang='lat' dir='ltr'>siluas</span> <span class='ocrx_word' id='word_1_142' title='bbox 1272 1818 1335 1857; x_wconf 88' lang='lat' dir='ltr'>se</span> <span class='ocrx_word' id='word_1_143' title='bbox 1372 1799 1757 1859; x_wconf 88' lang='lat' dir='ltr'>densissimas</span> <span class='ocrx_word' id='word_1_144' title='bbox 1794 1799 2179 1859; x_wconf 89' lang='lat' dir='ltr'>contulerunt</span> <span class='ocrx_word' id='word_1_145' title='bbox 2214 1818 2245 1865; x_wconf 85' lang='lat'><strong>3</strong></span> 
     </span>
     <span class='ocr_line' id='line_1_20' title="bbox 245 1883 2247 1961; baseline -0 -18"><span class='ocrx_word' id='word_1_146' title='bbox 245 1892 424 1961; x_wconf 85' lang='lat' dir='ltr'>atque</span> <span class='ocrx_word' id='word_1_147' title='bbox 481 1885 569 1942; x_wconf 86' lang='lat' dir='ltr'>ita</span> <span class='ocrx_word' id='word_1_148' title='bbox 607 1891 844 1943; x_wconf 91' lang='lat' dir='ltr'>nostros</span> <span class='ocrx_word' id='word_1_149' title='bbox 884 1902 1136 1961; x_wconf 83' lang='lat' dir='ltr'>uespera</span> <span class='ocrx_word' id='word_1_150' title='bbox 1179 1883 1563 1943; x_wconf 88' lang='lat' dir='ltr'>incumbente</span> <span class='ocrx_word' id='word_1_151' title='bbox 1594 1884 1929 1943; x_wconf 87' lang='lat' dir='ltr'>turbarunt.</span> <span class='ocrx_word' id='word_1_152' title='bbox 2010 1883 2175 1942; x_wconf 91' lang='lat' dir='ltr'>deni·</span> <span class='ocrx_word' id='word_1_153' title='bbox 2214 1903 2247 1949; x_wconf 83' lang='lat'>4</span> 
     </span>
    </p>

    <p class='ocr_par' dir='ltr' id='par_1_8' title="bbox 162 1966 2179 2217">
     <span class='ocr_line' id='line_1_21' title="bbox 162 1966 2177 2047; baseline 0.001 -23"><span class='ocrx_word' id='word_1_154' title='bbox 162 1987 218 2024; x_wconf 66' lang='grc' dir='ltr'>ρο</span> <span class='ocrx_word' id='word_1_155' title='bbox 243 1987 362 2047; x_wconf 88' lang='lat' dir='ltr'>que</span> <span class='ocrx_word' id='word_1_156' title='bbox 391 1970 510 2027; x_wconf 87' lang='lat' dir='ltr'>nisi</span> <span class='ocrx_word' id='word_1_157' title='bbox 541 1968 739 2027; x_wconf 86' lang='lat' dir='ltr'>diuina</span> <span class='ocrx_word' id='word_1_158' title='bbox 772 1986 886 2046; x_wconf 88' lang='lat' dir='ltr'>ope</span> <span class='ocrx_word' id='word_1_159' title='bbox 915 1976 1051 2047; x_wconf 88' lang='lat' dir='ltr'>post</span> <span class='ocrx_word' id='word_1_160' title='bbox 1079 1969 1513 2045; x_wconf 85' lang='lat' dir='ltr'>inspectionem</span> <span class='ocrx_word' id='word_1_161' title='bbox 1547 1966 1837 2027; x_wconf 82' lang='lat' dir='ltr'>librorum</span> <span class='ocrx_word' id='word_1_162' title='bbox 1860 1968 2177 2027; x_wconf 84' lang='lat' dir='ltr'>sacrificio·</span> 
     </span>
     <span class='ocr_line' id='line_1_22' title="bbox 244 2051 2179 2131; baseline -0.001 -18"><span class='ocrx_word' id='word_1_163' title='bbox 244 2070 500 2131; x_wconf 86' lang='lat' dir='ltr'>rumque</span> <span class='ocrx_word' id='word_1_164' title='bbox 544 2069 721 2113; x_wconf 78' lang='lat' dir='ltr'>curas</span> <span class='ocrx_word' id='word_1_165' title='bbox 768 2054 1050 2111; x_wconf 88' lang='lat' dir='ltr'>monstris</span> <span class='ocrx_word' id='word_1_166' title='bbox 1081 2051 1434 2127; x_wconf 85' lang='lat' dir='ltr'>quibusdam</span> <span class='ocrx_word' id='word_1_167' title='bbox 1467 2052 1901 2129; x_wconf 87' lang='lat' dir='ltr'>speciebusque</span> <span class='ocrx_word' id='word_1_168' title='bbox 1962 2052 2179 2111; x_wconf 87' lang='lat' dir='ltr'>diuinis</span> 
     </span>
     <span class='ocr_line' id='line_1_23' title="bbox 243 2131 1999 2217; baseline -0.002 -20"><span class='ocrx_word' id='word_1_169' title='bbox 243 2138 496 2217; x_wconf 90' lang='lat' dir='ltr'>inpliciti</span> <span class='ocrx_word' id='word_1_170' title='bbox 529 2145 728 2197; x_wconf 89' lang='lat' dir='ltr'>essent</span> <span class='ocrx_word' id='word_1_171' title='bbox 759 2135 1014 2203; x_wconf 87' lang='lat' dir='ltr'>barbari,</span> <span class='ocrx_word' id='word_1_172' title='bbox 1049 2136 1314 2195; x_wconf 86' lang='lat' dir='ltr'>Romana</span> <span class='ocrx_word' id='word_1_173' title='bbox 1344 2138 1592 2196; x_wconf 88' lang='lat' dir='ltr'>uictoria</span> <span class='ocrx_word' id='word_1_174' title='bbox 1628 2155 1746 2195; x_wconf 88' lang='lat' dir='ltr'>non</span> <span class='ocrx_word' id='word_1_175' title='bbox 1771 2131 1999 2197; x_wconf 81' lang='lat' dir='ltr'>fuisset.</span> 
     </span>
    </p>

    <p class='ocr_par' dir='ltr' id='par_1_9' title="bbox 246 2220 2247 2383">
     <span class='ocr_line' id='line_1_24' title="bbox 369 2220 2247 2301; baseline -0.002 -18"><span class='ocrx_word' id='word_1_176' title='bbox 369 2223 566 2283; x_wconf 85' lang='lat' dir='ltr'>Finito</span> <span class='ocrx_word' id='word_1_177' title='bbox 607 2221 833 2301; x_wconf 87' lang='lat' dir='ltr'>proelio</span> <span class='ocrx_word' id='word_1_178' title='bbox 866 2222 1342 2283; x_wconf 84' lang='lat' dir='ltr'>Marcomannico</span> <span class='ocrx_word' id='word_1_179' title='bbox 1375 2220 1759 2289; x_wconf 81' lang='lat' dir='ltr'>AurelianuS,</span> <span class='ocrx_word' id='word_1_180' title='bbox 1803 2228 1869 2280; x_wconf 91' lang='lat' dir='ltr'>ut</span> <span class='ocrx_word' id='word_1_181' title='bbox 1914 2228 2043 2280; x_wconf 90' lang='lat' dir='ltr'>erat</span> <span class='ocrx_word' id='word_1_182' title='bbox 2072 2238 2175 2279; x_wconf 91' lang='lat' dir='ltr'>na·</span> <span class='ocrx_word' id='word_1_183' title='bbox 2216 2240 2247 2288; x_wconf 85' lang='lat'>5</span> 
     </span>
     <span class='ocr_line' id='line_1_25' title="bbox 246 2303 2177 2383; baseline -0.002 -16"><span class='ocrx_word' id='word_1_184' title='bbox 246 2316 374 2367; x_wconf 87' lang='lat' dir='ltr'>tura</span> <span class='ocrx_word' id='word_1_185' title='bbox 435 2308 730 2377; x_wconf 80' lang='lat' dir='ltr'>ferocior,</span> <span class='ocrx_word' id='word_1_186' title='bbox 777 2305 988 2383; x_wconf 89' lang='lat' dir='ltr'>plenus</span> <span class='ocrx_word' id='word_1_187' title='bbox 1030 2303 1251 2366; x_wconf 82' lang='lat' dir='ltr'>irarum</span> <span class='ocrx_word' id='word_1_188' title='bbox 1285 2305 1532 2365; x_wconf 86' lang='lat' dir='ltr'>Romam</span> <span class='ocrx_word' id='word_1_189' title='bbox 1569 2307 1717 2383; x_wconf 83' lang='lat' dir='ltr'>petit</span> <span class='ocrx_word' id='word_1_190' title='bbox 1750 2305 2043 2365; x_wconf 88' lang='lat' dir='ltr'>uindictae</span> <span class='ocrx_word' id='word_1_191' title='bbox 2076 2324 2177 2363; x_wconf 90' lang='lat' dir='ltr'>cu-</span> 
     </span>
    </p>

    <p class='ocr_par' dir='ltr' id='par_1_10' title="bbox 169 2389 2246 2805">
     <span class='ocr_line' id='line_1_26' title="bbox 169 2389 2179 2471; baseline 0.001 -24"><span class='ocrx_word' id='word_1_192' title='bbox 169 2408 222 2447; x_wconf 80' lang='lat'>25</span> <span class='ocrx_word' id='word_1_193' title='bbox 249 2391 444 2471; x_wconf 82' lang='lat' dir='ltr'>piduS,</span> <span class='ocrx_word' id='word_1_194' title='bbox 481 2408 656 2467; x_wconf 88' lang='lat' dir='ltr'>quam</span> <span class='ocrx_word' id='word_1_195' title='bbox 689 2391 1044 2450; x_wconf 74' lang='lat' dir='ltr'>sedit-ionum</span> <span class='ocrx_word' id='word_1_196' title='bbox 1091 2392 1381 2467; x_wconf 87' lang='lat' dir='ltr'>asperitas</span> <span class='ocrx_word' id='word_1_197' title='bbox 1424 2390 1799 2467; x_wconf 83' lang='lat' dir='ltr'>suggerebat.</span> <span class='ocrx_word' id='word_1_198' title='bbox 1876 2389 2179 2450; x_wconf 89' lang='lat' dir='ltr'>inciuilius</span> 
     </span>
     <span class='ocr_line' id='line_1_27' title="bbox 242 2473 2177 2553; baseline -0.001 -18"><span class='ocrx_word' id='word_1_199' title='bbox 242 2478 506 2551; x_wconf 87' lang='lat' dir='ltr'>denique</span> <span class='ocrx_word' id='word_1_200' title='bbox 538 2494 680 2535; x_wconf 88' lang='lat' dir='ltr'>usus</span> <span class='ocrx_word' id='word_1_201' title='bbox 711 2476 984 2552; x_wconf 89' lang='lat' dir='ltr'>imperio,</span> <span class='ocrx_word' id='word_1_202' title='bbox 1017 2477 1112 2535; x_wconf 90' lang='lat' dir='ltr'>uir</span> <span class='ocrx_word' id='word_1_203' title='bbox 1141 2473 1289 2535; x_wconf 87' lang='lat' dir='ltr'>alias</span> <span class='ocrx_word' id='word_1_204' title='bbox 1320 2476 1611 2553; x_wconf 83' lang='lat' dir='ltr'>optimuS,</span> <span class='ocrx_word' id='word_1_205' title='bbox 1648 2475 2004 2535; x_wconf 87' lang='lat' dir='ltr'>seditionum</span> <span class='ocrx_word' id='word_1_206' title='bbox 2039 2494 2177 2534; x_wconf 89' lang='lat' dir='ltr'>auc-</span> 
     </span>
     <span class='ocr_line' id='line_1_28' title="bbox 245 2559 2179 2637; baseline -0.002 -16"><span class='ocrx_word' id='word_1_207' title='bbox 245 2560 480 2621; x_wconf 90' lang='lat' dir='ltr'>toribus</span> <span class='ocrx_word' id='word_1_208' title='bbox 540 2562 918 2637; x_wconf 87' lang='lat' dir='ltr'>interemptis</span> <span class='ocrx_word' id='word_1_209' title='bbox 979 2561 1289 2619; x_wconf 91' lang='lat' dir='ltr'>cruentius</span> <span class='ocrx_word' id='word_1_210' title='bbox 1342 2578 1409 2619; x_wconf 91' lang='lat' dir='ltr'>ea</span> <span class='ocrx_word' id='word_1_211' title='bbox 1466 2576 1619 2636; x_wconf 87' lang='lat' dir='ltr'>quae</span> <span class='ocrx_word' id='word_1_212' title='bbox 1662 2559 1898 2619; x_wconf 91' lang='lat' dir='ltr'>mollius</span> <span class='ocrx_word' id='word_1_213' title='bbox 1942 2560 2179 2620; x_wconf 83' lang='lat' dir='ltr'>fuerant</span> 
     </span>
     <span class='ocr_line' id='line_1_29' title="bbox 244 2643 2246 2721; baseline -0.001 -16"><span class='ocrx_word' id='word_1_214' title='bbox 244 2644 511 2705; x_wconf 89' lang='lat' dir='ltr'>curanda</span> <span class='ocrx_word' id='word_1_215' title='bbox 544 2645 925 2721; x_wconf 87' lang='lat' dir='ltr'>compescuit.</span> <span class='ocrx_word' id='word_1_216' title='bbox 1000 2644 1300 2703; x_wconf 81' lang='lat' dir='ltr'>interfecti</span> <span class='ocrx_word' id='word_1_217' title='bbox 1332 2651 1473 2704; x_wconf 93' lang='lat' dir='ltr'>sunt</span> <span class='ocrx_word' id='word_1_218' title='bbox 1505 2646 1661 2704; x_wconf 90' lang='lat' dir='ltr'>enim</span> <span class='ocrx_word' id='word_1_219' title='bbox 1698 2643 1964 2703; x_wconf 90' lang='lat' dir='ltr'>nonnulli</span> <span class='ocrx_word' id='word_1_220' title='bbox 1998 2646 2177 2703; x_wconf 87' lang='lat' dir='ltr'>etiam</span> <span class='ocrx_word' id='word_1_221' title='bbox 2216 2664 2246 2710; x_wconf 82' lang='lat'><strong>6</strong></span> 
     </span>
     <span class='ocr_line' id='line_1_30' title="bbox 245 2727 2176 2805; baseline -0.002 -16"><span class='ocrx_word' id='word_1_222' title='bbox 245 2728 480 2789; x_wconf 91' lang='lat' dir='ltr'>nobiles</span> <span class='ocrx_word' id='word_1_223' title='bbox 536 2736 871 2796; x_wconf 88' lang='lat' dir='ltr'>senatores,</span> <span class='ocrx_word' id='word_1_224' title='bbox 946 2746 1081 2787; x_wconf 91' lang='lat' dir='ltr'>cum</span> <span class='ocrx_word' id='word_1_225' title='bbox 1125 2727 1217 2788; x_wconf 89' lang='lat' dir='ltr'>bis</span> <span class='ocrx_word' id='word_1_226' title='bbox 1265 2728 1399 2787; x_wconf 93' lang='lat' dir='ltr'>leue</span> <span class='ocrx_word' id='word_1_227' title='bbox 1442 2728 1717 2805; x_wconf 86' lang='lat' dir='ltr'>quiddam</span> <span class='ocrx_word' id='word_1_228' title='bbox 1753 2737 1811 2787; x_wconf 88' lang='lat' dir='ltr'>et</span> <span class='ocrx_word' id='word_1_229' title='bbox 1844 2727 1998 2805; x_wconf 91' lang='lat' dir='ltr'>quod</span> <span class='ocrx_word' id='word_1_230' title='bbox 2034 2746 2176 2787; x_wconf 90' lang='lat' dir='ltr'>con-</span> 
     </span>
    </p>

    <p class='ocr_par' dir='ltr' id='par_1_11' title="bbox 165 2811 2247 3059">
     <span class='ocr_line' id='line_1_31' title="bbox 165 2811 2179 2891; baseline 0 -22"><span class='ocrx_word' id='word_1_231' title='bbox 165 2832 214 2870; x_wconf 80' lang='grc' dir='ltr'>3ο</span> <span class='ocrx_word' id='word_1_232' title='bbox 243 2816 429 2875; x_wconf 86' lang='lat' dir='ltr'>temni</span> <span class='ocrx_word' id='word_1_233' title='bbox 460 2833 493 2873; x_wconf 86' lang='lat' dir='ltr'>a</span> <span class='ocrx_word' id='word_1_234' title='bbox 525 2814 764 2872; x_wconf 90' lang='lat' dir='ltr'>mitiore</span> <span class='ocrx_word' id='word_1_235' title='bbox 801 2814 1073 2891; x_wconf 88' lang='lat' dir='ltr'>principe</span> <span class='ocrx_word' id='word_1_236' title='bbox 1105 2814 1412 2890; x_wconf 88' lang='lat' dir='ltr'>potuisset,</span> <span class='ocrx_word' id='word_1_237' title='bbox 1451 2812 1545 2871; x_wconf 92' lang='lat' dir='ltr'>uel</span> <span class='ocrx_word' id='word_1_238' title='bbox 1578 2831 1736 2872; x_wconf 92' lang='lat' dir='ltr'>unus</span> <span class='ocrx_word' id='word_1_239' title='bbox 1770 2811 1865 2870; x_wconf 89' lang='lat' dir='ltr'>uel</span> <span class='ocrx_word' id='word_1_240' title='bbox 1900 2812 2049 2872; x_wconf 88' lang='lat' dir='ltr'>leuis</span> <span class='ocrx_word' id='word_1_241' title='bbox 2079 2811 2179 2871; x_wconf 88' lang='lat' dir='ltr'>uel</span> 
     </span>
     <span class='ocr_line' id='line_1_32' title="bbox 243 2896 2247 2974; baseline -0.001 -16"><span class='ocrx_word' id='word_1_242' title='bbox 243 2899 381 2958; x_wconf 89' lang='lat' dir='ltr'>uilis</span> <span class='ocrx_word' id='word_1_243' title='bbox 413 2899 584 2957; x_wconf 87' lang='lat' dir='ltr'>testis</span> <span class='ocrx_word' id='word_1_244' title='bbox 613 2896 898 2956; x_wconf 87' lang='lat' dir='ltr'>obiceret.</span> <span class='ocrx_word' id='word_1_245' title='bbox 978 2897 1113 2974; x_wconf 89' lang='lat' dir='ltr'>quid</span> <span class='ocrx_word' id='word_1_246' title='bbox 1161 2897 1387 2957; x_wconf 77' lang='lat' dir='ltr'>multa?</span> <span class='ocrx_word' id='word_1_247' title='bbox 1434 2914 1710 2973; x_wconf 87' lang='lat' dir='ltr'>magnum</span> <span class='ocrx_word' id='word_1_248' title='bbox 1744 2896 1891 2955; x_wconf 89' lang='lat' dir='ltr'>illud</span> <span class='ocrx_word' id='word_1_249' title='bbox 1926 2902 1985 2955; x_wconf 93' lang='lat' dir='ltr'>et</span> <span class='ocrx_word' id='word_1_250' title='bbox 2016 2896 2174 2973; x_wconf 88' lang='lat' dir='ltr'>quod</span> <span class='ocrx_word' id='word_1_251' title='bbox 2214 2918 2247 2964; x_wconf 78' lang='lat'>7</span> 
     </span>
     <span class='ocr_line' id='line_1_33' title="bbox 239 2981 2176 3059; baseline -0.001 -18"><span class='ocrx_word' id='word_1_252' title='bbox 239 2986 356 3043; x_wconf 88' lang='lat' dir='ltr'>iam</span> <span class='ocrx_word' id='word_1_253' title='bbox 413 2984 608 3043; x_wconf 81' lang='lat' dir='ltr'>fuerat</span> <span class='ocrx_word' id='word_1_254' title='bbox 662 2990 722 3041; x_wconf 86' lang='lat' dir='ltr'>et</span> <span class='ocrx_word' id='word_1_255' title='bbox 773 2981 928 3059; x_wconf 91' lang='lat' dir='ltr'>quod</span> <span class='ocrx_word' id='word_1_256' title='bbox 984 2990 1104 3040; x_wconf 86' lang='lat' dir='ltr'>non</span> <span class='ocrx_word' id='word_1_257' title='bbox 1157 2982 1382 3041; x_wconf 78' lang='lat' dir='ltr'>frustra</span> <span class='ocrx_word' id='word_1_258' title='bbox 1426 2989 1734 3059; x_wconf 88' lang='lat' dir='ltr'>speratum</span> <span class='ocrx_word' id='word_1_259' title='bbox 1780 2988 1871 3039; x_wconf 90' lang='lat' dir='ltr'>est</span> <span class='ocrx_word' id='word_1_260' title='bbox 1900 2981 2176 3040; x_wconf 80' lang='lat' dir='ltr'>infamiae</span> 
     </span>
    </p>
   </div>
   <div class='ocr_carea' id='block_1_3' title="bbox 243 3164 2187 3567">
    <p class='ocr_par' dir='ltr' id='par_1_12' title="bbox 243 3164 2187 3567">
     <span class='ocr_line' id='line_1_34' title="bbox 383 3164 2187 3230; baseline 0.002 -15"><span class='ocrx_word' id='word_1_261' title='bbox 383 3168 407 3215; x_wconf 90' lang='lat'>1</span> <span class='ocrx_word' id='word_1_262' title='bbox 437 3166 824 3215; x_wconf 80' lang='lat' dir='ltr'>cristianorum</span> <span class='ocrx_word' id='word_1_263' title='bbox 849 3164 953 3215; x_wconf 86' lang='lat' dir='ltr'>BP</span> <span class='ocrx_word' id='word_1_264' title='bbox 1084 3168 1114 3215; x_wconf 86' lang='lat'><strong>3</strong></span> <span class='ocrx_word' id='word_1_265' title='bbox 1140 3164 1607 3230; x_wconf 83' lang='lat' dir='ltr'>caeremoniisque</span> <span class='ocrx_word' id='word_1_266' title='bbox 1633 3165 1683 3214; x_wconf 92' lang='lat' dir='ltr'><em>B</em></span> <span class='ocrx_word' id='word_1_267' title='bbox 1784 3166 1819 3213; x_wconf 88' lang='lat'><strong>4</strong></span> <span class='ocrx_word' id='word_1_268' title='bbox 1840 3164 1997 3215; x_wconf 89' lang='lat' dir='ltr'>libris</span> <span class='ocrx_word' id='word_1_269' title='bbox 2022 3166 2187 3219; x_wconf 91' lang='lat' dir='ltr'>BPM</span> 
     </span>
     <span class='ocr_line' id='line_1_35' title="bbox 379 3232 2183 3296; baseline 0.001 -14"><span class='ocrx_word' id='word_1_270' title='bbox 379 3235 412 3282; x_wconf 88' lang='grc'><strong>6</strong></span> <span class='ocrx_word' id='word_1_271' title='bbox 439 3234 631 3283; x_wconf 83' lang='lat' dir='ltr'>abutio</span> <span class='ocrx_word' id='word_1_272' title='bbox 649 3232 714 3281; x_wconf 73' lang='lat' dir='ltr'>B*</span> <span class='ocrx_word' id='word_1_273' title='bbox 739 3232 815 3296; x_wconf 81' lang='lat' dir='ltr'>(ut</span> <span class='ocrx_word' id='word_1_274' title='bbox 834 3234 962 3296; x_wconf 81' lang='lat' dir='ltr'>nid.)</span> <span class='ocrx_word' id='word_1_275' title='bbox 991 3232 1254 3282; x_wconf 75' lang='lat' dir='ltr'>abruoB³</span> <span class='ocrx_word' id='word_1_276' title='bbox 1350 3235 1378 3282; x_wconf 81' lang='lat'><strong>7</strong></span> <span class='ocrx_word' id='word_1_277' title='bbox 1404 3232 1727 3282; x_wconf 70' lang='lat' dir='ltr'>iubentibus</span> <span class='ocrx_word' id='word_1_278' title='bbox 1739 3232 1840 3281; x_wconf 86' lang='lat' dir='ltr'>BP</span> <span class='ocrx_word' id='word_1_279' title='bbox 1860 3233 2183 3285; x_wconf 82' lang='lat' dir='ltr'>iubentibus</span> 
     </span>
     <span class='ocr_line' id='line_1_36' title="bbox 243 3300 2043 3366; baseline 0 -15"><span class='ocrx_word' id='word_1_280' title='bbox 243 3302 294 3351; x_wconf 90' lang='lat' dir='ltr'><em>B</em></span> <span class='ocrx_word' id='word_1_281' title='bbox 305 3300 326 3333; x_wconf 76' lang='lat'><strong>⁸</strong></span> <span class='ocrx_word' id='word_1_282' title='bbox 475 3304 506 3351; x_wconf 86' lang='grc'>9</span> <span class='ocrx_word' id='word_1_283' title='bbox 533 3306 807 3366; x_wconf 82' lang='lat' dir='ltr'>sumptum</span> <span class='ocrx_word' id='word_1_284' title='bbox 833 3300 883 3349; x_wconf 88' lang='lat' dir='ltr'><em>B</em></span> <span class='ocrx_word' id='word_1_285' title='bbox 1045 3304 1107 3350; x_wconf 88' lang='grc'>10</span> <span class='ocrx_word' id='word_1_286' title='bbox 1132 3302 1408 3350; x_wconf 86' lang='lat' dir='ltr'>aerarium</span> <span class='ocrx_word' id='word_1_287' title='bbox 1436 3300 1533 3349; x_wconf 89' lang='lat' dir='ltr'>BP</span> <span class='ocrx_word' id='word_1_288' title='bbox 1680 3303 1742 3355; x_wconf 85' lang='lat'>15</span> <span class='ocrx_word' id='word_1_289' title='bbox 1768 3300 1940 3351; x_wconf 81' lang='lat' dir='ltr'>clades</span> <span class='ocrx_word' id='word_1_290' title='bbox 1964 3300 2043 3350; x_wconf 88' lang='lat' dir='ltr'>B¹</span> 
     </span>
     <span class='ocr_line' id='line_1_37' title="bbox 249 3364 2185 3433; baseline 0.001 -16"><span class='ocrx_word' id='word_1_291' title='bbox 249 3372 307 3419; x_wconf 80' lang='lat'>17</span> <span class='ocrx_word' id='word_1_292' title='bbox 337 3368 656 3418; x_wconf 80' lang='lat' dir='ltr'>callidiatas</span> <span class='ocrx_word' id='word_1_293' title='bbox 685 3367 763 3417; x_wconf 85' lang='grc' dir='ltr'>Β1</span> <span class='ocrx_word' id='word_1_294' title='bbox 925 3371 991 3418; x_wconf 83' lang='grc'>23</span> <span class='ocrx_word' id='word_1_295' title='bbox 1019 3364 1125 3433; x_wconf 73' lang='grc' dir='ltr'>ῥΙίο</span> <span class='ocrx_word' id='word_1_296' title='bbox 1152 3369 1200 3417; x_wconf 87' lang='grc' dir='ltr'><em>Β</em></span> <span class='ocrx_word' id='word_1_297' title='bbox 1263 3409 1269 3413; x_wconf 88' lang='grc'><strong>.</strong></span> <span class='ocrx_word' id='word_1_298' title='bbox 1362 3370 1425 3417; x_wconf 79' lang='grc'>27</span> <span class='ocrx_word' id='word_1_299' title='bbox 1463 3368 1591 3417; x_wconf 84' lang='lat' dir='ltr'>aliis</span> <span class='ocrx_word' id='word_1_300' title='bbox 1624 3369 1847 3433; x_wconf 84' lang='lat' dir='ltr'>optimis</span> <span class='ocrx_word' id='word_1_301' title='bbox 1876 3368 1955 3418; x_wconf 73' lang='lat'>3⁸</span> <span class='ocrx_word' id='word_1_302' title='bbox 2116 3372 2185 3419; x_wconf 79' lang='lat'>28</span> 
     </span>
     <span class='ocr_line' id='line_1_38' title="bbox 245 3434 2185 3501; baseline 0 -16"><span class='ocrx_word' id='word_1_303' title='bbox 245 3438 415 3485; x_wconf 84' lang='lat' dir='ltr'>etiam</span> <span class='ocrx_word' id='word_1_304' title='bbox 439 3452 534 3485; x_wconf 89' lang='lat' dir='ltr'>om.</span> <span class='ocrx_word' id='word_1_305' title='bbox 564 3438 613 3486; x_wconf 87' lang='grc' dir='ltr'><em>Ρ</em></span> <span class='ocrx_word' id='word_1_306' title='bbox 623 3435 637 3467; x_wconf 88' lang='lat'><strong>¹</strong></span> <span class='ocrx_word' id='word_1_307' title='bbox 821 3438 887 3485; x_wconf 89' lang='grc'>30</span> <span class='ocrx_word' id='word_1_308' title='bbox 920 3435 1012 3485; x_wconf 90' lang='lat' dir='ltr'>uel</span> <span class='ocrx_word' id='word_1_309' title='bbox 1035 3435 1127 3485; x_wconf 90' lang='lat' dir='ltr'>uel</span> <span class='ocrx_word' id='word_1_310' title='bbox 1149 3436 1293 3485; x_wconf 86' lang='lat' dir='ltr'>leuis</span> <span class='ocrx_word' id='word_1_311' title='bbox 1318 3434 1395 3485; x_wconf 86' lang='lat' dir='ltr'>B¹</span> <span class='ocrx_word' id='word_1_312' title='bbox 1572 3438 1637 3486; x_wconf 76' lang='lat'>32</span> <span class='ocrx_word' id='word_1_313' title='bbox 1663 3435 1733 3501; x_wconf 77' lang='lat' dir='ltr'>qfl</span> <span class='ocrx_word' id='word_1_314' title='bbox 1760 3435 1829 3485; x_wconf 89' lang='lat' dir='ltr'>B¹</span> <span class='ocrx_word' id='word_1_315' title='bbox 2002 3438 2185 3486; x_wconf 83' lang='lat' dir='ltr'>frusta.</span> 
     </span>
     <span class='ocr_line' id='line_1_39' title="bbox 244 3501 674 3567; baseline -0.005 -12"><span class='ocrx_word' id='word_1_316' title='bbox 244 3504 348 3555; x_wconf 87' lang='lat' dir='ltr'>BP</span> <span class='ocrx_word' id='word_1_317' title='bbox 369 3503 385 3535; x_wconf 88' lang='lat'><strong>¹</strong></span> <span class='ocrx_word' id='word_1_318' title='bbox 413 3501 473 3566; x_wconf 83' lang='lat' dir='ltr'>(t.</span> <span class='ocrx_word' id='word_1_319' title='bbox 503 3503 674 3567; x_wconf 83' lang='lat' dir='ltr'>Iord.)</span> 
     </span>
    </p>
   </div>
  </div>
 </body>
</html>
