2517 3884
480 215 856 272 ANTONINVS
899 169 1442 275 HELIOGABALVSJ
1504 219 1561 274 C.
1608 221 1841 276 10—13.
2013 212 2138 278 211

183 390 364 452 rent,
401 383 503 458 qui
531 383 778 443 maritos
807 401 873 443 se
907 380 1132 448 hahere
1171 385 1481 444 iactarent.
1560 401 1707 462 quos
1750 383 1985 462 quidam
2029 387 2137 448 fin-

187 469 360 542 xisse
394 467 613 535 dicunt,
649 475 714 526 ut
743 466 828 527 illi
858 469 1072 528 fierent
1102 470 1390 530 uitiorum
1421 470 1752 530 imitatione
1786 472 2063 531 cariores

324 551 409 612 Ad
441 554 883 632 praefecturam
925 555 1216 632 praetorii
1259 553 1635 625 saltatorem,
1686 556 1786 632 qui
1830 555 2134 616 histrioni.-
2160 553 2239 618 12

191 656 327 698 cam
371 637 600 698 Romae
647 639 898 708 fecerat,
955 639 1234 708 adsciuit,
1283 641 1650 722 praesectum
1702 640 1950 718 uigilum
1984 641 2135 702 Gor-

133 733 164 784 5.
193 723 365 783 dium
384 725 665 800 ’aurigam
699 724 858 792 fecit,
892 723 1262 803 praefectum
1294 742 1565 785 annonae
1598 725 1903 786 Claudium
1935 732 2138 786 tonso-

189 827 344 868 rem.
440 808 515 869 ad
555 808 832 869 honores
864 808 1131 894 reliquos
1177 811 1481 888 promouit
1537 811 1985 871 commendatos
2027 811 2139 872 sibi
2173 821 2205 868 2

187 892 556 972 pudibilium
588 894 929 954 inormitate
960 887 1390 955 membrorum.
1438 893 1547 954 ad
1540 897 1931 956 uicensimam
1963 895 2138 957 here-

188 977 468 1048 ditatium
499 978 822 1039 mulionem
857 997 1068 1038 curare
1098 981 1287 1048 iussit,
1321 981 1497 1040 iussit
1521 986 1580 1039 et
1609 987 1935 1050 cursorem,
1968 983 2141 1042 iussit

10 1119 12 1126 .
191 1070 254 1123 et
285 1081 499 1123 cocum
533 1071 592 1124 et
622 1062 1037 1125 claustrarium
1071 1065 1379 1124 artificem.
1416 1083 1549 1124 cum
1580 1066 1889 1142 ingressus
1921 1073 2011 1126 est
2041 1066 2139 1127 uel
2176 1078 2207 1125 3

10 1149 14 1238 ξ
109 1159 162 1201 10
193 1155 392 1209 castra
424 1147 521 1208 uel
567 1151 820 1218 curiam,
857 1152 1050 1209 auiam
1095 1169 1263 1220 suam
1306 1150 1540 1210 Variam
1584 1151 1857 1219 nomine,
1905 1150 1979 1210 de
2024 1168 2140 1228 qua

10 1239 14 1280 '¹
193 1235 478 1311 superius
519 1233 740 1293 dictum
785 1241 908 1303 est,
957 1250 1157 1294 secum
1200 1234 1465 1304 induxit,
1512 1241 1577 1294 ut
1621 1235 1749 1294 eius
1791 1233 2139 1296 auctoritate

193 1315 513 1379 honestior
543 1319 743 1388 fleret,
780 1315 913 1396 quia
945 1338 1057 1398 per
1089 1337 1154 1380 se
1185 1325 1607 1397 non‘poterat3
1656 1338 1769 1379 nec
1810 1326 1947 1380 ante
1981 1337 2135 1388 eum,

196 1403 357 1479 quod-
386 1405 502 1462 iam
538 1403 827 1472 diximus,
874 1412 1144 1465 senatum
1177 1402 1392 1465 mulier
1423 1405 1691 1481 ingressa
1727 1411 1817 1465 est
1847 1406 1927 1466 ita
1969 1412 2036 1465 ut
2065 1405 2136 1466 ad

197 1487 584 1548 scribendum
626 1496 946 1566 rogaretur
996 1494 1054 1550 et
1094 1490 1452 1550 sententiam
1496 1490 1741 1550 diceret.
1826 1490 1889 1549 in
1932 1491 2135 1550 conui-
2173 1501 2206 1547 4

115 1583 172 1624 15
199 1574 314 1633 uiis
348 1573 648 1634 exsoletos
677 1575 930 1634 maxime
961 1575 1126 1637 iuxta
1157 1593 1220 1634 se
1253 1573 1517 1652 ponebat
1547 1593 1874 1654 eorumque
1906 1575 2136 1636 adtrec-

121 1665 134 1669 ”
196 1659 418 1718 tatione
457 1667 515 1718 et
543 1666 702 1719 tactu
746 1660 1070 1736 praecipue
1101 1659 1415 1736 gaudebat,
1447 1677 1561 1720 nec
1582 1660 1898 1738 quisquam
1928 1662 1984 1720 ei
2014 1677 2136 1722 ma·

187 1745 286 1821 gis
315 1743 598 1822 poculum
633 1763 766 1804 cum
798 1743 1050 1804 bibisset
1080 1743 1273 1804 dabat

322 1828 486 1890 Inter
540 1827 686 1889 haec
739 1828 890 1888 mala
955 1830 1111 1890 uitae
1162 1827 1649 1908 inpudicissimae
1712 1795 2133 1898 Alexandrum,
2162 1829 2237 1892 13

201 1929 374 1988 quem
429 1913 544 1975 sibi
588 1913 1004 1990 adoptwauerat
1063 1932 1117 1972 a
1138 1932 1202 1974 se
1236 1915 1503 1973 amoueri
1553 1915 1727 1972 iussit
1778 1913 2019 1982 dicens,
2072 1932 2136 1973 se

117 2009 174 2050 20
199 1999 507 2079 paenitere
539 1998 895 2076 adoptionis,
931 1997 1356 2074 mandauitque
1388 1998 1461 2058 ad
1494 2004 1797 2067 senatum,
1834 2005 1897 2058 ut
1927 1998 2136 2058 Caesa-

201 2083 284 2142 ris
317 2084 370 2142 ei
401 2101 621 2144 nomen
653 2082 1068 2160 abrogaretur.
1132 2082 1235 2142 sed
1267 2085 1330 2142 in
1362 2088 1573 2142 senatu
1618 2080 1732 2141 hoc
1763 2081 2001 2159 prodito
2044 2084 2133 2142 in·
2172 2097 2201 2144 2

199 2185 344 2245 gens
377 2168 678 2227 silentium
710 2168 840 2227 fuit.
906 2169 956 2227 si
989 2166 1229 2243 quidem
1264 2173 1393 2229 erat
1425 2167 1688 2244 optimus
1729 2167 1967 2226 iuuenis
1996 2166 2130 2228 Ale-

199 2251 442 2320 xander,
479 2259 546 2312 ut
574 2259 781 2330 postea
813 2251 1245 2330 conprobatum
1281 2269 1504 2329 genere
1536 2252 1774 2329 imperii
1808 2252 1965 2320 eiuS,
2001 2269 2137 2311 cum

198 2336 328 2397 ideo
361 2336 710 2415 displiceret
739 2338 912 2414 patri,
949 2337 1110 2414 quod
1140 2336 1459 2416 inpudicus
1490 2354 1610 2395 non
1644 2343 1819 2397 esset.
1872 2344 2000 2397 erat
2030 2357 2133 2397 au·
2172 2353 2203 2400 3

117 2432 172 2473 25
201 2427 318 2482 tem‘
363 2422 558 2487 eidem
601 2420 1015 2481 consobrinus,
1097 2429 1160 2481 ut
1205 2421 1445 2498 quidam
1492 2421 1728 2492 dicunt,
1775 2441 1808 2482 a
1849 2420 2135 2482 militibus
2232 2461 2259 2467 »-

198 2508 371 2567 etiam
405 2504 714 2566 amabatur
759 2512 817 2565 et
860 2507 1094 2566 senatui
1138 2514 1417 2586 acceptus
1452 2513 1580 2566 erat
1624 2513 1683 2566 et
1725 2508 1993 2583 equestri
2035 2527 2131 2568 or-

129 2668 133 2672 .
197 2591 335 2651 dini.
401 2609 517 2651 nec
547 2591 730 2652 defuit
770 2598 971 2650 tamen
1015 2591 1187 2651 furor
1229 2608 1423 2670 usque
1466 2590 1543 2651 ad
1585 2593 1807 2651 exitum
1844 2593 1965 2652 uoti
1997 2605 2132 2670 pes-
2170 2606 2204 2655 4

197 2677 347 2736 simi.
411 2693 550 2735 nam
595 2677 649 2735 ei
678 2692 1072 2754 percussores
1101 2677 1359 2744 inmisit,
1408 2683 1467 2736 et
1498 2673 1614 2734 hoc
1645 2669 1891 2753 quidem
1922 2676 2130 2736 modo:

196 2761 324 2840 ipse
355 2761 609 2822 secessit
637 2760 726 2820 ad
742 2758 950 2821 hortos
983 2761 1124 2840 Spei
1154 2762 1409 2829 ueteriS,
1456 2761 1626 2836 quasi
1657 2768 1866 2821 contra
1908 2779 2132 2820 nouum
2168 2776 2201 2826 5

124 2856 174 2897 30
198 2847 480 2906 iuuenem
513 2853 650 2907 uota
680 2847 1044 2923 concipiens,
1080 2845 1286 2906 relicta
1318 2846 1381 2904 in
1413 2844 1639 2904 Palatio
1672 2853 1862 2904 matre
1913 2852 1971 2905 et
2002 2850 2134 2905 auia

197 2938 254 2992 et
283 2930 645 2992 consobrino
677 2949 788 3015 suo
816 2932 1142 3008 iussitque,
1173 2938 1242 2993 ut
1272 2929 1677 2992 trucidaretur
1707 2929 1945 2989 iuuenis
1976 2931 2126 3009 opti-

291 3135 326 3184 4
349 3132 518 3184 sciuit
551 3132 683 3183 BP¹
821 3132 1087 3184 Gordium
1108 3134 1178 3184 M
1309 3135 1341 3184 5
1378 3148 1662 3184 censorem
1683 3131 1853 3182 BPM
1881 3147 1971 3184 em.
1998 3131 2041 3182 S
2061 3149 2133 3184 esc

196 3200 318 3252 libro
343 3202 533 3252 Guiaci.
586 3216 863 3252 cursorem
885 3203 1034 3254 Iord.
1195 3202 1227 3252 7
1262 3202 1531 3266 pubilium
1561 3201 1613 3251 B
1771 3199 2133 3251 uicensimum

198 3267 294 3318 BP
426 3272 492 3322 10
513 3269 645 3320 uel
629 3286 686 3320 1n
714 3286 826 3321 cur.
850 3269 932 3320 B¹
1085 3267 1147 3320 13
1173 3274 1403 3320 senatus
1427 3270 1529 3319 BP
1592 3281 1598 3288 ·
1675 3271 1739 3320 15
1764 3269 2131 3320 adtrectatio-

199 3351 290 3388 nes
310 3337 415 3388 BP
560 3341 626 3388 22
654 3338 875 3404 quidam
897 3338 950 3387 B
1093 3337 1457 3388 alexandrum
1482 3341 1625 3402 post.
1650 3337 1816 3386 BPM
1839 3353 1929 3386 em.
1956 3336 2000 3386 S

198 3407 672 3473 23comprobatus
695 3407 760 3458 M
892 3408 960 3457 24
990 3405 1308 3472 inpublicos
1330 3407 1383 3455 B
1416 3405 1709 3470 inpuaioos
1731 3404 1785 3453 P
1804 3403 1935 3467 (enm
1956 3421 2129 3454 ras-ur.

196 3489 302 3591 {ny}
329 3474 392 3593 ἶ).
416 3543 460 3592 t.
526 3477 676 3594 2ι5ὃ5ἷ
697 3479 762 3526 ut
787 3489 837 3539 q.
864 3475 930 3526 M
1072 3476 1142 3524 26
1165 3477 1224 3525 et
1247 3474 1426 3525 amab.
1453 3473 1507 3524 B
1654 3475 1719 3524 27
1746 3471 1978 3523 exitium
1998 3471 2137 3521 B²P

221 3581 234 3595 .
281 3575 306 3593 Δ.
371 3557 416 3593 za
437 3557 552 3594 mxi
675 3559 720 3594 r.
765 3566 770 3570 ·

1590 3623 1671 3690 14
1692 3629 1723 3666 *
