2517 3884
569 205 980 298 ⁸,emrormst
1027 207 1475 266 CARACALLVS.
1538 209 1591 266 c.
1622 211 1829 269 9—-11.
1993 199 1997 203 ’
2056 207 2179 272 175

243 389 381 432 esse
415 379 472 432 et
512 371 674 450 leges
704 373 865 443 dare,
909 391 1030 434 non
1072 375 1344 454 accipere
1361 377 1427 436 ?“
1474 396 1591 456 quo
1634 377 1831 439 audito
1871 379 2042 439 furor
2081 381 2172 440 in·
2210 390 2247 438 3

241 455 522 516 conditus
574 459 643 518 ad
689 458 964 520 effectum
1008 460 1278 522 criminis
1320 460 1641 540 roboratus
1684 470 1774 524 est
1814 465 2173 543 nuptiasque

239 559 344 601 eas
377 540 907 622 celebrauit'quas,
953 545 1003 604 si
1047 546 1228 605 sciret
1269 564 1333 606 se
1376 546 1539 625 leges
1582 546 1725 609 dare
1766 566 1943 625 uere,
2006 547 2173 609 solus

234 625 562 705 prohibere
593 627 910 689 debuisset.
962 637 1212 690 matrem
1246 632 1406 690 enim
1439 634 1580 707 (non
1613 632 1727 693 alio
1758 633 2007 694 dicenda
2044 640 2173 694 erat
2206 643 2247 691 4

179 728 209 769 5
236 709 503 790 nomine)
539 712 707 774 duxit
736 731 990 775 uxorem
1023 721 1081 775 et
1110 714 1181 775 ad
1205 716 1595 793 parricidium
1626 719 1820 779 iunxit
1848 719 2166 787 incestum,

237 797 290 856 si
314 796 556 875 quidem
581 816 710 858 eam
733 800 1115 860 matrimonio
1142 801 1393 860 sociauit
1423 803 1593 862 cuius
1624 802 1811 862 filium
1842 816 2036 882 nuper
2068 821 2167 864 oc-

235 881 480 942 ciderat.
1314 941 1336 952 ,
1448 893 1455 900 ·

360 967 493 1027 Non
526 966 598 1027 ab
630 987 697 1028 re
731 975 822 1028 est
852 969 1024 1028 etiam
1059 969 1441 1047 diasyrticum
1473 970 1754 1046 quiddam
1784 973 1846 1032 in
1879 991 2013 1034 eum
2045 972 2166 1032 dic·
2205 989 2243 1038 5

231 1057 358 1110 tum
390 1052 628 1113 addere.
707 1071 846 1113 nam
889 1072 1022 1113 cum
1059 1053 1397 1114 Germanici
1444 1062 1501 1114 et
1531 1055 1791 1116 Parthici
1844 1064 1903 1116 et
1932 1056 2168 1119 Arabici
2203 1073 2236 1122 6

149 1153 201 1192 10
235 1143 294 1194 et
342 1135 712 1197 Alamannici
769 1156 991 1198 nomen
1051 1138 1421 1199 adscriberet
1482 1140 1638 1218 (nam
1697 1140 2166 1203 Alamannorum

228 1228 466 1298 gentem
502 1222 824 1302 deuicerat)
859 1223 1103 1284 Heluius
1145 1224 1444 1292 Pertinax,
1489 1224 1643 1285 filius
1683 1225 2041 1295 Pertinacis,
2077 1227 2164 1286 di-

229 1307 385 1366 citur
414 1308 548 1366 ioco
581 1308 828 1367 dixisse:
878 1309 1105 1377 „Adde‚
1139 1311 1190 1368 si
1219 1309 1444 1386 placet,
1496 1311 1671 1369 etiam
1706 1310 1947 1370 Geticus
1978 1311 2161 1371 Maxi-

226 1401 424 1461 mus“,
459 1393 618 1470 quod
653 1392 857 1453 Getam
892 1393 1191 1453 occiderat
1231 1394 1511 1463 fratrem,
1558 1401 1619 1454 et
1648 1393 1827 1455 Gothi
1858 1393 2039 1455 Getae
2071 1395 2159 1454 di-

227 1485 526 1546 cerentur,
557 1494 708 1554 quos
725 1476 857 1546 ille,
892 1477 1034 1538 dum
1066 1478 1140 1538 ad
1165 1480 1459 1538 orientem
1497 1481 1727 1549 transit,
1760 1479 2162 1540 tumultuariis

145 1578 196 1618 15
223 1562 471 1642 proeliis
502 1561 824 1623 deuicerat.
1257 1624 1277 1634 -

353 1647 678 1710 Occidendi
709 1646 894 1707 Getae
924 1645 1112 1725 multa
1139 1647 1411 1728 prodigia
1446 1649 1797 1728 extiterunt,
1848 1657 1914 1710 ut
1941 1651 2003 1709 in
2036 1651 2159 1711 uita
2182 1651 2261 1714 11

227 1733 353 1792 eius
388 1750 774 1812 exponemus,
849 1751 986 1792 nam
1020 1735 1293 1810 quamuis
1336 1734 1504 1812 prior
1534 1731 1633 1794 ille
1666 1753 1699 1793 e
1730 1735 1850 1794 uita
1884 1753 2155 1796 excesse-
2194 1751 2226 1798 2

221 1818 319 1886 rit,
353 1837 464 1878 nos
494 1826 695 1880 tamen
727 1817 998 1878 ordinem
1043 1820 1233 1879 secuti
1264 1836 1500 1888 311111113,
1535 1825 1601 1879 111
1631 1821 1733 1895 qui
1763 1827 1822 1880 et
1851 1821 2019 1898 prior
2052 1838 2157 1881 na-

221 1908 316 1962 tus
348 1910 439 1964 est
471 1910 530 1964 et
560 1905 662 1982 qui
691 1904 858 1982 prior
887 1904 1187 1981 imperare
1219 1911 1529 1982 coeperat,
1562 1904 1731 1981 prior
1766 1903 2153 1964 scriberetur.

139 2003 192 2043 20
220 1987 306 2048 Eo
338 2006 483 2048 sane
518 1995 785 2067 tempore
817 2006 934 2067 quo
967 1987 1042 2048 ab
1076 1989 1343 2048 exercitu
1374 1987 1701 2066 appellatus
1734 1995 1825 2048 est
1853 1989 2163 2070 Augustus¹
2192 2006 2230 2054 3-

207 2073 362 2140 -uiuo
395 2081 584 2152 patre,
619 2073 778 2152 quod
823 2072 923 2134 ille
952 2072 1204 2152 pedibus
1235 2081 1415 2149 aeger
1457 2071 1796 2149 gubernare
1825 2090 1947 2132 non
1980 2091 2157 2151 posse

220 2157 533 2218 uideretur
563 2159 904 2236 imperium,
925 2158 1230 2218 contunsis
1264 2157 1475 2217 animis
1507 2155 1760 2217 militum
1793 2162 1853 2216 et
1879 2155 2153 2216 tribuno-

218 2261 353 2302 rum
386 2243 648 2303 Seuerus
680 2243 894 2304 dicitur
927 2243 1125 2302 animo
1156 2239 1492 2310 uolutasse,
1539 2249 1607 2301 ut
1638 2248 1697 2301 et
1729 2241 1888 2302 hunc
1920 2241 2153 2302 occide-

217 2334 340 2396 ret,
389 2329 506 2388 nisi
545 2335 981 2407 repugnassent
1019 2327 1307 2406 praefecti
1340 2327 1481 2394 eius,
1528 2327 1729 2404 grauis
1758 2327 1892 2387 uiri.
1972 2327 2152 2407 aliqui
2186 2343 2229 2391 4

77 2431 84 2443 ·
141 2428 192 2466 25
222 2420 428 2494 contra
461 2413 683 2482 dicunt,
719 2413 1066 2492 praefectos
1085 2411 1349 2472 uoluisse
1379 2412 1440 2471 id
1470 2411 1621 2480 fieri,
1656 2411 1761 2471 sed
1794 2412 2151 2492 Septimium

217 2494 500 2566 noluisse,
555 2515 630 2556 116
665 2506 723 2558 61
754 2499 1047 2558 seueritas
1077 2497 1235 2557 illius
1267 2495 1636 2569 crudelitatis
1678 2499 1921 2557 nomine
1951 2498 2147 2577 inqui-

215 2591 477 2652 naretur,
515 2590 591 2652 et,
627 2601 764 2644 cum
795 2591 1072 2642 auctores
1103 2583 1369 2642 criminis
1400 2580 1619 2668 milites
1649 2582 1901 2652 fuerint,
1947 2582 2147 2644 adule-

217 2685 392 2728 scens
425 2666 639 2728 stultae
670 2668 1020 2728 temeritatis
1052 2685 1276 2746 poenas
1306 2667 1505 2727 lueret
1543 2673 1663 2727 tam
1694 2669 1894 2744 grauis
1926 2666 2148 2746 suppli-

217 2753 292 2811 cii
321 2752 514 2821 titulo,
547 2761 611 2812 ut
642 2770 674 2812 a
703 2760 874 2832 patre
903 2752 1212 2813 uideretur
1243 2753 1495 2813 occisus

142 2850 192 2889 30
344 2838 453 2898 Hic
484 2846 682 2898 tamen
716 2839 983 2897 omnium
1026 2837 1381 2898 durissimus
1414 2845 1490 2905 et,
1535 2843 1602 2896 ut
1641 2853 1762 2896 uno
1806 2835 2144 2914 conplecta·
2186 2851 2227 2900 5

216 2940 350 2982 mur
379 2922 592 2991 uerbo,
625 2921 922 3001 parricida
955 2930 1014 2982 et
1041 2924 1326 2992 1116631113,
1360 2922 1546 3002 patris
1569 2922 1776 2981 matris
1802 2921 2002 2981 fratris
2031 2921 2145 2980 ini·
2273 2917 2279 2924 ’

217 3008 420 3078 11116113,
457 3027 490 3068 a
520 3008 816 3077 Macrino,
862 3008 965 3084 qui
997 3025 1130 3067 eum
1173 3007 1501 3077 occiderat,
1546 3007 1760 3065 timore
1802 3004 2056 3067 militum
2089 3013 2149 3065 et

217 3095 468 3153 maxime
527 3094 1048 3170 praetorianorum
1104 3093 1262 3152 inter
1322 3093 1468 3152 deos
1527 3088 1753 3151 relatus
1786 3096 1893 3151 est.
1964 3089 2145 3152 habet
2182 3105 2223 3154 6

219 3177 520 3257 templum,
568 3177 984 3246 habet-salim,
1030 3176 1210 3239 habet
1251 3176 1485 3238 sodales
1515 3176 1981 3245 Antoninianos,
2045 3177 2146 3254 qui

297 3399 327 3446 3
355 3397 516 3460 quasi
540 3396 644 3445 BP
799 3400 830 3447 9
857 3397 1116 3448 Germani
1139 3396 1240 3446 BP
1402 3399 1465 3446 14
1490 3396 1719 3446 transiit
1743 3394 1811 3444 ΒΙ
1962 3397 2027 3445 20
2053 3411 2145 3444 ex-

201 3463 314 3513 citu
339 3464 412 3513 1³¹
442 3481 484 3514 6.
513 3463 592 3513 P‘3
731 3465 798 3514 24
822 3468 1165 3530 pugnassent
1189 3464 1358 3513 BPM
1490 3465 1553 3514 31
1582 3463 1881 3528 parricidia
1905 3462 2071 3511 BPM

197 3533 260 3580 32
286 3547 352 3582 ac
379 3547 521 3581 max.
548 3532 608 3580 M
750 3535 815 3583 33
843 3533 1257 3598 praetorianum
1282 3531 1447 3583 BPM
