2517 3884
633 181 1032 240 PESCENNIVS
1075 183 1292 241 N1GER.
1364 185 1421 240 C.
1466 189 1673 244 8—10.
1996 183 2117 250 151

185 351 406 430 pariter
439 355 646 411 contra
678 349 967 412 Seuerum
1009 351 1377 414 rebellarunt
1410 359 1477 412 et
1506 352 1581 414 ab
1614 353 1824 415 eodem
1853 356 1995 416 uicti
2027 362 2113 418 at-

186 452 298 512 que
328 435 518 496 occisi
531 443 690 496 sunt.
724 435 797 497 de
830 453 947 514 quo
977 437 1110 516 ipso
1140 454 1337 515 neque
1368 439 1513 499 satis
1537 437 1695 500 clara
1721 447 1942 509 extant,
1977 444 2112 518 quia
2147 452 2182 501 4

187 519 391 580 eadem
422 520 665 581 fortuna
693 520 854 584 illius
884 523 998 582 fuit
1029 539 1178 599 quae
1209 522 1543 594 Pescennii,
1589 525 1821 586 etiamsi
1859 526 1981 587 uita
2013 545 2107 587 sa-

183 607 254 666 tis
283 605 510 684 dispar.
556 665 568 677 ,
768 633 771 638 2

137 711 161 752 {-
301 692 388 751 Ac
419 709 500 752 ne
533 691 678 769 quid
710 710 782 752 ex
810 693 862 752 is
891 709 1044 770 quae
1075 692 1148 754 ad
1177 693 1578 756 Pescennium
1606 685 1912 774 pertinent
1938 714 2111 775 prae·
2150 705 2184 755 5

182 777 394 838 terisse
436 777 778 847 uideamur,
822 776 964 838 licet
1003 776 1136 837 aliis
1177 776 1347 838 libris
1390 781 1668 858 cognosci
1708 782 1975 860 possint,
2039 781 2113 844 de

181 860 290 922 hoc
319 867 498 923 uates
528 861 824 932 dixerunt,
869 863 1030 940 quod
1070 880 1264 942 neque
1307 864 1479 925 uiuus
1519 881 1717 942 neque
1746 872 2023 928 mortuus
2052 869 2115 930 in

181 953 538 1026 potestatem
552 947 764 1008 Seueri
790 954 1084 1010 uenturus
1115 956 1295 1019 esset,
1330 949 1437 1009 sed
1466 951 1627 1012 iuxta
1660 968 1843 1029 aquas
1874 950 2113 1032 illiper·

185 1033 442 1094 eundum
487 1039 664 1094 esset.
745 1034 898 1111 quod
963 1032 1203 1111 quidam
1247 1033 1452 1098 dicunt
1488 1034 1686 1114 Ipsum
1719 1036 2008 1098 Seuerum
2041 1037 2117 1098 de
2151 1045 2183 1094 6

118 1134 160 1175 10
183 1118 457 1192 mathesi,
492 1136 608 1196 qua
639 1118 910 1189 callebat,
945 1119 1188 1180 dixisse.
1269 1137 1385 1180 nec
1426 1117 1613 1182 abfuit
1653 1123 1963 1221 responsis
2008 1141 2113 1185 ue·

181 1205 342 1274 ritaS,
378 1223 520 1264 cum
551 1202 654 1264 1116
682 1206 960 1268 inuentus
993 1206 1070 1265 sit
1098 1206 1260 1267 iuxta
1290 1205 1567 1284 paludem
1598 1207 1944 1267 semiuiuus.
2040 1259 2045 1265 .

302 1289 415 1351 Hic
445 1296 646 1350 tantae
673 1291 804 1352 fuit
817 1291 1180 1361 seueritatis,
1235 1297 1331 1360 ut,
1387 1308 1523 1352 cum
1566 1290 1785 1352 milites
1829 1283 2205 1368 quosdamlO

180 1375 238 1433 in
267 1393 458 1436 cauco
519 1380 807 1453 argenteo
839 1375 1236 1457 expeditionis
1282 1382 1552 1475 tempore
1596 1375 1803 1438 bibere
1844 1376 2113 1446 uidisset,

182 1460 424 1522 iusserit
458 1478 636 1522 omne
666 1468 977 1539 argentum
1011 1463 1379 1522 summoueri
1421 1461 1495 1522 de
1528 1479 1640 1523 usu
1672 1461 2114 1542 expeditionali,

120 1559 161 1597 1⁵
183 1544 376 1606 addito
435 1564 510 1606 eo
564 1551 631 1605 ut
673 1545 885 1624 ligneis
932 1548 1090 1608 uasis
1131 1553 1467 1609 uterentur.
1546 1547 1705 1625 quod
1748 1547 1989 1625 quidem
2030 1545 2119 1607 illi

183 1629 380 1691 odium
410 1629 672 1692 militare
719 1633 1055 1692 concitauit.
1134 1632 1383 1694 dicebat
1400 1634 1587 1702 enim,
1637 1639 1814 1712 posse
1844 1633 2005 1702 fieri,
2049 1639 2117 1693 ut
2151 1645 2185 1694 2

182 1717 448 1781 sarcinae
481 1710 816 1778 militares'
798 1735 862 1777 ln
892 1723 1250 1795 potestate-m
1282 1717 1542 1780 hostium
1578 1719 1870 1788 uenirent,
1905 1735 2017 1778 nec
2050 1737 2117 1778 se

182 1799 476 1863 barbarae
515 1803 788 1862 nationes
841 1809 1091 1880 argento
1133 1811 1341 1876 nostro
1396 1803 1785 1882 gloriosiores
1823 1803 2115 1872 facerent,

185 1903 310 1946 cum
364 1885 480 1948 alia
533 1888 730 1952 minus
781 1894 916 1966 apta
966 1887 1254 1948 hosticam
1313 1889 1663 1964 uiderentur
1714 1887 1789 1948 ad
1842 1886 2111 1965 gloriam.

117 1983 160 2022 2⁰
183 1969 335 2032 idem
374 1972 555 2032 iussit
594 1973 800 2032 uinum
844 1974 907 2032 in
952 1972 1333 2052 expeditione
1374 1975 1677 2034 neminem
1706 1971 1949 2041 bibere,
2006 1971 2113 2033 sed
2150 1987 2184 2034 3
2275 2016 2287 2026 ·

183 2064 346 2116 aceto
375 2058 702 2118 uniuersos
735 2075 868 2118 esse
901 2063 1232 2118 contentos.
1312 2057 1470 2118 idem
1513 2058 1774 2137 pistores
1807 2057 1978 2136 sequi
2010 2074 2109 2116 ex·
2148 2069 2185 2118 4

183 2141 548 2218 peditionem
588 2142 916 2221 prohibuit,
950 2142 1248 2204 bucellato
1281 2141 1497 2202 iubens
1537 2141 1759 2201 milites
1805 2147 1863 2200 61
1904 2158 2113 2202 omnes

184 2234 498 2289 contentos
542 2245 694 2289 esse.
772 2228 931 2289 idem
991 2227 1068 2288 ob
1119 2229 1297 2288 unius
1350 2225 1662 2305 gallinacei
1705 2226 2108 2304 direptionem
2152 2237 2184 2287 5

187 2311 386 2374 decem
421 2314 1004 2392 commanipulones,
1047 2314 1151 2392 qui
1181 2319 1419 2392 raptum
1449 2311 1523 2372 ab
1554 2317 1675 2372 uno
1709 2305 2112 2379 comederant,

119 2409 162 2447 25
188 2400 376 2458 securi
403 2400 644 2478 percuti
672 2400 870 2470 iussit,
934 2393 996 2459 et'
1023 2399 1290 2468 fecisset,
1350 2398 1468 2458 nisi
1511 2397 1584 2458 ab
1640 2397 1805 2458 omni
1851 2397 2117 2457 exercitu

185 2500 369 2563 prope
401 2497 594 2561 usque
626 2483 700 2544 ad
728 2491 956 2544 metum
998 2483 1307 2545 seditionis
1351 2487 1510 2544 esset
1539 2488 1810 2560 rogatus.
1892 2489 1951 2543 et
1980 2501 2118 2544 cum
2159 2495 2243 2544 6:

187 2571 569 2647 pepercisset,
598 2570 800 2639 iussit,
834 2576 901 2631 ut
930 2569 1225 2630 denorum
1255 2567 1720 2646 gallinaceorum
1751 2569 1944 2645 pretia
1972 2585 2126 2647 pro--

189 2653 425 2717 uinciali
455 2653 782 2715 redderent
821 2653 1062 2723 decem,
1125 2655 1243 2731 qui
1272 2652 1451 2714 simul
1490 2654 1653 2714 furto
1704 2655 2117 2721 conuixerant,

191 2737 383 2799 addito
447 2757 518 2798 eo
577 2745 644 2800 ut
698 2745 817 2800 tota
859 2741 928 2799 in
983 2739 1361 2831 expeditione
1402 2740 1464 2800 in
1508 2736 2118 2816 commanipulatione

127 2831 170 2872 30
193 2840 364 2884 nemo
401 2825 611 2885 focum
651 2825 904 2894 faceret,
950 2843 1028 2884 ne
1071 2843 1357 2904 umquam
1397 2841 1611 2884 recens
1644 2828 1881 2882 coctum
1917 2818 2118 2880 cibum

191 2916 514 2978 sumerent,
549 2908 654 2970 sed
683 2928 838 3009 pane
871 2928 939 2970 ac
967 2909 1182 2988 frigida
1212 2913 1624 2975 uescerentur,
1661 2906 1948 2985 adpositis
1980 2923 2117 2984 spe-

195 2993 574 3065 culator-ihm,
611 2997 713 3072 qui
741 2994 803 3054 id
835 3002 1136 3056 curarent.
1209 2994 1374 3054 idem
1414 2993 1604 3069 iussit,
1650 3009 1727 3053 ne
1772 3008 1920 3049 zona
1962 2989 2117 3050 mili-
2155 3001 2189 3052 7

191 3084 278 3138 165
305 3079 380 3140 ad
409 3079 637 3142 bellum
664 3082 808 3141 ituri
839 3099 1054 3142 aureos
1093 3079 1195 3141 uel
1237 3085 1555 3157 argenteos
1595 3093 1875 3137 nummos
1914 3082 2118 3154 porta·

294 3249 324 3298 5
356 3250 445 3300 his
478 3249 664 3300 BPM
816 3251 848 3298 6
881 3249 1149 3316 Septimio
1187 3249 1394 3299 Seuero
1428 3247 1567 3310 quod
1595 3247 1929 3296 intermittunt
1962 3242 2131 3293 BPM

197 3325 312 3376 post
328 3317 396 3368 de
420 3317 528 3368 hoc
551 3319 680 3368 eieci
701 3315 967 3381 (Iordan.)
1106 3320 1138 3368 9
1164 3316 1385 3381 quidem
1408 3314 1577 3378 RPM
1710 3315 1774 3364 10
1797 3327 1965 3378 quam
1987 3312 2049 3361 M

199 3381 376 3435 adfuit
399 3385 506 3436 BP
639 3388 701 3435 12
726 3387 1000 3437 seueritas
1021 3383 1095 3435 B¹
1237 3387 1301 3435 13
1326 3398 1497 3434 cauco
1522 3379 1664 3432 B²M
1779 3381 1971 3434 uiuere
1996 3374 2133 3428 ΒΡι

300 3453 362 3502 14
385 3453 654 3504 summoui
676 3453 804 3504 BP¹
832 3452 992 3517 (corr.
1016 3451 1109 3516 1²³)
1248 3454 1312 3502 17
1338 3468 1407 3502 ne
1433 3451 1495 3500 M
1632 3452 1694 3500 31
1722 3448 1943 3514 frigidis
1966 3445 2035 3496 M

205 3517 266 3567 33
286 3519 416 3572 item
441 3522 547 3573 BP
565 3537 658 3572 om.
686 3521 748 3572 M
769 3522 904 3572 ituri
926 3521 1256 3572 Hildebrand
1278 3521 1349 3570 ad
1371 3518 1563 3584 Appul.
1589 3517 1628 3568 I
1641 3533 1699 3583 p.
1726 3519 1833 3569 536
