2517 3884
355 193 438 259 10
1033 196 1161 253 IVLI
1205 196 1573 254 CAPlTOLINl

253 360 336 426 10
479 366 623 428 Cum
657 372 818 426 esset
846 367 926 426 ita
955 370 1242 432 moratus,
1281 371 1344 425 ut
1372 365 1637 427 ferarum
1666 383 1835 425 more
1865 367 2124 436 uiueret,
2172 368 2287 428 tri-

351 454 500 514 stior
531 459 591 512 et
618 452 914 512 inmanior
943 450 1132 510 factus
1166 456 1258 510 est
1287 450 1545 511 factione
1574 449 1769 527 Magni
1800 450 2107 512 cuiusdam
2137 470 2287 515 con·

350 536 564 600 sularis
616 537 734 596 uiri
785 543 996 596 contra
1039 552 1104 594 se
1146 541 1381 613 parata,
1428 536 1529 615 qui
1570 553 1704 596 cum
1748 534 1951 597 multis
1994 536 2289 600 militibus

349 632 410 684 et
439 620 890 683 centurionibus
921 619 992 680 ad
1023 637 1160 680 eum
1189 619 1653 682 confodiendum
1684 619 2003 682 consilium
2044 623 2285 692 inierat,

278 715 312 764 2
349 725 483 770 cum
513 709 573 768 in
609 725 675 767 se
701 706 1020 785 imperium
1053 705 1381 766 transferre
1412 713 1679 785 cuperet.
1744 713 1805 767 et
1842 723 2032 784 genus
2073 707 2285 768 factio·
2342 725 2375 764 5

346 795 440 856 nis
469 793 582 853 fuit
609 790 756 852 talet
789 809 925 852 cum
955 797 1140 869 ponte
1167 792 1371 851 iuncto
1401 791 1467 850 in
1498 790 1829 852 Germanos
1872 793 2127 854 transire
2156 793 2283 853 Ma-

348 879 608 939 ximinus
639 875 840 946 uellet,
872 875 1204 955 placuerat,
1252 882 1321 934 ut
1352 877 1634 937 contrarii
1666 895 1797 936 cum
1830 895 1902 937 eo
1930 878 2281 948 transirent,

347 981 500 1042 pons
557 967 763 1041 postea
823 960 1188 1029 solueretur,
1264 959 1367 1020 ille
1397 962 1461 1021 in
1490 960 1807 1022 barbarico
1838 961 2287 1024 circumuentus

275 1055 312 1104 3
347 1046 739 1116 occideretur,
763 1047 1086 1126 imperium
1099 1045 1348 1123 Magnus
1376 1047 1690 1124 arriperet.
1726 1063 1864 1108 nam
1895 1048 2095 1107 omnia
2126 1045 2287 1108 bella

344 1139 631 1212 >coeperat
662 1149 862 1210 agere,
898 1139 958 1192 et
989 1129 1228 1207 quidem
1260 1130 1606 1201 fortissime,
1640 1132 1841 1192 statim
1874 1139 1941 1191 ut
1969 1132 2159 1192 factus
2191 1141 2286 1193 est
2316 1147 2369 1187 ιο

345 1220 690 1297 imperator,
716 1218 949 1296 peritus
982 1223 1186 1295 utpote
1215 1217 1307 1275 rei
1336 1213 1629 1284 militaris,
1660 1215 1873 1276 uolens
1896 1218 2282 1277 existimatio·-

345 1321 484 1364 nem
515 1302 590 1362 de
621 1320 686 1362 se
716 1301 978 1363 habitam
1033 1307 1238 1362 tenere
1294 1309 1354 1361 et
1392 1307 1530 1361 ante
1562 1319 1771 1361 omnes
1801 1301 2123 1362 Alexandri
2150 1299 2285 1380 glo-

273 1397 313 1445 4
346 1389 526 1457 riam,
591 1402 768 1463 quem
807 1388 935 1466 ipse
985 1384 1314 1454 occiderat,
1374 1387 1637 1447 uincere.
1716 1403 1900 1464 quare
1952 1387 2287 1465 imperator

347 1473 525 1534 etiam
565 1473 628 1530 in
670 1472 956 1533 exercitio
1009 1469 1252 1531 cottidie
1308 1469 1529 1531 milites
1569 1471 1873 1532 detinebat
1932 1479 2175 1549 eratque
2204 1473 2285 1532 ‘in

345 1557 528 1617 armis
557 1557 686 1635 ipse
715 1573 893 1616 manu
925 1556 1214 1616 exercitui
1239 1561 1300 1616 et
1324 1573 1579 1634 corpore
1609 1555 1794 1617 multa
1816 1573 2057 1635 semper
2078 1565 2283 1618 osten·
2314 1572 2367 1612 15

273 1652 312 1700 5
347 1641 512 1701 dene.
575 1647 634 1700 et
663 1641 838 1701 istam
869 1639 1107 1718 quidem
1138 1641 1457 1701 factionem
1490 1641 1846 1704 Maximinus
1875 1643 2003 1721 ipse
2034 1642 2285 1702 finxisse

271 1737 310 1785 6
344 1724 726 1806 perhibetur,
785 1732 852 1785 ut
892 1725 1201 1786 materiam
1245 1724 1613 1786 crudelitatis
1664 1735 1932 1804 augeret.
2000 1725 2285 1804 denique

346 1813 476 1872 sine
504 1810 752 1879 iudicio,
787 1812 917 1871 sine
949 1811 1358 1879 accusatione,
1402 1811 1531 1872 sine
1574 1809 1875 1880 delatore,
1905 1807 2039 1872 'sine
2072 1811 2287 1872 defen-

347 1913 484 1957 sore
514 1913 725 1957 omnes
753 1895 1074 1963 interemit,
1106 1897 1374 1956 omnium
1396 1894 1554 1958 hona
1584 1895 1823 1957 sustulit
1853 1903 1911 1957 et
1940 1895 2077 1975 plus
2110 1903 2283 1974 quat-

344 1991 484 2041 tuor
513 1980 755 2042 milibus
777 1979 1087 2041 hominum
1119 1981 1333 2041 occisis
1363 1999 1431 2041 se
1460 1982 1682 2042 satiare
1712 1999 1833 2043 non
1862 1982 2076 2061 potuit.
2308 1999 2365 2040 20

260 2067 341 2129 11
441 2071 446 2074 ’
475 2066 614 2127 Fuit
643 2067 820 2127 etiam
851 2065 961 2126 sub
993 2065 1203 2126 eodem
1234 2066 1413 2127 factio
1448 2065 1915 2128 desciscentibus
1960 2068 2285 2144 sagittariis

344 2151 671 2213 Osdroenis
700 2151 774 2211 ah
817 2150 1027 2211 eodem
1059 2150 1134 2211 ob
1171 2168 1439 2211 amorem
1462 2150 1781 2213 Alexandri
1804 2159 1864 2212 et
1886 2151 2277 2219 desiderium,

345 2255 519 2316 quem
552 2255 584 2296 a
615 2235 935 2297 Maximino
979 2235 1134 2314 apud
1178 2253 1285 2296 eos
1315 2237 1581 2296 occisum
1624 2254 1757 2297 esse
1800 2235 2129 2304 constabat,
2166 2253 2281 2296 nec

269 2334 309 2381 2
345 2320 500 2380 aliud
559 2320 915 2399 persuaderi
971 2327 1269 2398 potuerat.
1357 2319 1613 2398 denique
1674 2321 1852 2381 etiam
1910 2321 2024 2399 ipsi
2056 2321 2277 2389 Titum,

345 2423 528 2465 unum
571 2422 644 2465 ex
685 2405 837 2474 suiS,
901 2404 1016 2465 sibi
1056 2403 1269 2466 ducem
1310 2413 1485 2484 atque
1523 2406 1951 2484 >imperatorem
1983 2406 2275 2473 fecerunt,
2310 2423 2367 2464 25

269 2503 309 2551 3
346 2505 519 2566 quem
551 2489 904 2550 Maximinus
931 2490 1230 2569 priuatum
1276 2491 1395 2552 iam
1434 2490 1759 2551 dimiserat.
1827 2508 2005 2571 quem
2037 2489 2283 2567 quidem

277 2584 284 2590 ·
346 2579 406 2633 et
442 2591 711 2652 purpura
753 2572 1304 2643 circumdederunt,
1366 2574 1533 2653 regio
1574 2575 1865 2654 adparatu
1896 2583 2191 2638 ornarunt
2221 2583 2283 2636 et

267 2672 309 2720 4
345 2659 513 2734 quasi
541 2660 634 2719 sui
663 2658 884 2720 milites
923 2658 1391 2738 obsaepserant,
1438 2667 1497 2720 et
1536 2661 1787 2720 inuitum
1832 2660 2091 2739 quidem.
2166 2659 2283 2720 sed

342 2743 440 2804 hic
471 2743 780 2804 dormiens
802 2744 961 2805 domi
993 2763 1137 2805 suae
1167 2744 1242 2805 ab
1271 2763 1391 2805 uno
1425 2762 1497 2805 ex
1527 2745 1733 2806 amicis
1764 2747 1889 2806 suis
1917 2745 2278 2806 interfectus

343 2840 451 2899 est,
485 2829 586 2909 qui
615 2828 728 2890 sibi
758 2828 945 2890 doluit
972 2829 1137 2890 illum
1168 2847 1303 2890 esse
1331 2831 1759 2908 praepositum,
1786 2829 2135 2891 Macedonio
2166 2846 2277 2890 no·
2311 2849 2368 2888 30

477 3050 508 3098 3
533 3052 695 3112 parat
718 3049 770 3098 B
932 3051 967 3099 4
989 3049 1234 3100 inierant
1258 3048 1427 3099 BPM
1566 3050 1598 3099 8
1621 3048 1913 3099 barbarico
1939 3047 2055 3099 solo
2078 3047 2145 3098 M

337 3118 373 3166 9
397 3114 543 3166 bella
569 3132 660 3168 om.
686 3117 753 3166 M
903 3119 968 3169 10
991 3122 1078 3167 est
1102 3134 1196 3169 om.
1222 3118 1284 3168 M
1446 3118 1509 3168 13
1533 3116 1726 3167 occide
1754 3114 1900 3168 B¹P¹
1952 3113 2171 3166 occidid
2194 3115 2251 3166 B
2260 3113 2285 3148 ²

473 3183 806 3248 imperatore
831 3184 957 3236 BP¹
987 3183 1063 3248 (ut
1083 3184 1214 3248 uid.)
1311 3185 1375 3235 15
1396 3199 1631 3249 magnus
1652 3184 1821 3234 BPM
1838 3201 1931 3237 em.
1958 3184 2000 3234 G
2089 3188 2287 3235 ostens

338 3248 468 3300 BP¹
495 3248 656 3313 (corr.
682 3251 782 3316 P3)
934 3255 997 3303 16
1023 3253 1269 3317 quidemt
1293 3251 1366 3302 Βι
1528 3254 1593 3302 18
1615 3252 1794 3302 inscio
1816 3251 1869 3301 B
1892 3252 2040 3302 iucio
2065 3250 2139 3301 Ρ1

342 3316 667 3370 defensione
693 3321 754 3370 M
867 3324 934 3372 20
955 3321 1225 3370 militibus
1246 3322 1299 3370 P
1320 3328 1357 3372 t.
1382 3319 1531 3371 Iord.
1645 3323 1710 3370 23
1736 3335 1843 3384 que
1868 3335 2012 3368 max.
2039 3317 2169 3369 BP¹
2254 3327 2259 3330 ’

339 3387 408 3436 24
429 3387 600 3436 ticum
623 3386 785 3438 BPM
810 3404 899 3438 em.
926 3387 967 3437 S
991 3386 1080 3450 (cf.
1103 3389 1220 3452 tria.
1235 3397 1335 3452 tyr.
1350 3387 1466 3450 32).
1491 3387 1813 3450 Κυαρτῖνος
1838 3387 2132 3437 Heredium·
2160 3385 2289 3434 VII

337 3455 478 3571 ἕδη
605 3457 672 3506 28
697 3456 1055 3520 obsepierunt
1078 3453 1226 3504 B¹M
1273 3455 1684 3520 obsaepuerunt
1710 3457 1767 3504 P·
1914 3457 1979 3505 29
2015 3453 2107 3503 hie
2130 3453 2285 3503 ticus
