<?xml version="1.0" encoding="UTF-8"?>
<!DOCTYPE html PUBLIC "-//W3C//DTD XHTML 1.0 Transitional//EN"
    "http://www.w3.org/TR/xhtml1/DTD/xhtml1-transitional.dtd">
<html xmlns="http://www.w3.org/1999/xhtml" xml:lang="en" lang="en">
 <head>
  <title>
</title>
<meta http-equiv="Content-Type" content="text/html;charset=utf-8" />
  <meta name='ocr-system' content='tesseract 3.04.00' />
  <meta name='ocr-capabilities' content='ocr_page ocr_carea ocr_par ocr_line ocrx_word'/>
</head>
<body>
  <div class='ocr_page' id='page_1' title='image "./scriptoreshisto02petegoog_0614.png"; bbox 0 0 2517 3884; ppageno 0'>
   <div class='ocr_carea' id='block_1_1' title="bbox 335 183 2210 251">
    <p class='ocr_par' dir='ltr' id='par_1_1' title="bbox 335 183 2210 251">
     <span class='ocr_line' id='line_1_1' title="bbox 335 183 2210 251; baseline 0.001 -16"><span class='ocrx_word' id='word_1_1' title='bbox 335 184 569 235; x_wconf 84' lang='lat' dir='ltr'><strong>INDEX</strong></span> <span class='ocrx_word' id='word_1_2' title='bbox 598 183 952 235; x_wconf 85' lang='lat' dir='ltr'>·NOMINVM</span> <span class='ocrx_word' id='word_1_3' title='bbox 989 185 1085 234; x_wconf 85' lang='lat' dir='ltr'><strong>ET</strong></span> <span class='ocrx_word' id='word_1_4' title='bbox 1122 186 1376 236; x_wconf 87' lang='lat' dir='ltr'>RERVM</span> <span class='ocrx_word' id='word_1_5' title='bbox 1413 186 1989 238; x_wconf 85' lang='lat' dir='ltr'>MEMORABILIVM</span> <span class='ocrx_word' id='word_1_6' title='bbox 2075 187 2210 251; x_wconf 81' lang='grc'><strong>299·</strong></span> 
     </span>
    </p>
   </div>
   <div class='ocr_carea' id='block_1_2' title="bbox 168 352 1125 620">
    <p class='ocr_par' dir='ltr' id='par_1_2' title="bbox 168 352 1125 620">
     <span class='ocr_line' id='line_1_2' title="bbox 172 352 1123 419; baseline 0.001 -17"><span class='ocrx_word' id='word_1_7' title='bbox 172 352 280 403; x_wconf 85' lang='lat' dir='ltr'><strong>tali</strong></span> <span class='ocrx_word' id='word_1_8' title='bbox 334 352 608 419; x_wconf 82' lang='lat' dir='ltr'><strong>supplicio</strong></span> <span class='ocrx_word' id='word_1_9' title='bbox 664 352 994 414; x_wconf 83' lang='lat' dir='ltr'><strong>adficeretur</strong></span> <span class='ocrx_word' id='word_1_10' title='bbox 1038 356 1123 417; x_wconf 99' lang='lat'><strong>84,</strong></span> 
     </span>
     <span class='ocr_line' id='line_1_3' title="bbox 177 419 1125 485; baseline 0.002 -16"><span class='ocrx_word' id='word_1_11' title='bbox 177 422 255 470; x_wconf 86' lang='lat'><strong>14.</strong></span> <span class='ocrx_word' id='word_1_12' title='bbox 304 419 449 471; x_wconf 89' lang='lat' dir='ltr'><strong>filios</strong></span> <span class='ocrx_word' id='word_1_13' title='bbox 494 420 680 470; x_wconf 89' lang='lat' dir='ltr'><strong>Auidii</strong></span> <span class='ocrx_word' id='word_1_14' title='bbox 726 426 883 485; x_wconf 89' lang='lat' dir='ltr'><strong>parte</strong></span> <span class='ocrx_word' id='word_1_15' title='bbox 943 422 1125 472; x_wconf 87' lang='lat' dir='ltr'><strong>media</strong></span> 
     </span>
     <span class='ocr_line' id='line_1_4' title="bbox 168 488 1121 554; baseline 0.003 -16"><span class='ocrx_word' id='word_1_16' title='bbox 168 488 394 553; x_wconf 85' lang='lat' dir='ltr'><strong>paterni</strong></span> <span class='ocrx_word' id='word_1_17' title='bbox 430 488 749 554; x_wconf 79' lang='lat' dir='ltr'><strong>patrimonii</strong></span> <span class='ocrx_word' id='word_1_18' title='bbox 774 489 1003 553; x_wconf 76' lang='lat' dir='ltr'><strong>donauit</strong></span> <span class='ocrx_word' id='word_1_19' title='bbox 1037 492 1121 551; x_wconf 86' lang='lat'><strong>84,</strong></span> 
     </span>
     <span class='ocr_line' id='line_1_5' title="bbox 171 556 1123 620; baseline 0.002 -15"><span class='ocrx_word' id='word_1_20' title='bbox 171 559 256 609; x_wconf 83' lang='lat'>23.</span> <span class='ocrx_word' id='word_1_21' title='bbox 346 556 651 620; x_wconf 79' lang='lat' dir='ltr'><strong>epistula</strong></span> <span class='ocrx_word' id='word_1_22' title='bbox 731 556 954 607; x_wconf 65' lang='lat' dir='ltr'><strong>Marci</strong></span> <span class='ocrx_word' id='word_1_23' title='bbox 1044 558 1123 607; x_wconf 87' lang='lat' dir='ltr'><strong>ad</strong></span> 
     </span>
    </p>
   </div>
   <div class='ocr_carea' id='block_1_3' title="bbox 171 624 1183 695">
    <p class='ocr_par' dir='ltr' id='par_1_3' title="bbox 171 624 1183 695">
     <span class='ocr_line' id='line_1_6' title="bbox 171 624 1183 695; baseline 0.001 -21"><span class='ocrx_word' id='word_1_24' title='bbox 171 624 576 674; x_wconf 81' lang='lat' dir='ltr'><strong>Faustinam</strong></span> <span class='ocrx_word' id='word_1_25' title='bbox 638 625 905 674; x_wconf 86' lang='lat' dir='ltr'><strong>inserta</strong></span> <span class='ocrx_word' id='word_1_26' title='bbox 952 626 1046 687; x_wconf 83' lang='lat'><strong>85,</strong></span> <span class='ocrx_word' id='word_1_27' title='bbox 1093 628 1122 675; x_wconf 94' lang='grc'><strong>7</strong></span> <span class='ocrx_word' id='word_1_28' title='bbox 1178 690 1183 695; x_wconf 16' lang='grc' dir='ltr'><em>φ</em></span> 
     </span>
    </p>
   </div>
   <div class='ocr_carea' id='block_1_4' title="bbox 149 662 1124 3603">
    <p class='ocr_par' dir='ltr' id='par_1_4' title="bbox 149 662 1124 3603">
     <span class='ocr_line' id='line_1_7' title="bbox 149 662 1119 756; baseline 0.001 -15"><span class='ocrx_word' id='word_1_29' title='bbox 149 698 288 756; x_wconf 72' lang='lat' dir='ltr'><strong>sqq.</strong></span> <span class='ocrx_word' id='word_1_30' title='bbox 327 691 469 741; x_wconf 83' lang='lat' dir='ltr'><strong>duae</strong></span> <span class='ocrx_word' id='word_1_31' title='bbox 506 692 781 756; x_wconf 82' lang='lat' dir='ltr'><strong>epistulae</strong></span> <span class='ocrx_word' id='word_1_32' title='bbox 808 662 1119 742; x_wconf 80' lang='lat' dir='ltr'><strong>Faustinae</strong></span> 
     </span>
     <span class='ocr_line' id='line_1_8' title="bbox 172 759 1117 825; baseline 0 -16"><span class='ocrx_word' id='word_1_33' title='bbox 172 759 245 809; x_wconf 87' lang='lat' dir='ltr'><strong>ad</strong></span> <span class='ocrx_word' id='word_1_34' title='bbox 298 759 547 809; x_wconf 85' lang='lat' dir='ltr'><strong>Marcum</strong></span> <span class='ocrx_word' id='word_1_35' title='bbox 600 760 948 821; x_wconf 81' lang='grc'><strong>85,14;16</strong></span> <span class='ocrx_word' id='word_1_36' title='bbox 1002 775 1117 825; x_wconf 88' lang='lat' dir='ltr'><strong>sqq.</strong></span> 
     </span>
     <span class='ocr_line' id='line_1_9' title="bbox 172 797 1121 892; baseline 0 -15"><span class='ocrx_word' id='word_1_37' title='bbox 172 831 229 877; x_wconf 92' lang='lat' dir='ltr'><strong>et</strong></span> <span class='ocrx_word' id='word_1_38' title='bbox 262 828 348 889; x_wconf 92' lang='grc'><strong>85,</strong></span> <span class='ocrx_word' id='word_1_39' title='bbox 387 820 453 877; x_wconf 85' lang='grc'><strong>20</strong></span> <span class='ocrx_word' id='word_1_40' title='bbox 486 842 633 892; x_wconf 88' lang='lat' dir='ltr'><strong>sqq.;</strong></span> <span class='ocrx_word' id='word_1_41' title='bbox 698 797 894 892; x_wconf 62' lang='lat' dir='ltr'><strong>q&#39;uib&#39;us</strong></span> <span class='ocrx_word' id='word_1_42' title='bbox 938 827 1014 880; x_wconf 89' lang='lat' dir='ltr'><strong>M.</strong></span> <span class='ocrx_word' id='word_1_43' title='bbox 1052 828 1121 877; x_wconf 89' lang='lat' dir='ltr'><strong>ad</strong></span> 
     </span>
     <span class='ocr_line' id='line_1_10' title="bbox 166 895 1120 962; baseline 0.002 -18"><span class='ocrx_word' id='word_1_44' title='bbox 166 896 451 945; x_wconf 85' lang='lat' dir='ltr'><strong>uindictae</strong></span> <span class='ocrx_word' id='word_1_45' title='bbox 488 896 885 946; x_wconf 84' lang='lat' dir='ltr'><strong>necessitatem</strong></span> <span class='ocrx_word' id='word_1_46' title='bbox 921 895 1120 962; x_wconf 90' lang='lat' dir='ltr'><strong>impel-</strong></span> 
     </span>
     <span class='ocr_line' id='line_1_11' title="bbox 166 962 1120 1028; baseline 0.002 -17"><span class='ocrx_word' id='word_1_47' title='bbox 166 963 238 1012; x_wconf 90' lang='lat' dir='ltr'><strong>lit</strong></span> <span class='ocrx_word' id='word_1_48' title='bbox 274 964 363 1021; x_wconf 87' lang='lat'><strong>86,</strong></span> <span class='ocrx_word' id='word_1_49' title='bbox 404 964 484 1013; x_wconf 97' lang='grc'><strong>11.</strong></span> <span class='ocrx_word' id='word_1_50' title='bbox 550 962 860 1028; x_wconf 83' lang='lat' dir='ltr'><strong>epistula</strong></span> <span class='ocrx_word' id='word_1_51' title='bbox 902 963 1120 1013; x_wconf 81' lang='lat' dir='ltr'><strong>Marci</strong></span> 
     </span>
     <span class='ocr_line' id='line_1_12' title="bbox 171 1030 1117 1091; baseline 0.001 -12"><span class='ocrx_word' id='word_1_52' title='bbox 171 1030 254 1079; x_wconf 87' lang='lat' dir='ltr'><strong>ad</strong></span> <span class='ocrx_word' id='word_1_53' title='bbox 286 1031 690 1081; x_wconf 85' lang='lat' dir='ltr'><strong>Faustinam</strong></span> <span class='ocrx_word' id='word_1_54' title='bbox 725 1032 998 1081; x_wconf 84' lang='lat' dir='ltr'><strong>inserta</strong></span> <span class='ocrx_word' id='word_1_55' title='bbox 1034 1032 1117 1091; x_wconf 88' lang='grc'><strong>86,</strong></span> 
     </span>
     <span class='ocr_line' id='line_1_13' title="bbox 174 1098 1122 1150; baseline 0 -3"><span class='ocrx_word' id='word_1_56' title='bbox 174 1099 391 1148; x_wconf 86' lang='grc'><strong>12-26.</strong></span> <span class='ocrx_word' id='word_1_57' title='bbox 433 1114 507 1149; x_wconf 85' lang='lat' dir='ltr'><strong>ex</strong></span> <span class='ocrx_word' id='word_1_58' title='bbox 543 1098 865 1149; x_wconf 77' lang='lat' dir='ltr'><strong>oratione</strong></span> <span class='ocrx_word' id='word_1_59' title='bbox 904 1099 1122 1150; x_wconf 86' lang='lat' dir='ltr'><strong>Marci</strong></span> 
     </span>
     <span class='ocr_line' id='line_1_14' title="bbox 169 1166 1121 1233; baseline 0.002 -18"><span class='ocrx_word' id='word_1_60' title='bbox 169 1166 250 1215; x_wconf 90' lang='lat' dir='ltr'><strong>ad</strong></span> <span class='ocrx_word' id='word_1_61' title='bbox 322 1170 633 1216; x_wconf 87' lang='lat' dir='ltr'><strong>senatum</strong></span> <span class='ocrx_word' id='word_1_62' title='bbox 703 1169 909 1217; x_wconf 88' lang='lat' dir='ltr'><strong>missa</strong></span> <span class='ocrx_word' id='word_1_63' title='bbox 991 1181 1121 1233; x_wconf 86' lang='lat' dir='ltr'><strong>pars</strong></span> 
     </span>
     <span class='ocr_line' id='line_1_15' title="bbox 170 1235 1119 1299; baseline 0 -16"><span class='ocrx_word' id='word_1_64' title='bbox 170 1235 441 1298; x_wconf 78' lang='lat' dir='ltr'><strong>quaedam</strong></span> <span class='ocrx_word' id='word_1_65' title='bbox 478 1236 749 1285; x_wconf 89' lang='lat' dir='ltr'><strong>inserta</strong></span> <span class='ocrx_word' id='word_1_66' title='bbox 784 1237 869 1299; x_wconf 88' lang='lat'><strong>86,</strong></span> <span class='ocrx_word' id='word_1_67' title='bbox 895 1237 961 1285; x_wconf 83' lang='lat'><strong>29</strong></span> <span class='ocrx_word' id='word_1_68' title='bbox 996 1250 1119 1299; x_wconf 87' lang='lat' dir='ltr'><strong>sqq.</strong></span> 
     </span>
     <span class='ocr_line' id='line_1_16' title="bbox 164 1302 1114 1364; baseline 0.002 -14"><span class='ocrx_word' id='word_1_69' title='bbox 164 1302 357 1351; x_wconf 87' lang='lat' dir='ltr'><strong>Auidii</strong></span> <span class='ocrx_word' id='word_1_70' title='bbox 393 1302 459 1352; x_wconf 88' lang='lat' dir='ltr'><strong>de</strong></span> <span class='ocrx_word' id='word_1_71' title='bbox 498 1318 563 1354; x_wconf 91' lang='lat' dir='ltr'><strong>eo</strong></span> <span class='ocrx_word' id='word_1_72' title='bbox 599 1302 867 1353; x_wconf 84' lang='lat' dir='ltr'><strong>iudicium</strong></span> <span class='ocrx_word' id='word_1_73' title='bbox 904 1306 989 1361; x_wconf 57' lang='grc'><strong>88,</strong></span> <span class='ocrx_word' id='word_1_74' title='bbox 1026 1305 1114 1364; x_wconf 84' lang='grc'><strong>11;</strong></span> 
     </span>
     <span class='ocr_line' id='line_1_17' title="bbox 171 1369 1118 1431; baseline 0.002 -14"><span class='ocrx_word' id='word_1_75' title='bbox 171 1371 259 1431; x_wconf 81' lang='lat'><strong>163</strong></span> <span class='ocrx_word' id='word_1_76' title='bbox 299 1371 382 1419; x_wconf 82' lang='lat'>22.</span> <span class='ocrx_word' id='word_1_77' title='bbox 420 1371 494 1421; x_wconf 92' lang='grc' dir='ltr'><strong>Μ.</strong></span> <span class='ocrx_word' id='word_1_78' title='bbox 533 1369 885 1421; x_wconf 81' lang='lat' dir='ltr'><strong>Commodum</strong></span> <span class='ocrx_word' id='word_1_79' title='bbox 924 1374 981 1421; x_wconf 90' lang='lat' dir='ltr'><strong>et</strong></span> <span class='ocrx_word' id='word_1_80' title='bbox 1004 1371 1118 1420; x_wconf 87' lang='lat' dir='ltr'><strong>suis</strong></span> 
     </span>
     <span class='ocr_line' id='line_1_18' title="bbox 163 1433 1116 1504; baseline 0 -17"><span class='ocrx_word' id='word_1_81' title='bbox 163 1433 482 1504; x_wconf 86' lang='lat' dir='ltr'><strong>praeceptis</strong></span> <span class='ocrx_word' id='word_1_82' title='bbox 521 1442 577 1489; x_wconf 89' lang='lat' dir='ltr'><strong>et</strong></span> <span class='ocrx_word' id='word_1_83' title='bbox 602 1452 923 1504; x_wconf 82' lang='lat' dir='ltr'><strong>magnorum</strong></span> <span class='ocrx_word' id='word_1_84' title='bbox 950 1442 1116 1503; x_wconf 86' lang='lat' dir='ltr'><strong>atque</strong></span> 
     </span>
     <span class='ocr_line' id='line_1_19' title="bbox 168 1506 1115 1571; baseline 0.002 -16"><span class='ocrx_word' id='word_1_85' title='bbox 168 1506 495 1571; x_wconf 86' lang='lat' dir='ltr'><strong>optimorum</strong></span> <span class='ocrx_word' id='word_1_86' title='bbox 573 1508 814 1557; x_wconf 89' lang='lat' dir='ltr'><strong>uirorum</strong></span> <span class='ocrx_word' id='word_1_87' title='bbox 898 1506 1115 1557; x_wconf 85' lang='lat' dir='ltr'><strong>erudire</strong></span> 
     </span>
     <span class='ocr_line' id='line_1_20' title="bbox 166 1574 1117 1639; baseline 0 -17"><span class='ocrx_word' id='word_1_88' title='bbox 166 1578 403 1624; x_wconf 82' lang='lat' dir='ltr'><strong>conatus</strong></span> <span class='ocrx_word' id='word_1_89' title='bbox 450 1577 535 1624; x_wconf 87' lang='lat' dir='ltr'><strong>est</strong></span> <span class='ocrx_word' id='word_1_90' title='bbox 581 1576 677 1634; x_wconf 91' lang='grc'><strong>89,</strong></span> <span class='ocrx_word' id='word_1_91' title='bbox 719 1577 797 1624; x_wconf 90' lang='grc'><strong>12.</strong></span> <span class='ocrx_word' id='word_1_92' title='bbox 858 1578 991 1639; x_wconf 84' lang='lat' dir='ltr'><strong>toga</strong></span> <span class='ocrx_word' id='word_1_93' title='bbox 1039 1574 1117 1623; x_wconf 89' lang='lat' dir='ltr'><strong>in-</strong></span> 
     </span>
     <span class='ocr_line' id='line_1_21' title="bbox 168 1640 1115 1693; baseline 0.001 -3"><span class='ocrx_word' id='word_1_94' title='bbox 168 1642 333 1691; x_wconf 85' lang='lat' dir='ltr'><strong>dutus</strong></span> <span class='ocrx_word' id='word_1_95' title='bbox 382 1640 706 1692; x_wconf 85' lang='lat' dir='ltr'><strong>Commodus</strong></span> <span class='ocrx_word' id='word_1_96' title='bbox 754 1646 839 1693; x_wconf 89' lang='lat' dir='ltr'><strong>est</strong></span> <span class='ocrx_word' id='word_1_97' title='bbox 876 1657 942 1692; x_wconf 89' lang='lat' dir='ltr'><strong>eo</strong></span> <span class='ocrx_word' id='word_1_98' title='bbox 979 1645 1115 1693; x_wconf 89' lang='lat' dir='ltr'><strong>tem-</strong></span> 
     </span>
     <span class='ocr_line' id='line_1_22' title="bbox 166 1709 1119 1773; baseline 0 -15"><span class='ocrx_word' id='word_1_99' title='bbox 166 1724 303 1773; x_wconf 86' lang='lat' dir='ltr'><strong>pore</strong></span> <span class='ocrx_word' id='word_1_100' title='bbox 339 1723 447 1773; x_wconf 87' lang='lat' dir='ltr'><strong>quo</strong></span> <span class='ocrx_word' id='word_1_101' title='bbox 486 1709 711 1760; x_wconf 79' lang='lat' dir='ltr'><strong>Cassius</strong></span> <span class='ocrx_word' id='word_1_102' title='bbox 750 1726 784 1760; x_wconf 93' lang='lat' dir='ltr'><strong>a</strong></span> <span class='ocrx_word' id='word_1_103' title='bbox 818 1710 894 1760; x_wconf 88' lang='lat' dir='ltr'><strong>M.</strong></span> <span class='ocrx_word' id='word_1_104' title='bbox 942 1710 1119 1760; x_wconf 89' lang='lat' dir='ltr'><strong>desci-</strong></span> 
     </span>
     <span class='ocr_line' id='line_1_23' title="bbox 169 1778 1115 1844; baseline 0.002 -19"><span class='ocrx_word' id='word_1_105' title='bbox 169 1778 256 1826; x_wconf 91' lang='lat' dir='ltr'><strong>uit</strong></span> <span class='ocrx_word' id='word_1_106' title='bbox 302 1778 513 1836; x_wconf 87' lang='grc'><strong>90,15.</strong></span> <span class='ocrx_word' id='word_1_107' title='bbox 586 1778 776 1828; x_wconf 82' lang='lat' dir='ltr'><strong>Marco</strong></span> <span class='ocrx_word' id='word_1_108' title='bbox 821 1782 1115 1844; x_wconf 84' lang='lat' dir='ltr'><strong>suspectus</strong></span> 
     </span>
     <span class='ocr_line' id='line_1_24' title="bbox 164 1842 1124 1911; baseline 0.002 -18"><span class='ocrx_word' id='word_1_109' title='bbox 164 1846 319 1894; x_wconf 85' lang='lat' dir='ltr'><strong>Pert.</strong></span> <span class='ocrx_word' id='word_1_110' title='bbox 370 1842 439 1895; x_wconf 85' lang='lat' dir='ltr'><strong>ab</strong></span> <span class='ocrx_word' id='word_1_111' title='bbox 486 1846 715 1911; x_wconf 85' lang='lat' dir='ltr'><strong>imperio</strong></span> <span class='ocrx_word' id='word_1_112' title='bbox 752 1850 999 1896; x_wconf 86' lang='lat' dir='ltr'><strong>remotus</strong></span> <span class='ocrx_word' id='word_1_113' title='bbox 1038 1851 1124 1895; x_wconf 91' lang='lat' dir='ltr'><strong>est</strong></span> 
     </span>
     <span class='ocr_line' id='line_1_25' title="bbox 166 1914 1119 1979; baseline 0.001 -18"><span class='ocrx_word' id='word_1_114' title='bbox 166 1914 282 1975; x_wconf 90' lang='grc'><strong>106,</strong></span> <span class='ocrx_word' id='word_1_115' title='bbox 322 1914 380 1973; x_wconf 90' lang='grc'><strong>6,</strong></span> <span class='ocrx_word' id='word_1_116' title='bbox 418 1918 617 1977; x_wconf 87' lang='lat' dir='ltr'><strong>postea</strong></span> <span class='ocrx_word' id='word_1_117' title='bbox 660 1930 761 1979; x_wconf 86' lang='lat' dir='ltr'><strong>per</strong></span> <span class='ocrx_word' id='word_1_118' title='bbox 803 1914 981 1963; x_wconf 83' lang='lat' dir='ltr'><strong>Marci</strong></span> <span class='ocrx_word' id='word_1_119' title='bbox 1026 1928 1119 1978; x_wconf 85' lang='lat' dir='ltr'><strong>ge-</strong></span> 
     </span>
     <span class='ocr_line' id='line_1_26' title="bbox 160 1980 1122 2045; baseline -0.001 -16"><span class='ocrx_word' id='word_1_120' title='bbox 160 1995 355 2030; x_wconf 80' lang='lat' dir='ltr'><strong>nerum</strong></span> <span class='ocrx_word' id='word_1_121' title='bbox 386 1980 611 2029; x_wconf 86' lang='lat' dir='ltr'><strong>uexillis</strong></span> <span class='ocrx_word' id='word_1_122' title='bbox 648 1980 906 2045; x_wconf 87' lang='lat' dir='ltr'><strong>regendis</strong></span> <span class='ocrx_word' id='word_1_123' title='bbox 944 1980 1122 2029; x_wconf 86' lang='lat' dir='ltr'><strong>adsci-</strong></span> 
     </span>
     <span class='ocr_line' id='line_1_27' title="bbox 162 2045 1121 2112; baseline -0.002 -15"><span class='ocrx_word' id='word_1_124' title='bbox 162 2054 255 2097; x_wconf 86' lang='lat' dir='ltr'><strong>tus</strong></span> <span class='ocrx_word' id='word_1_125' title='bbox 282 2048 397 2109; x_wconf 87' lang='grc'><strong>106,</strong></span> <span class='ocrx_word' id='word_1_126' title='bbox 425 2048 472 2098; x_wconf 88' lang='grc'><strong>7.</strong></span> <span class='ocrx_word' id='word_1_127' title='bbox 507 2045 582 2101; x_wconf 88' lang='grc' dir='ltr'>Μ</span> <span class='ocrx_word' id='word_1_128' title='bbox 607 2047 758 2097; x_wconf 88' lang='lat' dir='ltr'><strong>Pert.</strong></span> <span class='ocrx_word' id='word_1_129' title='bbox 784 2048 1121 2112; x_wconf 87' lang='lat' dir='ltr'><strong>praetorium</strong></span> 
     </span>
     <span class='ocr_line' id='line_1_28' title="bbox 168 2113 1117 2185; baseline -0.001 -21"><span class='ocrx_word' id='word_1_130' title='bbox 168 2116 311 2164; x_wconf 86' lang='lat' dir='ltr'><strong>fecit</strong></span> <span class='ocrx_word' id='word_1_131' title='bbox 351 2116 465 2185; x_wconf 89' lang='lat'><strong>106</strong></span> <span class='ocrx_word' id='word_1_132' title='bbox 507 2116 587 2167; x_wconf 89' lang='lat'>11.</span> <span class='ocrx_word' id='word_1_133' title='bbox 630 2116 749 2165; x_wconf 88' lang='lat' dir='ltr'><strong>eius</strong></span> <span class='ocrx_word' id='word_1_134' title='bbox 774 2113 959 2165; x_wconf 84' lang='lat' dir='ltr'><strong>studio</strong></span> <span class='ocrx_word' id='word_1_135' title='bbox 994 2129 1117 2164; x_wconf 90' lang='lat' dir='ltr'><strong>con-</strong></span> 
     </span>
     <span class='ocr_line' id='line_1_29' title="bbox 164 2153 1120 2247; baseline 0 -16"><span class='ocrx_word' id='word_1_136' title='bbox 164 2181 251 2231; x_wconf 88' lang='lat' dir='ltr'><strong>sul</strong></span> <span class='ocrx_word' id='word_1_137' title='bbox 287 2153 611 2247; x_wconf 83' lang='lat' dir='ltr'><strong>designatus</strong></span> <span class='ocrx_word' id='word_1_138' title='bbox 654 2184 777 2241; x_wconf 83' lang='grc'><strong>106,</strong></span> <span class='ocrx_word' id='word_1_139' title='bbox 828 2183 909 2231; x_wconf 89' lang='grc'><strong>14.</strong></span> <span class='ocrx_word' id='word_1_140' title='bbox 969 2182 1120 2232; x_wconf 87' lang='lat' dir='ltr'><strong>Pert.</strong></span> 
     </span>
     <span class='ocr_line' id='line_1_30' title="bbox 168 2248 1119 2367; baseline 0.002 -70"><span class='ocrx_word' id='word_1_141' title='bbox 168 2250 502 2366; x_wconf 51' lang='lat' dir='ltr'><strong>{gepiffime</strong></span> <span class='ocrx_word' id='word_1_142' title='bbox 531 2264 575 2364; x_wconf 82' lang='lat' dir='ltr'><strong>la</strong></span> <span class='ocrx_word' id='word_1_143' title='bbox 598 2248 674 2299; x_wconf 98' lang='lat' dir='ltr'><strong>M.</strong></span> <span class='ocrx_word' id='word_1_144' title='bbox 710 2249 973 2367; x_wconf 48' lang='lat' dir='ltr'><strong>liaudztus</strong></span> <span class='ocrx_word' id='word_1_145' title='bbox 999 2250 1119 2366; x_wconf 73' lang='lat' dir='ltr'><strong>l06d</strong></span> 
     </span>
     <span class='ocr_line' id='line_1_31' title="bbox 237 2332 1081 2382; baseline 0.002 -17"><span class='ocrx_word' id='word_1_146' title='bbox 237 2352 250 2365; x_wconf 92' lang='lat'><strong>.</strong></span> <span class='ocrx_word' id='word_1_147' title='bbox 384 2332 642 2382; x_wconf 80' lang='lat' dir='ltr'><strong>‚paam</strong></span> <span class='ocrx_word' id='word_1_148' title='bbox 750 2332 914 2381; x_wconf 78' lang='lat' dir='ltr'><strong>oui,</strong></span> <span class='ocrx_word' id='word_1_149' title='bbox 977 2332 1081 2382; x_wconf 89' lang='lat' dir='ltr'><strong>quo</strong></span> 
     </span>
     <span class='ocr_line' id='line_1_32' title="bbox 162 2386 1119 2451; baseline 0.001 -18"><span class='ocrx_word' id='word_1_150' title='bbox 162 2386 314 2434; x_wconf 84' lang='lat' dir='ltr'><strong>Pert.</strong></span> <span class='ocrx_word' id='word_1_151' title='bbox 381 2390 606 2435; x_wconf 86' lang='lat' dir='ltr'><strong>senator</strong></span> <span class='ocrx_word' id='word_1_152' title='bbox 652 2389 802 2435; x_wconf 87' lang='lat' dir='ltr'><strong>esset</strong></span> <span class='ocrx_word' id='word_1_153' title='bbox 848 2391 904 2436; x_wconf 90' lang='lat' dir='ltr'><strong>et</strong></span> <span class='ocrx_word' id='word_1_154' title='bbox 939 2386 1119 2451; x_wconf 83' lang='lat' dir='ltr'><strong>praef.</strong></span> 
     </span>
     <span class='ocr_line' id='line_1_33' title="bbox 166 2451 1122 2518; baseline 0.001 -16"><span class='ocrx_word' id='word_1_155' title='bbox 166 2457 345 2517; x_wconf 88' lang='lat' dir='ltr'><strong>praet.</strong></span> <span class='ocrx_word' id='word_1_156' title='bbox 408 2451 527 2503; x_wconf 90' lang='lat' dir='ltr'><strong>fieri</strong></span> <span class='ocrx_word' id='word_1_157' title='bbox 590 2470 623 2503; x_wconf 96' lang='lat' dir='ltr'><strong>a</strong></span> <span class='ocrx_word' id='word_1_158' title='bbox 668 2469 728 2504; x_wconf 87' lang='lat' dir='ltr'><strong>se</strong></span> <span class='ocrx_word' id='word_1_159' title='bbox 774 2469 884 2504; x_wconf 91' lang='lat' dir='ltr'><strong>non</strong></span> <span class='ocrx_word' id='word_1_160' title='bbox 930 2458 1122 2518; x_wconf 87' lang='lat' dir='ltr'><strong>posset</strong></span> 
     </span>
     <span class='ocr_line' id='line_1_34' title="bbox 166 2521 1114 2583; baseline 0.001 -13"><span class='ocrx_word' id='word_1_161' title='bbox 166 2521 288 2577; x_wconf 89' lang='grc'><strong>106,</strong></span> <span class='ocrx_word' id='word_1_162' title='bbox 340 2523 421 2571; x_wconf 88' lang='grc'><strong>19.</strong></span> <span class='ocrx_word' id='word_1_163' title='bbox 472 2537 730 2572; x_wconf 88' lang='lat' dir='ltr'><strong>excessus</strong></span> <span class='ocrx_word' id='word_1_164' title='bbox 771 2522 951 2574; x_wconf 86' lang='lat' dir='ltr'><strong>Marci</strong></span> <span class='ocrx_word' id='word_1_165' title='bbox 1000 2522 1114 2583; x_wconf 84' lang='lat'><strong>106,</strong></span> 
     </span>
     <span class='ocr_line' id='line_1_35' title="bbox 170 2586 1119 2654; baseline 0.003 -19"><span class='ocrx_word' id='word_1_166' title='bbox 170 2590 251 2637; x_wconf 89' lang='grc'><strong>26.</strong></span> <span class='ocrx_word' id='word_1_167' title='bbox 284 2586 546 2639; x_wconf 88' lang='lat' dir='ltr'><strong>Claudius</strong></span> <span class='ocrx_word' id='word_1_168' title='bbox 556 2589 926 2654; x_wconf 86' lang='lat' dir='ltr'><strong>Pompeianus</strong></span> <span class='ocrx_word' id='word_1_169' title='bbox 938 2590 1119 2639; x_wconf 87' lang='lat' dir='ltr'><strong>Marci</strong></span> 
     </span>
     <span class='ocr_line' id='line_1_36' title="bbox 162 2656 1117 2719; baseline 0.002 -14"><span class='ocrx_word' id='word_1_170' title='bbox 162 2670 336 2719; x_wconf 87' lang='lat' dir='ltr'><strong>gener</strong></span> <span class='ocrx_word' id='word_1_171' title='bbox 373 2658 487 2718; x_wconf 86' lang='lat'>108,</span> <span class='ocrx_word' id='word_1_172' title='bbox 529 2658 575 2709; x_wconf 98' lang='grc'><strong>7.</strong></span> <span class='ocrx_word' id='word_1_173' title='bbox 622 2656 799 2707; x_wconf 87' lang='lat' dir='ltr'><strong>Marci</strong></span> <span class='ocrx_word' id='word_1_174' title='bbox 835 2673 1001 2707; x_wconf 85' lang='lat' dir='ltr'><strong>sacra</strong></span> <span class='ocrx_word' id='word_1_175' title='bbox 1026 2672 1117 2707; x_wconf 87' lang='lat' dir='ltr'><strong>cu-</strong></span> 
     </span>
     <span class='ocr_line' id='line_1_37' title="bbox 163 2723 1114 2792; baseline 0.003 -21"><span class='ocrx_word' id='word_1_176' title='bbox 163 2723 369 2772; x_wconf 83' lang='lat' dir='ltr'><strong>rabant</strong></span> <span class='ocrx_word' id='word_1_177' title='bbox 418 2723 640 2773; x_wconf 85' lang='lat' dir='ltr'><strong>sodales</strong></span> <span class='ocrx_word' id='word_1_178' title='bbox 674 2725 963 2792; x_wconf 32' lang='lat' dir='ltr'><strong>§Marciani</strong></span> <span class='ocrx_word' id='word_1_179' title='bbox 1000 2726 1114 2786; x_wconf 89' lang='grc'><strong>116,</strong></span> 
     </span>
     <span class='ocr_line' id='line_1_38' title="bbox 160 2780 1118 2843; baseline 0.001 -4"><span class='ocrx_word' id='word_1_180' title='bbox 160 2793 212 2843; x_wconf 88' lang='grc'><strong>2.</strong></span> <span class='ocrx_word' id='word_1_181' title='bbox 292 2790 542 2840; x_wconf 87' lang='lat' dir='ltr'><strong>Domitia</strong></span> <span class='ocrx_word' id='word_1_182' title='bbox 622 2780 855 2841; x_wconf 83' lang='lat' dir='ltr'><strong>Lucilla·</strong></span> <span class='ocrx_word' id='word_1_183' title='bbox 936 2796 1118 2841; x_wconf 86' lang='lat' dir='ltr'><strong>mater</strong></span> 
     </span>
     <span class='ocr_line' id='line_1_39' title="bbox 160 2858 1118 2924; baseline 0 -17"><span class='ocrx_word' id='word_1_184' title='bbox 160 2858 342 2908; x_wconf 85' lang='lat' dir='ltr'><strong>Marci</strong></span> <span class='ocrx_word' id='word_1_185' title='bbox 389 2860 511 2918; x_wconf 90' lang='grc'><strong>117,</strong></span> <span class='ocrx_word' id='word_1_186' title='bbox 569 2860 649 2909; x_wconf 89' lang='grc'><strong>10.</strong></span> <span class='ocrx_word' id='word_1_187' title='bbox 710 2859 858 2909; x_wconf 85' lang='lat' dir='ltr'><strong>inter</strong></span> <span class='ocrx_word' id='word_1_188' title='bbox 912 2860 1118 2924; x_wconf 84' lang='lat' dir='ltr'><strong>uiginti</strong></span> 
     </span>
     <span class='ocr_line' id='line_1_40' title="bbox 160 2925 1116 2991; baseline -0.001 -15"><span class='ocrx_word' id='word_1_189' title='bbox 160 2928 313 2977; x_wconf 85' lang='lat' dir='ltr'><strong>uiros</strong></span> <span class='ocrx_word' id='word_1_190' title='bbox 358 2925 557 2975; x_wconf 79' lang='lat' dir='ltr'><strong>Didius</strong></span> <span class='ocrx_word' id='word_1_191' title='bbox 610 2925 791 2976; x_wconf 87' lang='lat' dir='ltr'><strong>lectus</strong></span> <span class='ocrx_word' id='word_1_192' title='bbox 851 2926 1116 2991; x_wconf 81' lang='lat' dir='ltr'><strong>suffragio</strong></span> 
     </span>
     <span class='ocr_line' id='line_1_41' title="bbox 160 2993 1116 3059; baseline -0.001 -15"><span class='ocrx_word' id='word_1_193' title='bbox 160 2995 355 3045; x_wconf 87' lang='lat' dir='ltr'><strong>matris</strong></span> <span class='ocrx_word' id='word_1_194' title='bbox 391 2993 464 3046; x_wconf 87' lang='grc' dir='ltr'><strong>Μ.</strong></span> <span class='ocrx_word' id='word_1_195' title='bbox 504 2997 628 3059; x_wconf 89' lang='grc'><strong>117,</strong></span> <span class='ocrx_word' id='word_1_196' title='bbox 679 2998 759 3046; x_wconf 91' lang='grc'><strong>10.</strong></span> <span class='ocrx_word' id='word_1_197' title='bbox 796 2994 871 3044; x_wconf 92' lang='grc' dir='ltr'><strong>Μ.</strong></span> <span class='ocrx_word' id='word_1_198' title='bbox 919 2993 1116 3044; x_wconf 81' lang='lat' dir='ltr'><strong>suffra-</strong></span> 
     </span>
     <span class='ocr_line' id='line_1_42' title="bbox 160 3062 1119 3127; baseline -0.001 -15"><span class='ocrx_word' id='word_1_199' title='bbox 160 3065 254 3127; x_wconf 83' lang='lat' dir='ltr'><strong>gio</strong></span> <span class='ocrx_word' id='word_1_200' title='bbox 314 3062 514 3112; x_wconf 83' lang='lat' dir='ltr'><strong>Didius</strong></span> <span class='ocrx_word' id='word_1_201' title='bbox 575 3062 922 3113; x_wconf 79' lang='lat' dir='ltr'><strong>aedilitatem</strong></span> <span class='ocrx_word' id='word_1_202' title='bbox 987 3076 1119 3111; x_wconf 89' lang='lat' dir='ltr'><strong>con·</strong></span> 
     </span>
     <span class='ocr_line' id='line_1_43' title="bbox 160 3131 1116 3192; baseline -0.001 -12"><span class='ocrx_word' id='word_1_203' title='bbox 160 3134 385 3181; x_wconf 86' lang='lat' dir='ltr'><strong>secutus</strong></span> <span class='ocrx_word' id='word_1_204' title='bbox 434 3134 519 3181; x_wconf 90' lang='lat' dir='ltr'><strong>est</strong></span> <span class='ocrx_word' id='word_1_205' title='bbox 566 3132 680 3192; x_wconf 87' lang='grc'><strong>117,</strong></span> <span class='ocrx_word' id='word_1_206' title='bbox 723 3132 803 3181; x_wconf 89' lang='grc'><strong>13.</strong></span> <span class='ocrx_word' id='word_1_207' title='bbox 855 3145 890 3180; x_wconf 89' lang='lat' dir='ltr'><strong>a</strong></span> <span class='ocrx_word' id='word_1_208' title='bbox 924 3131 1116 3180; x_wconf 85' lang='lat' dir='ltr'><strong>Marco</strong></span> 
     </span>
     <span class='ocr_line' id='line_1_44' title="bbox 162 3198 1113 3263; baseline -0.002 -15"><span class='ocrx_word' id='word_1_209' title='bbox 162 3200 291 3248; x_wconf 79' lang='lat' dir='ltr'><strong>Seu.</strong></span> <span class='ocrx_word' id='word_1_210' title='bbox 353 3198 525 3249; x_wconf 89' lang='lat' dir='ltr'><strong>latum</strong></span> <span class='ocrx_word' id='word_1_211' title='bbox 587 3198 806 3249; x_wconf 85' lang='lat' dir='ltr'><strong>clauum</strong></span> <span class='ocrx_word' id='word_1_212' title='bbox 864 3199 1009 3263; x_wconf 83' lang='lat' dir='ltr'><strong>petit</strong></span> <span class='ocrx_word' id='word_1_213' title='bbox 1057 3204 1113 3247; x_wconf 88' lang='lat' dir='ltr'><strong>et</strong></span> 
     </span>
     <span class='ocr_line' id='line_1_45' title="bbox 162 3266 1116 3330; baseline -0.001 -16"><span class='ocrx_word' id='word_1_214' title='bbox 162 3267 388 3330; x_wconf 84' lang='lat' dir='ltr'><strong>accepit</strong></span> <span class='ocrx_word' id='word_1_215' title='bbox 433 3269 557 3325; x_wconf 88' lang='grc'><strong>125,</strong></span> <span class='ocrx_word' id='word_1_216' title='bbox 621 3268 701 3317; x_wconf 89' lang='grc'><strong>15.</strong></span> <span class='ocrx_word' id='word_1_217' title='bbox 774 3266 1116 3315; x_wconf 89' lang='lat' dir='ltr'><strong>tribunatum</strong></span> 
     </span>
     <span class='ocr_line' id='line_1_46' title="bbox 162 3332 1117 3399; baseline -0.001 -16"><span class='ocrx_word' id='word_1_218' title='bbox 162 3334 292 3383; x_wconf 85' lang='lat' dir='ltr'><strong>Seu.</strong></span> <span class='ocrx_word' id='word_1_219' title='bbox 329 3332 403 3383; x_wconf 87' lang='lat' dir='ltr'>M.</span> <span class='ocrx_word' id='word_1_220' title='bbox 445 3335 779 3384; x_wconf 77' lang='lat' dir='ltr'><strong>decernente</strong></span> <span class='ocrx_word' id='word_1_221' title='bbox 817 3334 1117 3399; x_wconf 88' lang='lat' dir='ltr'><strong>promeruit</strong></span> 
     </span>
     <span class='ocr_line' id='line_1_47' title="bbox 166 3402 1117 3467; baseline 0.001 -17"><span class='ocrx_word' id='word_1_222' title='bbox 166 3402 290 3457; x_wconf 88' lang='grc'><strong>126,</strong></span> <span class='ocrx_word' id='word_1_223' title='bbox 328 3403 411 3451; x_wconf 93' lang='grc'><strong>26.</strong></span> <span class='ocrx_word' id='word_1_224' title='bbox 476 3407 533 3452; x_wconf 92' lang='lat' dir='ltr'><strong>et</strong></span> <span class='ocrx_word' id='word_1_225' title='bbox 580 3417 615 3452; x_wconf 89' lang='lat' dir='ltr'><strong>a</strong></span> <span class='ocrx_word' id='word_1_226' title='bbox 652 3403 725 3451; x_wconf 90' lang='lat' dir='ltr'>M.</span> <span class='ocrx_word' id='word_1_227' title='bbox 766 3406 991 3467; x_wconf 85' lang='lat' dir='ltr'><strong>praetor</strong></span> <span class='ocrx_word' id='word_1_228' title='bbox 1029 3407 1117 3451; x_wconf 86' lang='lat' dir='ltr'><strong>est</strong></span> 
     </span>
     <span class='ocr_line' id='line_1_48' title="bbox 161 3468 1112 3534; baseline 0.004 -16"><span class='ocrx_word' id='word_1_229' title='bbox 161 3468 485 3529; x_wconf 85' lang='lat' dir='ltr'><strong>designatus</strong></span> <span class='ocrx_word' id='word_1_230' title='bbox 523 3472 637 3534; x_wconf 83' lang='lat'><strong>126,</strong></span> <span class='ocrx_word' id='word_1_231' title='bbox 676 3473 757 3521; x_wconf 87' lang='grc'><strong>30.</strong></span> <span class='ocrx_word' id='word_1_232' title='bbox 798 3486 919 3520; x_wconf 85' lang='lat' dir='ltr'><strong>oum</strong></span> <span class='ocrx_word' id='word_1_233' title='bbox 954 3470 1012 3519; x_wconf 90' lang='lat' dir='ltr'><strong>in</strong></span> <span class='ocrx_word' id='word_1_234' title='bbox 1037 3469 1112 3522; x_wconf 87' lang='lat' dir='ltr'>M.</span> 
     </span>
     <span class='ocr_line' id='line_1_49' title="bbox 160 3536 1113 3603; baseline 0 -17"><span class='ocrx_word' id='word_1_235' title='bbox 160 3536 435 3587; x_wconf 84' lang='lat' dir='ltr'><strong>familiam</strong></span> <span class='ocrx_word' id='word_1_236' title='bbox 472 3538 599 3588; x_wconf 77' lang='lat' dir='ltr'><strong>Seu·</strong></span> <span class='ocrx_word' id='word_1_237' title='bbox 644 3538 883 3590; x_wconf 87' lang='lat' dir='ltr'><strong>transire</strong></span> <span class='ocrx_word' id='word_1_238' title='bbox 918 3537 1113 3603; x_wconf 87' lang='lat' dir='ltr'><strong>uellet,</strong></span> 
     </span>
    </p>
   </div>
   <div class='ocr_carea' id='block_1_5' title="bbox 1235 355 2250 3603">
    <p class='ocr_par' dir='ltr' id='par_1_5' title="bbox 1257 355 2194 423">
     <span class='ocr_line' id='line_1_50' title="bbox 1257 355 2194 423; baseline 0.003 -18"><span class='ocrx_word' id='word_1_239' title='bbox 1257 356 1587 405; x_wconf 75' lang='lat' dir='ltr'><strong>Bassianum</strong></span> <span class='ocrx_word' id='word_1_240' title='bbox 1635 355 1967 406; x_wconf 84' lang='lat' dir='ltr'><strong>Antoninum</strong></span> <span class='ocrx_word' id='word_1_241' title='bbox 2005 359 2194 423; x_wconf 87' lang='lat' dir='ltr'><strong>appel-</strong></span> 
     </span>
    </p>

    <p class='ocr_par' dir='ltr' id='par_1_6' title="bbox 1238 423 2250 2573">
     <span class='ocr_line' id='line_1_51' title="bbox 1246 423 2195 487; baseline 0.004 -16"><span class='ocrx_word' id='word_1_242' title='bbox 1246 423 1388 472; x_wconf 91' lang='lat' dir='ltr'><strong>lauit</strong></span> <span class='ocrx_word' id='word_1_243' title='bbox 1435 425 1550 487; x_wconf 89' lang='grc'><strong>132,</strong></span> <span class='ocrx_word' id='word_1_244' title='bbox 1600 426 1681 473; x_wconf 89' lang='grc'><strong>22.</strong></span> <span class='ocrx_word' id='word_1_245' title='bbox 1728 424 1787 473; x_wconf 90' lang='lat' dir='ltr'><strong>in</strong></span> <span class='ocrx_word' id='word_1_246' title='bbox 1823 424 2086 475; x_wconf 86' lang='lat' dir='ltr'><strong>honorem</strong></span> <span class='ocrx_word' id='word_1_247' title='bbox 2123 426 2195 478; x_wconf 87' lang='lat' dir='ltr'><strong>M.</strong></span> 
     </span>
     <span class='ocr_line' id='line_1_52' title="bbox 1246 489 2200 557; baseline 0.001 -16"><span class='ocrx_word' id='word_1_248' title='bbox 1246 489 1446 541; x_wconf 85' lang='lat' dir='ltr'><strong>Getam</strong></span> <span class='ocrx_word' id='word_1_249' title='bbox 1493 490 1829 541; x_wconf 87' lang='lat' dir='ltr'><strong>Antoninum</strong></span> <span class='ocrx_word' id='word_1_250' title='bbox 1888 492 2200 557; x_wconf 85' lang='lat' dir='ltr'><strong>appellauit</strong></span> 
     </span>
     <span class='ocr_line' id='line_1_53' title="bbox 1246 554 2202 623; baseline 0.002 -15"><span class='ocrx_word' id='word_1_251' title='bbox 1246 557 1374 609; x_wconf 82' lang='lat' dir='ltr'>Seu.</span> <span class='ocrx_word' id='word_1_252' title='bbox 1417 561 1533 623; x_wconf 84' lang='lat'>138,</span> <span class='ocrx_word' id='word_1_253' title='bbox 1571 561 1652 612; x_wconf 86' lang='lat'>31.</span> <span class='ocrx_word' id='word_1_254' title='bbox 1704 554 1848 613; x_wconf 87' lang='lat' dir='ltr'><strong>Seu</strong></span> <span class='ocrx_word' id='word_1_255' title='bbox 1869 559 2075 611; x_wconf 88' lang='lat' dir='ltr'><strong>inlatus</strong></span> <span class='ocrx_word' id='word_1_256' title='bbox 2114 576 2202 610; x_wconf 89' lang='lat' dir='ltr'><strong>se-</strong></span> 
     </span>
     <span class='ocr_line' id='line_1_54' title="bbox 1244 626 2192 691; baseline 0.004 -17"><span class='ocrx_word' id='word_1_257' title='bbox 1244 626 1475 691; x_wconf 88' lang='lat' dir='ltr'><strong>pulchro</strong></span> <span class='ocrx_word' id='word_1_258' title='bbox 1511 626 1690 678; x_wconf 86' lang='lat' dir='ltr'><strong>Marci</strong></span> <span class='ocrx_word' id='word_1_259' title='bbox 1728 629 1844 691; x_wconf 87' lang='grc'><strong>139,</strong></span> <span class='ocrx_word' id='word_1_260' title='bbox 1883 630 1932 676; x_wconf 89' lang='grc'><strong>1.</strong></span> <span class='ocrx_word' id='word_1_261' title='bbox 1970 626 2192 679; x_wconf 86' lang='lat' dir='ltr'><strong>Marcus</strong></span> 
     </span>
     <span class='ocr_line' id='line_1_55' title="bbox 1241 696 2205 761; baseline 0.003 -19"><span class='ocrx_word' id='word_1_262' title='bbox 1241 709 1443 745; x_wconf 88' lang='lat' dir='ltr'><strong>numen</strong></span> <span class='ocrx_word' id='word_1_263' title='bbox 1496 696 1581 746; x_wconf 89' lang='lat' dir='ltr'><strong>rei</strong></span> <span class='ocrx_word' id='word_1_264' title='bbox 1635 711 1689 761; x_wconf 88' lang='lat' dir='ltr'>p.</span> <span class='ocrx_word' id='word_1_265' title='bbox 1749 698 1872 757; x_wconf 88' lang='grc'><strong>140,</strong></span> <span class='ocrx_word' id='word_1_266' title='bbox 1911 696 2018 758; x_wconf 44' lang='grc'><strong>,18.</strong></span> <span class='ocrx_word' id='word_1_267' title='bbox 2095 711 2205 760; x_wconf 85' lang='lat' dir='ltr'><strong>quo</strong></span> 
     </span>
     <span class='ocr_line' id='line_1_56' title="bbox 1244 762 2191 826; baseline 0.002 -15"><span class='ocrx_word' id='word_1_268' title='bbox 1244 763 1373 826; x_wconf 89' lang='lat' dir='ltr'><strong>quid</strong></span> <span class='ocrx_word' id='word_1_269' title='bbox 1410 762 1635 812; x_wconf 84' lang='lat' dir='ltr'><strong>felicius</strong></span> <span class='ocrx_word' id='word_1_270' title='bbox 1672 763 1904 823; x_wconf 88' lang='lat' dir='ltr'><strong>fuisset,</strong></span> <span class='ocrx_word' id='word_1_271' title='bbox 1946 763 1993 812; x_wconf 89' lang='lat' dir='ltr'><strong>si</strong></span> <span class='ocrx_word' id='word_1_272' title='bbox 2039 764 2191 814; x_wconf 90' lang='lat' dir='ltr'><strong>Com.</strong></span> 
     </span>
     <span class='ocr_line' id='line_1_57' title="bbox 1242 829 2192 896; baseline 0.004 -18"><span class='ocrx_word' id='word_1_273' title='bbox 1242 845 1353 879; x_wconf 91' lang='lat' dir='ltr'><strong>non</strong></span> <span class='ocrx_word' id='word_1_274' title='bbox 1388 829 1706 895; x_wconf 86' lang='lat' dir='ltr'><strong>reliquisset</strong></span> <span class='ocrx_word' id='word_1_275' title='bbox 1739 830 2034 881; x_wconf 78' lang='lat' dir='ltr'><strong>heredem?</strong></span> <span class='ocrx_word' id='word_1_276' title='bbox 2076 832 2192 896; x_wconf 87' lang='grc'><strong>140,</strong></span> 
     </span>
     <span class='ocr_line' id='line_1_58' title="bbox 1242 897 2198 963; baseline 0.004 -18"><span class='ocrx_word' id='word_1_277' title='bbox 1242 899 1325 947; x_wconf 93' lang='grc'><strong>20.</strong></span> <span class='ocrx_word' id='word_1_278' title='bbox 1353 897 1568 947; x_wconf 88' lang='lat' dir='ltr'><strong>Marci</strong></span> <span class='ocrx_word' id='word_1_279' title='bbox 1595 898 1901 963; x_wconf 87' lang='lat' dir='ltr'><strong>epistula</strong></span> <span class='ocrx_word' id='word_1_280' title='bbox 1927 897 2006 948; x_wconf 89' lang='lat' dir='ltr'><strong>ad</strong></span> <span class='ocrx_word' id='word_1_281' title='bbox 2027 899 2198 949; x_wconf 87' lang='lat' dir='ltr'><strong>Cor-</strong></span> 
     </span>
     <span class='ocr_line' id='line_1_59' title="bbox 1240 964 2198 1017; baseline 0.004 -4"><span class='ocrx_word' id='word_1_282' title='bbox 1240 964 1495 1014; x_wconf 86' lang='lat' dir='ltr'><strong>nelium</strong></span> <span class='ocrx_word' id='word_1_283' title='bbox 1557 965 1852 1015; x_wconf 87' lang='lat' dir='ltr'><strong>Balbum</strong></span> <span class='ocrx_word' id='word_1_284' title='bbox 1923 966 2198 1017; x_wconf 89' lang='lat' dir='ltr'><strong>inserta</strong></span> 
     </span>
     <span class='ocr_line' id='line_1_60' title="bbox 1244 1033 2185 1098; baseline 0.002 -17"><span class='ocrx_word' id='word_1_285' title='bbox 1244 1033 1360 1094; x_wconf 85' lang='lat'>146,</span> <span class='ocrx_word' id='word_1_286' title='bbox 1399 1034 1465 1081; x_wconf 88' lang='grc'><strong>26</strong></span> <span class='ocrx_word' id='word_1_287' title='bbox 1501 1048 1617 1098; x_wconf 84' lang='lat' dir='ltr'><strong>sqq.</strong></span> <span class='ocrx_word' id='word_1_288' title='bbox 1656 1033 1814 1083; x_wconf 87' lang='lat' dir='ltr'><strong>Pesc.</strong></span> <span class='ocrx_word' id='word_1_289' title='bbox 1842 1033 1911 1083; x_wconf 89' lang='lat' dir='ltr'><strong>ad</strong></span> <span class='ocrx_word' id='word_1_290' title='bbox 1937 1034 2185 1084; x_wconf 85' lang='lat' dir='ltr'><strong>Marcum</strong></span> 
     </span>
     <span class='ocr_line' id='line_1_61' title="bbox 1244 1100 2202 1165; baseline 0.003 -16"><span class='ocrx_word' id='word_1_291' title='bbox 1244 1100 1470 1165; x_wconf 82' lang='lat' dir='ltr'><strong>scripsit</strong></span> <span class='ocrx_word' id='word_1_292' title='bbox 1559 1102 1626 1151; x_wconf 90' lang='lat' dir='ltr'><strong>de</strong></span> <span class='ocrx_word' id='word_1_293' title='bbox 1719 1102 2202 1152; x_wconf 83' lang='lat' dir='ltr'><strong>administratione</strong></span> 
     </span>
     <span class='ocr_line' id='line_1_62' title="bbox 1241 1168 2196 1233; baseline 0.002 -16"><span class='ocrx_word' id='word_1_294' title='bbox 1241 1168 1655 1232; x_wconf 87' lang='lat' dir='ltr'><strong>prouinciarum</strong></span> <span class='ocrx_word' id='word_1_295' title='bbox 1693 1170 1810 1233; x_wconf 82' lang='lat'>149,</span> <span class='ocrx_word' id='word_1_296' title='bbox 1850 1171 1896 1218; x_wconf 87' lang='grc'><strong>7.</strong></span> <span class='ocrx_word' id='word_1_297' title='bbox 1934 1169 2008 1221; x_wconf 91' lang='grc' dir='ltr'><strong>Μ.</strong></span> <span class='ocrx_word' id='word_1_298' title='bbox 2047 1186 2196 1219; x_wconf 86' lang='lat' dir='ltr'><strong>ama-</strong></span> 
     </span>
     <span class='ocr_line' id='line_1_63' title="bbox 1239 1234 2200 1301; baseline 0.002 -17"><span class='ocrx_word' id='word_1_299' title='bbox 1239 1236 1326 1285; x_wconf 89' lang='lat' dir='ltr'><strong>uit</strong></span> <span class='ocrx_word' id='word_1_300' title='bbox 1362 1234 1488 1288; x_wconf 81' lang='lat' dir='ltr'><strong>Seu.</strong></span> <span class='ocrx_word' id='word_1_301' title='bbox 1529 1238 1658 1299; x_wconf 87' lang='lat'>153,</span> <span class='ocrx_word' id='word_1_302' title='bbox 1699 1239 1744 1285; x_wconf 91' lang='lat'><strong>1.</strong></span> <span class='ocrx_word' id='word_1_303' title='bbox 1806 1236 2018 1285; x_wconf 85' lang='lat' dir='ltr'><strong>Marci</strong></span> <span class='ocrx_word' id='word_1_304' title='bbox 2057 1240 2200 1301; x_wconf 82' lang='lat' dir='ltr'><strong>epi-</strong></span> 
     </span>
     <span class='ocr_line' id='line_1_64' title="bbox 1242 1301 2192 1367; baseline 0.001 -14"><span class='ocrx_word' id='word_1_305' title='bbox 1242 1302 1472 1354; x_wconf 87' lang='lat' dir='ltr'><strong>stulae</strong></span> <span class='ocrx_word' id='word_1_306' title='bbox 1531 1303 1848 1354; x_wconf 89' lang='lat' dir='ltr'><strong>insertae</strong></span> <span class='ocrx_word' id='word_1_307' title='bbox 1909 1301 2050 1367; x_wconf 87' lang='grc'><strong>(161,</strong></span> <span class='ocrx_word' id='word_1_308' title='bbox 2108 1304 2192 1365; x_wconf 88' lang='grc'><strong>14)</strong></span> 
     </span>
     <span class='ocr_line' id='line_1_65' title="bbox 1240 1370 2192 1436; baseline -0.001 -15"><span class='ocrx_word' id='word_1_309' title='bbox 1240 1371 1308 1421; x_wconf 86' lang='lat' dir='ltr'><strong>de</strong></span> <span class='ocrx_word' id='word_1_310' title='bbox 1346 1370 1576 1421; x_wconf 80' lang='lat' dir='ltr'><strong>Albino:</strong></span> <span class='ocrx_word' id='word_1_311' title='bbox 1615 1372 1726 1432; x_wconf 91' lang='grc'><strong>161,</strong></span> <span class='ocrx_word' id='word_1_312' title='bbox 1770 1373 1833 1421; x_wconf 92' lang='grc'><strong>17</strong></span> <span class='ocrx_word' id='word_1_313' title='bbox 1870 1386 1978 1435; x_wconf 89' lang='lat' dir='ltr'><strong>sq.;</strong></span> <span class='ocrx_word' id='word_1_314' title='bbox 2019 1372 2084 1421; x_wconf 88' lang='grc'><strong>26</strong></span> <span class='ocrx_word' id='word_1_315' title='bbox 2110 1386 2192 1436; x_wconf 91' lang='lat' dir='ltr'><strong>sq.</strong></span> 
     </span>
     <span class='ocr_line' id='line_1_66' title="bbox 1238 1438 2250 1505; baseline 0 -18"><span class='ocrx_word' id='word_1_316' title='bbox 1238 1438 1314 1491; x_wconf 89' lang='lat' dir='ltr'><strong>M.</strong></span> <span class='ocrx_word' id='word_1_317' title='bbox 1353 1453 1524 1504; x_wconf 88' lang='lat' dir='ltr'><strong>nepos</strong></span> <span class='ocrx_word' id='word_1_318' title='bbox 1568 1439 1943 1505; x_wconf 80' lang='lat' dir='ltr'><strong>Pompeianus</strong></span> <span class='ocrx_word' id='word_1_319' title='bbox 1990 1454 2023 1488; x_wconf 89' lang='lat' dir='ltr'><strong>a</strong></span> <span class='ocrx_word' id='word_1_320' title='bbox 2050 1438 2206 1491; x_wconf 57' lang='lat' dir='ltr'><strong>‘Cam</strong></span> <span class='ocrx_word' id='word_1_321' title='bbox 2245 1496 2250 1500; x_wconf 41' lang='grc'><strong>,</strong></span> 
     </span>
     <span class='ocr_line' id='line_1_67' title="bbox 1239 1506 2190 1574; baseline -0.001 -17"><span class='ocrx_word' id='word_1_322' title='bbox 1239 1507 1460 1574; x_wconf 79' lang='lat' dir='ltr'><strong>occisus</strong></span> <span class='ocrx_word' id='word_1_323' title='bbox 1499 1508 1615 1570; x_wconf 88' lang='grc'><strong>169,</strong></span> <span class='ocrx_word' id='word_1_324' title='bbox 1651 1509 1734 1565; x_wconf 84' lang='grc'><strong>20,</strong></span> <span class='ocrx_word' id='word_1_325' title='bbox 1779 1506 1959 1557; x_wconf 88' lang='lat' dir='ltr'><strong>Marci</strong></span> <span class='ocrx_word' id='word_1_326' title='bbox 2007 1521 2190 1556; x_wconf 87' lang='lat' dir='ltr'><strong>amore</strong></span> 
     </span>
     <span class='ocr_line' id='line_1_68' title="bbox 1242 1574 2191 1641; baseline 0 -16"><span class='ocrx_word' id='word_1_327' title='bbox 1242 1589 1432 1625; x_wconf 90' lang='lat' dir='ltr'><strong>omnes</strong></span> <span class='ocrx_word' id='word_1_328' title='bbox 1455 1576 1740 1641; x_wconf 81' lang='lat' dir='ltr'><strong>principes</strong></span> <span class='ocrx_word' id='word_1_329' title='bbox 1759 1574 2063 1625; x_wconf 84' lang='lat' dir='ltr'><strong>Antoninos</strong></span> <span class='ocrx_word' id='word_1_330' title='bbox 2099 1590 2191 1625; x_wconf 92' lang='lat' dir='ltr'><strong>uo-</strong></span> 
     </span>
     <span class='ocr_line' id='line_1_69' title="bbox 1241 1642 2195 1695; baseline 0.001 -4"><span class='ocrx_word' id='word_1_331' title='bbox 1241 1642 1450 1692; x_wconf 83' lang='lat' dir='ltr'><strong>candos</strong></span> <span class='ocrx_word' id='word_1_332' title='bbox 1497 1658 1620 1693; x_wconf 84' lang='lat' dir='ltr'><strong>esse</strong></span> <span class='ocrx_word' id='word_1_333' title='bbox 1677 1643 2020 1695; x_wconf 84' lang='lat' dir='ltr'><strong>existimauit</strong></span> <span class='ocrx_word' id='word_1_334' title='bbox 2067 1643 2195 1693; x_wconf 87' lang='lat' dir='ltr'><strong>Seu.</strong></span> 
     </span>
     <span class='ocr_line' id='line_1_70' title="bbox 1242 1710 2198 1775; baseline 0 -16"><span class='ocrx_word' id='word_1_335' title='bbox 1242 1712 1364 1773; x_wconf 89' lang='grc'><strong>178,</strong></span> <span class='ocrx_word' id='word_1_336' title='bbox 1405 1713 1466 1771; x_wconf 66' lang='grc'><strong>9,</strong></span> <span class='ocrx_word' id='word_1_337' title='bbox 1506 1713 1586 1760; x_wconf 92' lang='grc'><strong>11.</strong></span> <span class='ocrx_word' id='word_1_338' title='bbox 1623 1710 1698 1764; x_wconf 92' lang='grc' dir='ltr'><strong>Μ.</strong></span> <span class='ocrx_word' id='word_1_339' title='bbox 1739 1710 2061 1775; x_wconf 88' lang='lat' dir='ltr'><strong>adoptiuum</strong></span> <span class='ocrx_word' id='word_1_340' title='bbox 2099 1711 2198 1760; x_wconf 86' lang='lat' dir='ltr'><strong>ha-</strong></span> 
     </span>
     <span class='ocr_line' id='line_1_71' title="bbox 1239 1779 2191 1839; baseline -0.001 -11"><span class='ocrx_word' id='word_1_341' title='bbox 1239 1779 1363 1828; x_wconf 91' lang='lat' dir='ltr'><strong>buit</strong></span> <span class='ocrx_word' id='word_1_342' title='bbox 1397 1794 1595 1829; x_wconf 90' lang='lat' dir='ltr'><strong>nomen</strong></span> <span class='ocrx_word' id='word_1_343' title='bbox 1628 1779 1896 1829; x_wconf 86' lang='lat' dir='ltr'><strong>Antonini</strong></span> <span class='ocrx_word' id='word_1_344' title='bbox 1933 1779 2055 1839; x_wconf 86' lang='grc'><strong>178,</strong></span> <span class='ocrx_word' id='word_1_345' title='bbox 2110 1781 2191 1827; x_wconf 93' lang='grc'><strong>12.</strong></span> 
     </span>
     <span class='ocr_line' id='line_1_72' title="bbox 1241 1844 2188 1905; baseline -0.001 -10"><span class='ocrx_word' id='word_1_346' title='bbox 1241 1848 1360 1905; x_wconf 86' lang='grc'><strong>235,</strong></span> <span class='ocrx_word' id='word_1_347' title='bbox 1397 1848 1446 1898; x_wconf 92' lang='grc'><strong>6.</strong></span> <span class='ocrx_word' id='word_1_348' title='bbox 1505 1844 1728 1897; x_wconf 90' lang='lat' dir='ltr'><strong>Marcus</strong></span> <span class='ocrx_word' id='word_1_349' title='bbox 1766 1845 2042 1895; x_wconf 88' lang='lat' dir='ltr'><strong>secundus</strong></span> <span class='ocrx_word' id='word_1_350' title='bbox 2081 1846 2188 1895; x_wconf 90' lang='lat' dir='ltr'><strong>An-</strong></span> 
     </span>
     <span class='ocr_line' id='line_1_73' title="bbox 1241 1912 2193 1971; baseline 0 -10"><span class='ocrx_word' id='word_1_351' title='bbox 1241 1913 1464 1963; x_wconf 87' lang='lat' dir='ltr'><strong>toninus</strong></span> <span class='ocrx_word' id='word_1_352' title='bbox 1503 1914 1617 1971; x_wconf 88' lang='grc'><strong>185,</strong></span> <span class='ocrx_word' id='word_1_353' title='bbox 1659 1915 1706 1964; x_wconf 92' lang='grc'><strong>1.</strong></span> <span class='ocrx_word' id='word_1_354' title='bbox 1767 1912 1844 1961; x_wconf 94' lang='grc' dir='ltr'><strong>Μ.</strong></span> <span class='ocrx_word' id='word_1_355' title='bbox 1901 1913 2051 1963; x_wconf 90' lang='lat' dir='ltr'><strong>solus</strong></span> <span class='ocrx_word' id='word_1_356' title='bbox 2099 1928 2193 1961; x_wconf 91' lang='lat' dir='ltr'><strong>no·</strong></span> 
     </span>
     <span class='ocr_line' id='line_1_74' title="bbox 1244 1980 2197 2031; baseline 0 -2"><span class='ocrx_word' id='word_1_357' title='bbox 1244 1996 1373 2029; x_wconf 91' lang='lat' dir='ltr'><strong>men</strong></span> <span class='ocrx_word' id='word_1_358' title='bbox 1418 1984 1672 2031; x_wconf 87' lang='lat' dir='ltr'><strong>sanctum</strong></span> <span class='ocrx_word' id='word_1_359' title='bbox 1716 1980 1984 2029; x_wconf 85' lang='lat' dir='ltr'><strong>Antonini</strong></span> <span class='ocrx_word' id='word_1_360' title='bbox 2041 1980 2197 2029; x_wconf 85' lang='lat' dir='ltr'><strong>uitae</strong></span> 
     </span>
     <span class='ocr_line' id='line_1_75' title="bbox 1245 2046 2199 2113; baseline -0.002 -16"><span class='ocrx_word' id='word_1_361' title='bbox 1245 2062 1450 2113; x_wconf 85' lang='lat' dir='ltr'><strong>genere</strong></span> <span class='ocrx_word' id='word_1_362' title='bbox 1487 2048 1644 2098; x_wconf 86' lang='lat' dir='ltr'><strong>auxit</strong></span> <span class='ocrx_word' id='word_1_363' title='bbox 1682 2048 1806 2109; x_wconf 90' lang='grc'><strong>188,</strong></span> <span class='ocrx_word' id='word_1_364' title='bbox 1846 2049 1928 2099; x_wconf 88' lang='lat'>31.</span> <span class='ocrx_word' id='word_1_365' title='bbox 1989 2046 2064 2096; x_wconf 92' lang='grc' dir='ltr'><strong>Μ.</strong></span> <span class='ocrx_word' id='word_1_366' title='bbox 2100 2062 2199 2095; x_wconf 68' lang='lat' dir='ltr'><strong>une-</strong></span> 
     </span>
     <span class='ocr_line' id='line_1_76' title="bbox 1242 2114 2196 2165; baseline 0 -2"><span class='ocrx_word' id='word_1_367' title='bbox 1242 2128 1362 2164; x_wconf 88' lang='lat' dir='ltr'><strong>rum</strong></span> <span class='ocrx_word' id='word_1_368' title='bbox 1418 2130 1620 2164; x_wconf 88' lang='lat' dir='ltr'><strong>nomen</strong></span> <span class='ocrx_word' id='word_1_369' title='bbox 1665 2115 1958 2165; x_wconf 89' lang='lat' dir='ltr'><strong>Verissimi</strong></span> <span class='ocrx_word' id='word_1_370' title='bbox 2002 2114 2196 2164; x_wconf 87' lang='lat' dir='ltr'><strong>habuit</strong></span> 
     </span>
     <span class='ocr_line' id='line_1_77' title="bbox 1243 2179 2191 2246; baseline -0.001 -14"><span class='ocrx_word' id='word_1_371' title='bbox 1243 2184 1360 2242; x_wconf 88' lang='grc'><strong>199,</strong></span> <span class='ocrx_word' id='word_1_372' title='bbox 1397 2184 1478 2231; x_wconf 89' lang='grc'><strong>21.</strong></span> <span class='ocrx_word' id='word_1_373' title='bbox 1516 2179 1690 2232; x_wconf 89' lang='lat' dir='ltr'><strong>filium</strong></span> <span class='ocrx_word' id='word_1_374' title='bbox 1724 2182 2058 2232; x_wconf 88' lang='lat' dir='ltr'><strong>Antoninum</strong></span> <span class='ocrx_word' id='word_1_375' title='bbox 2097 2196 2191 2246; x_wconf 87' lang='lat' dir='ltr'><strong>ap-</strong></span> 
     </span>
     <span class='ocr_line' id='line_1_78' title="bbox 1241 2249 2189 2315; baseline 0 -16"><span class='ocrx_word' id='word_1_376' title='bbox 1241 2249 1480 2315; x_wconf 70' lang='lat' dir='ltr'><strong>pellanit</strong></span> <span class='ocrx_word' id='word_1_377' title='bbox 1517 2251 1631 2311; x_wconf 84' lang='grc'><strong>199,</strong></span> <span class='ocrx_word' id='word_1_378' title='bbox 1671 2250 1754 2301; x_wconf 88' lang='grc'><strong>26.</strong></span> <span class='ocrx_word' id='word_1_379' title='bbox 1793 2250 2077 2315; x_wconf 88' lang='lat' dir='ltr'><strong>sapientia</strong></span> <span class='ocrx_word' id='word_1_380' title='bbox 2114 2249 2189 2299; x_wconf 87' lang='lat' dir='ltr'><strong>M.</strong></span> 
     </span>
     <span class='ocr_line' id='line_1_79' title="bbox 1243 2316 2214 2379; baseline 0 -12"><span class='ocrx_word' id='word_1_381' title='bbox 1243 2317 1596 2367; x_wconf 88' lang='lat' dir='ltr'><strong>consecrauit</strong></span> <span class='ocrx_word' id='word_1_382' title='bbox 1632 2320 1748 2379; x_wconf 90' lang='grc'><strong>200,</strong></span> <span class='ocrx_word' id='word_1_383' title='bbox 1787 2320 1870 2368; x_wconf 89' lang='grc'><strong>30.</strong></span> <span class='ocrx_word' id='word_1_384' title='bbox 1931 2316 2002 2367; x_wconf 92' lang='grc' dir='ltr'><strong>Μ.</strong></span> <span class='ocrx_word' id='word_1_385' title='bbox 2042 2319 2214 2367; x_wconf 82' lang='lat' dir='ltr'><strong>inter.</strong></span> 
     </span>
     <span class='ocr_line' id='line_1_80' title="bbox 1244 2384 2192 2450; baseline 0 -16"><span class='ocrx_word' id='word_1_386' title='bbox 1244 2384 1604 2436; x_wconf 85' lang='lat' dir='ltr'><strong>Constantios</strong></span> <span class='ocrx_word' id='word_1_387' title='bbox 1666 2384 2038 2450; x_wconf 83' lang='lat' dir='ltr'><strong>Claudiosque</strong></span> <span class='ocrx_word' id='word_1_388' title='bbox 2099 2400 2192 2435; x_wconf 88' lang='lat' dir='ltr'><strong>au-</strong></span> 
     </span>
     <span class='ocr_line' id='line_1_81' title="bbox 1242 2452 2196 2504; baseline 0 -1"><span class='ocrx_word' id='word_1_389' title='bbox 1242 2468 1394 2503; x_wconf 85' lang='lat' dir='ltr'><strong>reum</strong></span> <span class='ocrx_word' id='word_1_390' title='bbox 1453 2453 1718 2504; x_wconf 88' lang='lat' dir='ltr'><strong>formauit</strong></span> <span class='ocrx_word' id='word_1_391' title='bbox 1788 2452 2196 2504; x_wconf 83' lang='lat' dir='ltr'><strong>Constantinus</strong></span> 
     </span>
     <span class='ocr_line' id='line_1_82' title="bbox 1241 2520 2186 2585; baseline -0.001 -14"><span class='ocrx_word' id='word_1_392' title='bbox 1241 2524 1360 2585; x_wconf 89' lang='grc'><strong>204,</strong></span> <span class='ocrx_word' id='word_1_393' title='bbox 1402 2524 1450 2573; x_wconf 92' lang='lat'>6</span> <span class='ocrx_word' id='word_1_394' title='bbox 1491 2520 1564 2570; x_wconf 93' lang='lat' dir='ltr'><strong>M.</strong></span> <span class='ocrx_word' id='word_1_395' title='bbox 1593 2522 1810 2572; x_wconf 73' lang='lat' dir='ltr'><strong>bellum</strong></span> <span class='ocrx_word' id='word_1_396' title='bbox 1845 2522 2186 2572; x_wconf 87' lang='lat' dir='ltr'><strong>Marcoman</strong></span> 
     </span>
    </p>

    <p class='ocr_par' dir='ltr' id='par_1_7' title="bbox 1238 2589 2200 2856">
     <span class='ocr_line' id='line_1_83' title="bbox 1240 2589 2190 2655; baseline -0.002 -16"><span class='ocrx_word' id='word_1_397' title='bbox 1240 2590 1426 2639; x_wconf 81' lang='lat' dir='ltr'><strong>nioum</strong></span> <span class='ocrx_word' id='word_1_398' title='bbox 1461 2589 1824 2654; x_wconf 85' lang='lat' dir='ltr'><strong>pulcherrime</strong></span> <span class='ocrx_word' id='word_1_399' title='bbox 1863 2590 2190 2655; x_wconf 81' lang='lat' dir='ltr'><strong>profligarat</strong></span> 
     </span>
     <span class='ocr_line' id='line_1_84' title="bbox 1240 2657 2200 2723; baseline -0.003 -16"><span class='ocrx_word' id='word_1_400' title='bbox 1240 2660 1359 2718; x_wconf 93' lang='grc'><strong>209,</strong></span> <span class='ocrx_word' id='word_1_401' title='bbox 1396 2660 1444 2707; x_wconf 94' lang='grc'><strong>3.</strong></span> <span class='ocrx_word' id='word_1_402' title='bbox 1481 2671 1582 2722; x_wconf 86' lang='lat' dir='ltr'><strong>per</strong></span> <span class='ocrx_word' id='word_1_403' title='bbox 1617 2657 1929 2723; x_wconf 74' lang='lat' dir='ltr'><strong>Chaldaeos</strong></span> <span class='ocrx_word' id='word_1_404' title='bbox 1964 2657 2022 2704; x_wconf 86' lang='lat' dir='ltr'><strong>id</strong></span> <span class='ocrx_word' id='word_1_405' title='bbox 2059 2658 2200 2720; x_wconf 76' lang='lat' dir='ltr'><strong>egit,</strong></span> 
     </span>
     <span class='ocr_line' id='line_1_85' title="bbox 1238 2695 2192 2788; baseline -0.002 -15"><span class='ocrx_word' id='word_1_406' title='bbox 1238 2730 1302 2774; x_wconf 89' lang='lat' dir='ltr'><strong>ut</strong></span> <span class='ocrx_word' id='word_1_407' title='bbox 1334 2695 1720 2774; x_wconf 77' lang='lat' dir='ltr'><strong>Marcomanni</strong></span> <span class='ocrx_word' id='word_1_408' title='bbox 1756 2738 1974 2788; x_wconf 88' lang='lat' dir='ltr'><strong>semper</strong></span> <span class='ocrx_word' id='word_1_409' title='bbox 2005 2722 2192 2772; x_wconf 84' lang='lat' dir='ltr'><strong>deuoti</strong></span> 
     </span>
     <span class='ocr_line' id='line_1_86' title="bbox 1240 2790 2195 2856; baseline -0.004 -15"><span class='ocrx_word' id='word_1_410' title='bbox 1240 2795 1430 2842; x_wconf 87' lang='lat' dir='ltr'><strong>essent</strong></span> <span class='ocrx_word' id='word_1_411' title='bbox 1464 2807 1516 2856; x_wconf 88' lang='lat' dir='ltr'>p.</span> <span class='ocrx_word' id='word_1_412' title='bbox 1557 2792 1620 2841; x_wconf 82' lang='lat' dir='ltr'><strong>R.</strong></span> <span class='ocrx_word' id='word_1_413' title='bbox 1659 2793 1784 2849; x_wconf 88' lang='grc'><strong>209,</strong></span> <span class='ocrx_word' id='word_1_414' title='bbox 1833 2792 1884 2844; x_wconf 89' lang='grc'><strong>5.</strong></span> <span class='ocrx_word' id='word_1_415' title='bbox 1953 2805 2072 2839; x_wconf 89' lang='lat' dir='ltr'><strong>cum</strong></span> <span class='ocrx_word' id='word_1_416' title='bbox 2117 2790 2195 2840; x_wconf 91' lang='lat' dir='ltr'>M</span> 
     </span>
    </p>

    <p class='ocr_par' dir='ltr' id='par_1_8' title="bbox 1241 2861 2192 2923">
     <span class='ocr_line' id='line_1_87' title="bbox 1241 2861 2192 2923; baseline -0.002 -14"><span class='ocrx_word' id='word_1_417' title='bbox 1241 2874 1455 2909; x_wconf 89' lang='lat' dir='ltr'><strong>omnem</strong></span> <span class='ocrx_word' id='word_1_418' title='bbox 1513 2862 1840 2923; x_wconf 88' lang='lat' dir='ltr'><strong>apparatum</strong></span> <span class='ocrx_word' id='word_1_419' title='bbox 1893 2861 2192 2922; x_wconf 86' lang='lat' dir='ltr'><strong>imperato-</strong></span> 
     </span>
    </p>

    <p class='ocr_par' dir='ltr' id='par_1_9' title="bbox 1235 2925 2196 3603">
     <span class='ocr_line' id='line_1_88' title="bbox 1238 2925 2190 2988; baseline -0.002 -13"><span class='ocrx_word' id='word_1_420' title='bbox 1238 2928 1379 2976; x_wconf 90' lang='lat' dir='ltr'><strong>rium</strong></span> <span class='ocrx_word' id='word_1_421' title='bbox 1417 2925 1782 2988; x_wconf 87' lang='lat' dir='ltr'><strong>uendidisset,</strong></span> <span class='ocrx_word' id='word_1_422' title='bbox 1825 2928 2008 2975; x_wconf 86' lang='lat' dir='ltr'><strong>aureis</strong></span> <span class='ocrx_word' id='word_1_423' title='bbox 2045 2929 2190 2974; x_wconf 89' lang='lat' dir='ltr'><strong>tora-</strong></span> 
     </span>
     <span class='ocr_line' id='line_1_89' title="bbox 1238 2992 2185 3058; baseline 0 -15"><span class='ocrx_word' id='word_1_424' title='bbox 1238 2994 1404 3044; x_wconf 56' lang='lat' dir='ltr'><strong>libus!</strong></span> <span class='ocrx_word' id='word_1_425' title='bbox 1434 3000 1582 3044; x_wconf 86' lang='lat' dir='ltr'><strong>toros</strong></span> <span class='ocrx_word' id='word_1_426' title='bbox 1629 2999 1818 3058; x_wconf 84' lang='lat' dir='ltr'><strong>tegere</strong></span> <span class='ocrx_word' id='word_1_427' title='bbox 1871 2993 2035 3043; x_wconf 87' lang='lat' dir='ltr'><strong>licuit</strong></span> <span class='ocrx_word' id='word_1_428' title='bbox 2069 2992 2185 3056; x_wconf 87' lang='grc'><strong>215,</strong></span> 
     </span>
     <span class='ocr_line' id='line_1_90' title="bbox 1236 3059 2190 3125; baseline 0 -14"><span class='ocrx_word' id='word_1_429' title='bbox 1236 3064 1324 3112; x_wconf 88' lang='grc'><strong>24.</strong></span> <span class='ocrx_word' id='word_1_430' title='bbox 1359 3063 1434 3112; x_wconf 92' lang='grc' dir='ltr'><strong>Μ.</strong></span> <span class='ocrx_word' id='word_1_431' title='bbox 1472 3061 1646 3111; x_wconf 86' lang='lat' dir='ltr'><strong>uitam</strong></span> <span class='ocrx_word' id='word_1_432' title='bbox 1693 3066 1749 3111; x_wconf 88' lang='lat' dir='ltr'><strong>et</strong></span> <span class='ocrx_word' id='word_1_433' title='bbox 1795 3059 1946 3111; x_wconf 86' lang='lat' dir='ltr'><strong>bella</strong></span> <span class='ocrx_word' id='word_1_434' title='bbox 1994 3064 2050 3110; x_wconf 91' lang='lat' dir='ltr'><strong>et</strong></span> <span class='ocrx_word' id='word_1_435' title='bbox 2094 3076 2190 3125; x_wconf 83' lang='lat' dir='ltr'><strong>pu-</strong></span> 
     </span>
     <span class='ocr_line' id='line_1_91' title="bbox 1238 3129 2193 3195; baseline -0.002 -16"><span class='ocrx_word' id='word_1_436' title='bbox 1238 3129 1386 3181; x_wconf 88' lang='lat' dir='ltr'><strong>blice</strong></span> <span class='ocrx_word' id='word_1_437' title='bbox 1432 3130 1804 3195; x_wconf 86' lang='lat' dir='ltr'><strong>priuatimque</strong></span> <span class='ocrx_word' id='word_1_438' title='bbox 1850 3133 2012 3193; x_wconf 85' lang='lat' dir='ltr'><strong>gesta</strong></span> <span class='ocrx_word' id='word_1_439' title='bbox 2068 3144 2193 3177; x_wconf 88' lang='lat' dir='ltr'><strong>uer-</strong></span> 
     </span>
     <span class='ocr_line' id='line_1_92' title="bbox 1239 3196 2194 3263; baseline -0.002 -16"><span class='ocrx_word' id='word_1_440' title='bbox 1239 3198 1392 3247; x_wconf 83' lang='lat' dir='ltr'><strong>sibus</strong></span> <span class='ocrx_word' id='word_1_441' title='bbox 1466 3196 1794 3263; x_wconf 88' lang='lat' dir='ltr'><strong>perscripsit</strong></span> <span class='ocrx_word' id='word_1_442' title='bbox 1880 3196 2194 3247; x_wconf 82' lang='lat' dir='ltr'><strong>Gordianus</strong></span> 
     </span>
     <span class='ocr_line' id='line_1_93' title="bbox 1237 3264 2185 3330; baseline -0.001 -17"><span class='ocrx_word' id='word_1_443' title='bbox 1237 3266 1444 3330; x_wconf 87' lang='lat' dir='ltr'><strong>primus</strong></span> <span class='ocrx_word' id='word_1_444' title='bbox 1480 3267 1536 3316; x_wconf 92' lang='lat'><strong>11</strong></span> <span class='ocrx_word' id='word_1_445' title='bbox 1561 3266 1643 3325; x_wconf 89' lang='grc'><strong>29,</strong></span> <span class='ocrx_word' id='word_1_446' title='bbox 1672 3266 1752 3317; x_wconf 91' lang='grc'><strong>16.</strong></span> <span class='ocrx_word' id='word_1_447' title='bbox 1792 3265 2031 3330; x_wconf 89' lang='lat' dir='ltr'><strong>optimus</strong></span> <span class='ocrx_word' id='word_1_448' title='bbox 2055 3264 2185 3328; x_wconf 89' lang='lat' dir='ltr'><strong>imp.</strong></span> 
     </span>
     <span class='ocr_line' id='line_1_94' title="bbox 1236 3332 2196 3395; baseline 0 -13"><span class='ocrx_word' id='word_1_449' title='bbox 1236 3333 1296 3383; x_wconf 92' lang='lat'><strong>11</strong></span> <span class='ocrx_word' id='word_1_450' title='bbox 1334 3335 1448 3395; x_wconf 87' lang='grc'><strong>166,</strong></span> <span class='ocrx_word' id='word_1_451' title='bbox 1491 3334 1572 3388; x_wconf 91' lang='grc'><strong>18.</strong></span> <span class='ocrx_word' id='word_1_452' title='bbox 1609 3333 1731 3383; x_wconf 85' lang='lat' dir='ltr'><strong>uita</strong></span> <span class='ocrx_word' id='word_1_453' title='bbox 1766 3332 1947 3382; x_wconf 90' lang='lat' dir='ltr'><strong>Marci</strong></span> <span class='ocrx_word' id='word_1_454' title='bbox 1986 3332 2196 3382; x_wconf 82' lang='lat' dir='ltr'><strong>citatur</strong></span> 
     </span>
     <span class='ocr_line' id='line_1_95' title="bbox 1236 3400 2190 3465; baseline 0.001 -15"><span class='ocrx_word' id='word_1_455' title='bbox 1236 3402 1329 3462; x_wconf 89' lang='grc'><strong>69,</strong></span> <span class='ocrx_word' id='word_1_456' title='bbox 1366 3403 1413 3452; x_wconf 90' lang='grc'><strong>9.</strong></span> <span class='ocrx_word' id='word_1_457' title='bbox 1453 3402 1546 3465; x_wconf 88' lang='grc'><strong>75,</strong></span> <span class='ocrx_word' id='word_1_458' title='bbox 1587 3402 1666 3451; x_wconf 90' lang='grc'><strong>16.</strong></span> <span class='ocrx_word' id='word_1_459' title='bbox 1729 3401 1821 3460; x_wconf 87' lang='grc'><strong>76,</strong></span> <span class='ocrx_word' id='word_1_460' title='bbox 1863 3403 1944 3451; x_wconf 86' lang='grc'><strong>13.</strong></span> <span class='ocrx_word' id='word_1_461' title='bbox 2005 3402 2096 3459; x_wconf 88' lang='grc'><strong>89,</strong></span> <span class='ocrx_word' id='word_1_462' title='bbox 2138 3400 2190 3451; x_wconf 91' lang='grc'><strong>3.</strong></span> 
     </span>
     <span class='ocr_line' id='line_1_96' title="bbox 1235 3467 2195 3519; baseline -0.005 0"><span class='ocrx_word' id='word_1_463' title='bbox 1235 3469 1357 3519; x_wconf 89' lang='lat' dir='ltr'><strong>uita</strong></span> <span class='ocrx_word' id='word_1_464' title='bbox 1403 3469 1582 3519; x_wconf 87' lang='lat' dir='ltr'><strong>Marci</strong></span> <span class='ocrx_word' id='word_1_465' title='bbox 1629 3484 1662 3518; x_wconf 89' lang='lat' dir='ltr'><strong>a</strong></span> <span class='ocrx_word' id='word_1_466' title='bbox 1706 3467 1886 3519; x_wconf 86' lang='lat' dir='ltr'><strong>Mario</strong></span> <span class='ocrx_word' id='word_1_467' title='bbox 1945 3467 2195 3517; x_wconf 86' lang='lat' dir='ltr'><strong>Maximo</strong></span> 
     </span>
     <span class='ocr_line' id='line_1_97' title="bbox 1236 3536 2192 3603; baseline -0.006 -15"><span class='ocrx_word' id='word_1_468' title='bbox 1236 3538 1448 3603; x_wconf 83' lang='lat' dir='ltr'><strong>scripta</strong></span> <span class='ocrx_word' id='word_1_469' title='bbox 1487 3539 1694 3589; x_wconf 84' lang='lat' dir='ltr'><strong>citatur</strong></span> <span class='ocrx_word' id='word_1_470' title='bbox 1731 3539 1822 3600; x_wconf 89' lang='grc'><strong>82,</strong></span> <span class='ocrx_word' id='word_1_471' title='bbox 1862 3536 1943 3597; x_wconf 87' lang='grc'><strong>28,</strong></span> <span class='ocrx_word' id='word_1_472' title='bbox 1996 3548 2192 3585; x_wconf 89' lang='lat' dir='ltr'><strong>secun-</strong></span> 
     </span>
    </p>
   </div>
  </div>
 </body>
</html>
