<?xml version="1.0" encoding="UTF-8"?>
<!DOCTYPE html PUBLIC "-//W3C//DTD XHTML 1.0 Transitional//EN"
    "http://www.w3.org/TR/xhtml1/DTD/xhtml1-transitional.dtd">
<html xmlns="http://www.w3.org/1999/xhtml" xml:lang="en" lang="en">
 <head>
  <title>
</title>
<meta http-equiv="Content-Type" content="text/html;charset=utf-8" />
  <meta name='ocr-system' content='tesseract 3.04.00' />
  <meta name='ocr-capabilities' content='ocr_page ocr_carea ocr_par ocr_line ocrx_word'/>
</head>
<body>
  <div class='ocr_page' id='page_1' title='image "./scriptoreshisto02petegoog_0013.png"; bbox 0 0 2517 3884; ppageno 0'>
   <div class='ocr_carea' id='block_1_1' title="bbox 285 163 1502 230">
    <p class='ocr_par' dir='ltr' id='par_1_1' title="bbox 285 163 1502 230">
     <span class='ocr_line' id='line_1_1' title="bbox 285 163 1502 230; baseline 0.002 -3"><span class='ocrx_word' id='word_1_1' title='bbox 285 205 292 211; x_wconf 81' lang='grc'><strong>-</strong></span> <span class='ocrx_word' id='word_1_2' title='bbox 326 171 446 228; x_wconf 83' lang='lat' dir='ltr'>v111</span> <span class='ocrx_word' id='word_1_3' title='bbox 477 200 481 202; x_wconf 94' lang='lat'><em>-</em></span> <span class='ocrx_word' id='word_1_4' title='bbox 941 199 952 208; x_wconf 41' lang='grc' dir='ltr'><em>ι</em></span> <span class='ocrx_word' id='word_1_5' title='bbox 1113 163 1502 230; x_wconf 76' lang='lat' dir='ltr'>PRAEFA&#39;mo.</span> 
     </span>
    </p>
   </div>
   <div class='ocr_carea' id='block_1_2' title="bbox 263 309 2282 2918">
    <p class='ocr_par' dir='ltr' id='par_1_2' title="bbox 297 309 2269 1064">
     <span class='ocr_line' id='line_1_2' title="bbox 297 309 2263 387; baseline 0.004 -25"><span class='ocrx_word' id='word_1_6' title='bbox 297 317 304 325; x_wconf 80' lang='grc'><em>’</em></span> <span class='ocrx_word' id='word_1_7' title='bbox 339 325 566 366; x_wconf 86' lang='lat' dir='ltr'>munere</span> <span class='ocrx_word' id='word_1_8' title='bbox 608 325 708 364; x_wconf 91' lang='lat' dir='ltr'>suo</span> <span class='ocrx_word' id='word_1_9' title='bbox 741 309 915 366; x_wconf 85' lang='lat' dir='ltr'>suncti</span> <span class='ocrx_word' id='word_1_10' title='bbox 952 311 1100 372; x_wconf 64' lang='lat' dir='ltr'>aiut⁹&gt;</span> <span class='ocrx_word' id='word_1_11' title='bbox 1131 311 1222 372; x_wconf 86' lang='lat' dir='ltr'>ita</span> <span class='ocrx_word' id='word_1_12' title='bbox 1252 317 1313 365; x_wconf 90' lang='lat' dir='ltr'>ut</span> <span class='ocrx_word' id='word_1_13' title='bbox 1356 309 1449 366; x_wconf 85' lang='lat' dir='ltr'>uel</span> <span class='ocrx_word' id='word_1_14' title='bbox 1472 312 1667 384; x_wconf 79' lang='lat' dir='ltr'>-spatia</span> <span class='ocrx_word' id='word_1_15' title='bbox 1708 312 2011 369; x_wconf 81' lang='lat' dir='ltr'>litterarum</span> <span class='ocrx_word' id='word_1_16' title='bbox 2044 329 2181 387; x_wconf 86' lang='lat' dir='ltr'>quae</span> <span class='ocrx_word' id='word_1_17' title='bbox 2211 318 2263 370; x_wconf 86' lang='lat' dir='ltr'>in</span> 
     </span>
     <span class='ocr_line' id='line_1_3' title="bbox 332 392 2267 469; baseline 0.003 -20"><span class='ocrx_word' id='word_1_18' title='bbox 332 396 522 466; x_wconf 89' lang='lat' dir='ltr'>primis</span> <span class='ocrx_word' id='word_1_19' title='bbox 551 392 780 449; x_wconf 79' lang='lat' dir='ltr'>Gallieni</span> <span class='ocrx_word' id='word_1_20' title='bbox 806 392 1078 467; x_wconf 76' lang='lat' dir='ltr'>capitibus</span> <span class='ocrx_word' id='word_1_21' title='bbox 1109 393 1219 465; x_wconf 91' lang='lat' dir='ltr'>legi</span> <span class='ocrx_word' id='word_1_22' title='bbox 1247 411 1361 450; x_wconf 91' lang='lat' dir='ltr'>non</span> <span class='ocrx_word' id='word_1_23' title='bbox 1391 402 1637 467; x_wconf 82' lang='lat' dir='ltr'><strong>possent,</strong></span> <span class='ocrx_word' id='word_1_24' title='bbox 1669 398 1787 469; x_wconf 87' lang='lat' dir='ltr'>pari</span> <span class='ocrx_word' id='word_1_25' title='bbox 1820 398 1980 454; x_wconf 88' lang='lat' dir='ltr'>modo</span> <span class='ocrx_word' id='word_1_26' title='bbox 2012 400 2267 454; x_wconf 87' lang='lat' dir='ltr'>metiren-</span> 
     </span>
     <span class='ocr_line' id='line_1_4' title="bbox 333 478 2269 552; baseline 0.003 -17"><span class='ocrx_word' id='word_1_27' title='bbox 333 487 441 541; x_wconf 85' lang='lat' dir='ltr'><strong>tur,</strong></span> <span class='ocrx_word' id='word_1_28' title='bbox 473 495 584 535; x_wconf 89' lang='lat' dir='ltr'>non</span> <span class='ocrx_word' id='word_1_29' title='bbox 609 485 696 534; x_wconf 89' lang='lat' dir='ltr'>est</span> <span class='ocrx_word' id='word_1_30' title='bbox 723 481 921 534; x_wconf 88' lang='lat' dir='ltr'>mirum</span> <span class='ocrx_word' id='word_1_31' title='bbox 953 478 1102 552; x_wconf 87' lang='lat' dir='ltr'>quod</span> <span class='ocrx_word' id='word_1_32' title='bbox 1123 478 1214 534; x_wconf 93' lang='lat' dir='ltr'>uel</span> <span class='ocrx_word' id='word_1_33' title='bbox 1236 478 1290 534; x_wconf 90' lang='lat' dir='ltr'>in</span> <span class='ocrx_word' id='word_1_34' title='bbox 1311 478 1547 534; x_wconf 86' lang='lat' dir='ltr'>minimis</span> <span class='ocrx_word' id='word_1_35' title='bbox 1578 480 1745 549; x_wconf 86' lang='lat' dir='ltr'>rebus</span> <span class='ocrx_word' id='word_1_36' title='bbox 1776 483 1919 538; x_wconf 86' lang='lat' dir='ltr'>iuter</span> <span class='ocrx_word' id='word_1_37' title='bbox 1950 500 2009 539; x_wconf 89' lang='lat' dir='ltr'>se</span> <span class='ocrx_word' id='word_1_38' title='bbox 2038 491 2269 540; x_wconf 76' lang='lat' dir='ltr'>consen-</span> 
     </span>
     <span class='ocr_line' id='line_1_5' title="bbox 329 563 2263 640; baseline 0.003 -22"><span class='ocrx_word' id='word_1_39' title='bbox 329 563 493 639; x_wconf 86' lang='lat' dir='ltr'>tiunt.</span> <span class='ocrx_word' id='word_1_40' title='bbox 554 564 742 636; x_wconf 89' lang='lat' dir='ltr'>itaque</span> <span class='ocrx_word' id='word_1_41' title='bbox 783 579 981 634; x_wconf 87' lang='lat' dir='ltr'>magno</span> <span class='ocrx_word' id='word_1_42' title='bbox 1027 570 1223 636; x_wconf 77' lang='lat' dir='ltr'>eaptus</span> <span class='ocrx_word' id='word_1_43' title='bbox 1270 572 1355 620; x_wconf 91' lang='lat' dir='ltr'>est</span> <span class='ocrx_word' id='word_1_44' title='bbox 1398 580 1583 620; x_wconf 86' lang='lat' dir='ltr'>errore</span> <span class='ocrx_word' id='word_1_45' title='bbox 1625 567 1720 640; x_wconf 91' lang='lat' dir='ltr'>qui</span> <span class='ocrx_word' id='word_1_46' title='bbox 1749 582 1931 640; x_wconf 82' lang='lat' dir='ltr'>nuper</span> <span class='ocrx_word' id='word_1_47' title='bbox 1956 569 2013 622; x_wconf 91' lang='lat' dir='ltr'>in</span> <span class='ocrx_word' id='word_1_48' title='bbox 2040 567 2263 624; x_wconf 87' lang='lat' dir='ltr'>Zarncki</span> 
     </span>
     <span class='ocr_line' id='line_1_6' title="bbox 333 646 2267 722; baseline 0.003 -18"><span class='ocrx_word' id='word_1_49' title='bbox 333 647 623 704; x_wconf 78' lang='lat' dir='ltr'>annalibus</span> <span class='ocrx_word' id='word_1_50' title='bbox 655 646 811 718; x_wconf 79' lang='lat'>(1863</span> <span class='ocrx_word' id='word_1_51' title='bbox 840 653 926 702; x_wconf 82' lang='lat' dir='ltr'>iir.</span> <span class='ocrx_word' id='word_1_52' title='bbox 957 646 1074 718; x_wconf 83' lang='lat'>41),</span> <span class='ocrx_word' id='word_1_53' title='bbox 1103 664 1228 703; x_wconf 81' lang='lat' dir='ltr'>eum</span> <span class='ocrx_word' id='word_1_54' title='bbox 1262 663 1543 722; x_wconf 73' lang='lat' dir='ltr'>censorem</span> <span class='ocrx_word' id='word_1_55' title='bbox 1576 651 2023 708; x_wconf 79' lang='lat' dir='ltr'>exercitationum</span> <span class='ocrx_word' id='word_1_56' title='bbox 2054 652 2267 720; x_wconf 74' lang='lat' dir='ltr'>critica·</span> 
     </span>
     <span class='ocr_line' id='line_1_7' title="bbox 331 727 2269 808; baseline 0.003 -21"><span class='ocrx_word' id='word_1_57' title='bbox 331 736 454 788; x_wconf 85' lang='lat' dir='ltr'>rum</span> <span class='ocrx_word' id='word_1_58' title='bbox 498 735 553 788; x_wconf 92' lang='lat' dir='ltr'>in</span> <span class='ocrx_word' id='word_1_59' title='bbox 583 733 902 806; x_wconf 78' lang='lat' dir='ltr'>&#39;scriptores</span> <span class='ocrx_word' id='word_1_60' title='bbox 951 733 1216 788; x_wconf 83' lang='lat' dir='ltr'>historiae</span> <span class='ocrx_word' id='word_1_61' title='bbox 1245 727 1527 806; x_wconf 82' lang='lat' dir='ltr'>Augustae</span> <span class='ocrx_word' id='word_1_62' title='bbox 1562 729 1879 806; x_wconf 73' lang='lat' dir='ltr'>(posnaniae</span> <span class='ocrx_word' id='word_1_63' title='bbox 1912 735 2067 808; x_wconf 85' lang='lat'>1863)</span> <span class='ocrx_word' id='word_1_64' title='bbox 2110 753 2141 792; x_wconf 94' lang='lat' dir='ltr'>a</span> <span class='ocrx_word' id='word_1_65' title='bbox 2180 754 2269 792; x_wconf 89' lang='lat' dir='ltr'>me</span> 
     </span>
     <span class='ocr_line' id='line_1_8' title="bbox 329 816 2266 892; baseline 0.002 -19"><span class='ocrx_word' id='word_1_66' title='bbox 329 818 768 889; x_wconf 75' lang='lat' dir='ltr'>conscriptarum</span> <span class='ocrx_word' id='word_1_67' title='bbox 813 825 1017 890; x_wconf 87' lang='lat' dir='ltr'>ageret,</span> <span class='ocrx_word' id='word_1_68' title='bbox 1062 817 1206 872; x_wconf 88' lang='lat' dir='ltr'>inter</span> <span class='ocrx_word' id='word_1_69' title='bbox 1245 816 1417 874; x_wconf 90' lang='lat' dir='ltr'>multa</span> <span class='ocrx_word' id='word_1_70' title='bbox 1458 817 1561 874; x_wconf 85' lang='lat' dir='ltr'>alia</span> <span class='ocrx_word' id='word_1_71' title='bbox 1603 835 1742 892; x_wconf 86' lang='lat' dir='ltr'>quae</span> <span class='ocrx_word' id='word_1_72' title='bbox 1770 835 1970 876; x_wconf 88' lang='lat' dir='ltr'>uereor</span> <span class='ocrx_word' id='word_1_73' title='bbox 2009 828 2071 875; x_wconf 88' lang='lat' dir='ltr'>ut</span> <span class='ocrx_word' id='word_1_74' title='bbox 2100 822 2266 878; x_wconf 79' lang='lat' dir='ltr'>certis·</span> 
     </span>
     <span class='ocr_line' id='line_1_9' title="bbox 327 900 2268 974; baseline 0.003 -16"><span class='ocrx_word' id='word_1_75' title='bbox 327 902 667 974; x_wconf 85' lang='lat' dir='ltr'>argumentis</span> <span class='ocrx_word' id='word_1_76' title='bbox 710 900 952 958; x_wconf 84' lang='lat' dir='ltr'>stabilire</span> <span class='ocrx_word' id='word_1_77' title='bbox 997 904 1204 974; x_wconf 78' lang='lat' dir='ltr'>possit,</span> <span class='ocrx_word' id='word_1_78' title='bbox 1249 904 1412 958; x_wconf 86' lang='lat' dir='ltr'>etiam</span> <span class='ocrx_word' id='word_1_79' title='bbox 1453 903 1589 960; x_wconf 88' lang='lat' dir='ltr'>hanc</span> <span class='ocrx_word' id='word_1_80' title='bbox 1630 905 1958 964; x_wconf 88' lang='lat' dir='ltr'>sententiam</span> <span class='ocrx_word' id='word_1_81' title='bbox 2002 906 2155 970; x_wconf 88' lang='lat' dir='ltr'>iecit,</span> <span class='ocrx_word' id='word_1_82' title='bbox 2202 914 2268 963; x_wconf 92' lang='lat' dir='ltr'>ut</span> 
     </span>
     <span class='ocr_line' id='line_1_10' title="bbox 327 984 2263 1064; baseline 0.002 -22"><span class='ocrx_word' id='word_1_83' title='bbox 327 986 573 1043; x_wconf 81' lang='lat' dir='ltr'>codicem</span> <span class='ocrx_word' id='word_1_84' title='bbox 603 984 1056 1058; x_wconf 86' lang='lat' dir='ltr'>Bamhergensem</span> <span class='ocrx_word' id='word_1_85' title='bbox 1099 1003 1130 1041; x_wconf 91' lang='lat' dir='ltr'>e</span> <span class='ocrx_word' id='word_1_86' title='bbox 1157 986 1403 1044; x_wconf 88' lang='lat' dir='ltr'>Palatino</span> <span class='ocrx_word' id='word_1_87' title='bbox 1447 987 1781 1061; x_wconf 88' lang='lat' dir='ltr'>descriptum</span> <span class='ocrx_word' id='word_1_88' title='bbox 1824 1004 1947 1045; x_wconf 89' lang='lat' dir='ltr'>esse</span> <span class='ocrx_word' id='word_1_89' title='bbox 1991 995 2263 1064; x_wconf 84' lang='lat' dir='ltr'>tamquam</span> 
     </span>
    </p>

    <p class='ocr_par' dir='ltr' id='par_1_3' title="bbox 277 1069 2265 1656">
     <span class='ocr_line' id='line_1_11' title="bbox 277 1069 2263 1147; baseline 0.002 -20"><span class='ocrx_word' id='word_1_90' title='bbox 277 1085 282 1088; x_wconf 89' lang='grc'><em>·</em></span> <span class='ocrx_word' id='word_1_91' title='bbox 323 1087 427 1146; x_wconf 89' lang='lat' dir='ltr'>pro</span> <span class='ocrx_word' id='word_1_92' title='bbox 460 1079 612 1127; x_wconf 87' lang='lat' dir='ltr'>certo</span> <span class='ocrx_word' id='word_1_93' title='bbox 653 1069 980 1140; x_wconf 77' lang='lat' dir='ltr'>adfirmaret.</span> <span class='ocrx_word' id='word_1_94' title='bbox 1033 1072 1139 1127; x_wconf 88' lang='lat' dir='ltr'>iam</span> <span class='ocrx_word' id='word_1_95' title='bbox 1180 1069 1310 1128; x_wconf 90' lang='lat' dir='ltr'>nolo</span> <span class='ocrx_word' id='word_1_96' title='bbox 1352 1072 1605 1144; x_wconf 85' lang='lat' dir='ltr'>equidem</span> <span class='ocrx_word' id='word_1_97' title='bbox 1644 1089 1893 1147; x_wconf 88' lang='lat' dir='ltr'>magnam</span> <span class='ocrx_word' id='word_1_98' title='bbox 1936 1077 2049 1130; x_wconf 87' lang='lat' dir='ltr'>uim</span> <span class='ocrx_word' id='word_1_99' title='bbox 2098 1075 2150 1130; x_wconf 89' lang='lat' dir='ltr'>ei</span> <span class='ocrx_word' id='word_1_100' title='bbox 2182 1077 2263 1131; x_wconf 89' lang='lat' dir='ltr'>rei</span> 
     </span>
     <span class='ocr_line' id='line_1_12' title="bbox 331 1155 2265 1232; baseline 0.002 -20"><span class='ocrx_word' id='word_1_101' title='bbox 331 1155 666 1217; x_wconf 84' lang='lat' dir='ltr'>adtribuere,</span> <span class='ocrx_word' id='word_1_102' title='bbox 700 1155 846 1228; x_wconf 89' lang='lat' dir='ltr'>quod</span> <span class='ocrx_word' id='word_1_103' title='bbox 891 1156 1012 1212; x_wconf 90' lang='lat' dir='ltr'>cod.</span> <span class='ocrx_word' id='word_1_104' title='bbox 1047 1155 1104 1210; x_wconf 91' lang='lat' dir='ltr'><em>B</em></span> <span class='ocrx_word' id='word_1_105' title='bbox 1132 1158 1419 1212; x_wconf 70' lang='lat' dir='ltr'>minimum·</span> <span class='ocrx_word' id='word_1_106' title='bbox 1457 1173 1567 1213; x_wconf 90' lang='lat' dir='ltr'>uno</span> <span class='ocrx_word' id='word_1_107' title='bbox 1612 1157 1799 1214; x_wconf 86' lang='lat' dir='ltr'>seculo</span> <span class='ocrx_word' id='word_1_108' title='bbox 1832 1157 2113 1232; x_wconf 84' lang='lat' dir='ltr'>antiquior</span> <span class='ocrx_word' id='word_1_109' title='bbox 2140 1175 2265 1215; x_wconf 86' lang='lat' dir='ltr'>esse</span> 
     </span>
     <span class='ocr_line' id='line_1_13' title="bbox 331 1239 2263 1313; baseline 0.002 -18"><span class='ocrx_word' id='word_1_110' title='bbox 331 1256 494 1313; x_wconf 88' lang='lat' dir='ltr'>quam</span> <span class='ocrx_word' id='word_1_111' title='bbox 523 1241 576 1296; x_wconf 91' lang='lat' dir='ltr'><strong><em>P</em></strong></span> <span class='ocrx_word' id='word_1_112' title='bbox 597 1255 660 1296; x_wconf 77' lang='lat' dir='ltr'>ex</span> <span class='ocrx_word' id='word_1_113' title='bbox 689 1239 994 1296; x_wconf 87' lang='lat' dir='ltr'>litterarum</span> <span class='ocrx_word' id='word_1_114' title='bbox 1043 1241 1236 1296; x_wconf 85' lang='lat' dir='ltr'>formis</span> <span class='ocrx_word' id='word_1_115' title='bbox 1280 1258 1390 1296; x_wconf 88' lang='lat' dir='ltr'>non</span> <span class='ocrx_word' id='word_1_116' title='bbox 1422 1241 1601 1296; x_wconf 86' lang='lat' dir='ltr'>solum</span> <span class='ocrx_word' id='word_1_117' title='bbox 1646 1243 1777 1297; x_wconf 89' lang='lat' dir='ltr'>mihi</span> <span class='ocrx_word' id='word_1_118' title='bbox 1821 1243 1917 1298; x_wconf 86' lang='lat' dir='ltr'>sed</span> <span class='ocrx_word' id='word_1_119' title='bbox 1946 1245 2110 1298; x_wconf 85' lang='lat' dir='ltr'>etiam</span> <span class='ocrx_word' id='word_1_120' title='bbox 2140 1243 2263 1299; x_wconf 88' lang='lat' dir='ltr'>aliis</span> 
     </span>
     <span class='ocr_line' id='line_1_14' title="bbox 331 1324 2261 1398; baseline 0.002 -18"><span class='ocrx_word' id='word_1_121' title='bbox 331 1324 639 1381; x_wconf 89' lang='lat' dir='ltr'>hominibus</span> <span class='ocrx_word' id='word_1_122' title='bbox 669 1325 864 1380; x_wconf 88' lang='lat' dir='ltr'>harum</span> <span class='ocrx_word' id='word_1_123' title='bbox 895 1340 1082 1382; x_wconf 85' lang='lat' dir='ltr'>rerum</span> <span class='ocrx_word' id='word_1_124' title='bbox 1111 1341 1226 1381; x_wconf 88' lang='lat' dir='ltr'>non</span> <span class='ocrx_word' id='word_1_125' title='bbox 1249 1325 1501 1398; x_wconf 87' lang='lat' dir='ltr'>inperitis</span> <span class='ocrx_word' id='word_1_126' title='bbox 1526 1325 1681 1385; x_wconf 86' lang='lat' dir='ltr'>uisus</span> <span class='ocrx_word' id='word_1_127' title='bbox 1708 1333 1808 1390; x_wconf 83' lang='lat' dir='ltr'>est.</span> <span class='ocrx_word' id='word_1_128' title='bbox 1843 1326 1938 1383; x_wconf 88' lang='lat' dir='ltr'>sed</span> <span class='ocrx_word' id='word_1_129' title='bbox 1972 1327 2135 1383; x_wconf 86' lang='lat' dir='ltr'>etiam</span> <span class='ocrx_word' id='word_1_130' title='bbox 2158 1328 2261 1386; x_wconf 86' lang='lat' dir='ltr'>alia</span> 
     </span>
     <span class='ocr_line' id='line_1_15' title="bbox 328 1409 2265 1486; baseline 0.002 -22"><span class='ocrx_word' id='word_1_131' title='bbox 328 1409 595 1466; x_wconf 85' lang='lat' dir='ltr'>accedunt</span> <span class='ocrx_word' id='word_1_132' title='bbox 613 1418 934 1482; x_wconf 76' lang='lat' dir='ltr'>argumenta</span> <span class='ocrx_word' id='word_1_133' title='bbox 955 1426 986 1466; x_wconf 84' lang='lat' dir='ltr'>e</span> <span class='ocrx_word' id='word_1_134' title='bbox 1011 1410 1407 1483; x_wconf 86' lang='lat' dir='ltr'>scripturarum</span> <span class='ocrx_word' id='word_1_135' title='bbox 1432 1410 1813 1485; x_wconf 78' lang='lat' dir='ltr'>discrepantiis</span> <span class='ocrx_word' id='word_1_136' title='bbox 1846 1413 2033 1484; x_wconf 83' lang='lat' dir='ltr'>petita,</span> <span class='ocrx_word' id='word_1_137' title='bbox 2066 1411 2265 1486; x_wconf 84' lang='lat' dir='ltr'>quibus</span> 
     </span>
     <span class='ocr_line' id='line_1_16' title="bbox 329 1493 2264 1568; baseline 0.001 -18"><span class='ocrx_word' id='word_1_138' title='bbox 329 1511 499 1550; x_wconf 87' lang='lat' dir='ltr'>unum</span> <span class='ocrx_word' id='word_1_139' title='bbox 532 1493 598 1550; x_wconf 88' lang='lat' dir='ltr'>ab</span> <span class='ocrx_word' id='word_1_140' title='bbox 629 1493 802 1550; x_wconf 89' lang='lat' dir='ltr'>altero</span> <span class='ocrx_word' id='word_1_141' title='bbox 837 1494 1176 1567; x_wconf 84' lang='lat' dir='ltr'>descriptum</span> <span class='ocrx_word' id='word_1_142' title='bbox 1207 1511 1333 1550; x_wconf 88' lang='lat' dir='ltr'>esse</span> <span class='ocrx_word' id='word_1_143' title='bbox 1373 1511 1484 1550; x_wconf 90' lang='lat' dir='ltr'>non</span> <span class='ocrx_word' id='word_1_144' title='bbox 1513 1512 1681 1568; x_wconf 88' lang='lat' dir='ltr'>posse</span> <span class='ocrx_word' id='word_1_145' title='bbox 1712 1496 2137 1553; x_wconf 84' lang='lat' dir='ltr'>demonstratur.</span> <span class='ocrx_word' id='word_1_146' title='bbox 2169 1514 2264 1553; x_wconf 89' lang='lat' dir='ltr'>ue-</span> 
     </span>
     <span class='ocr_line' id='line_1_17' title="bbox 325 1577 2262 1692; baseline 0.002 -59"><span class='ocrx_word' id='word_1_147' title='bbox 325 1578 457 1634; x_wconf 87' lang='lat' dir='ltr'>lut</span> <span class='ocrx_word' id='word_1_148' title='bbox 443 1596 488 1634; x_wconf 92' lang='lat' dir='ltr'>1s</span> <span class='ocrx_word' id='word_1_149' title='bbox 524 1580 618 1652; x_wconf 85' lang='lat' dir='ltr'>qui</span> <span class='ocrx_word' id='word_1_150' title='bbox 649 1577 892 1634; x_wconf 85' lang='lat' dir='ltr'>codicem</span> <span class='ocrx_word' id='word_1_151' title='bbox 920 1579 975 1636; x_wconf 92' lang='lat' dir='ltr'><em>P</em></span> <span class='ocrx_word' id='word_1_152' title='bbox 1002 1580 1224 1653; x_wconf 85' lang='lat' dir='ltr'>scripsit</span> <span class='ocrx_word' id='word_1_153' title='bbox 1254 1580 1311 1634; x_wconf 89' lang='lat' dir='ltr'>in</span> <span class='ocrx_word' id='word_1_154' title='bbox 1351 1579 1649 1656; x_wconf 81' lang='lat' dir='ltr'>archetypo</span> <span class='ocrx_word' id='word_1_155' title='bbox 1692 1582 1851 1654; x_wconf 88' lang='lat' dir='ltr'>primi</span> <span class='ocrx_word' id='word_1_156' title='bbox 1894 1581 2262 1692; x_wconf 85' lang='lat' dir='ltr'>Gallienorum</span> 
     </span>
    </p>

    <p class='ocr_par' dir='ltr' id='par_1_4' title="bbox 319 1663 1287 1738">
     <span class='ocr_line' id='line_1_18' title="bbox 319 1663 1287 1738; baseline 0.002 -20"><span class='ocrx_word' id='word_1_157' title='bbox 319 1663 514 1738; x_wconf 87' lang='lat' dir='ltr'>capitis</span> <span class='ocrx_word' id='word_1_158' title='bbox 546 1665 880 1736; x_wconf 87' lang='lat' dir='ltr'>inuestigare</span> <span class='ocrx_word' id='word_1_159' title='bbox 909 1664 1094 1737; x_wconf 85' lang='lat' dir='ltr'>potuit</span> <span class='ocrx_word' id='word_1_160' title='bbox 1123 1663 1287 1720; x_wconf 90' lang='lat' dir='ltr'>haec:</span> 
     </span>
    </p>

    <p class='ocr_par' dir='ltr' id='par_1_5' title="bbox 263 1743 2265 2076">
     <span class='ocr_line' id='line_1_19' title="bbox 451 1743 2265 1825; baseline 0.001 -21.011"><span class='ocrx_word' id='word_1_161' title='bbox 451 1747 740 1825; x_wconf 87' lang='lat' dir='ltr'>‚gallienus</span> <span class='ocrx_word' id='word_1_162' title='bbox 771 1745 994 1821; x_wconf 68' lang='lat' dir='ltr'>coperta</span> <span class='ocrx_word' id='word_1_163' title='bbox 1017 1749 1190 1822; x_wconf 88' lang='lat' dir='ltr'>patris</span> <span class='ocrx_word' id='word_1_164' title='bbox 1220 1743 1541 1822; x_wconf 78' lang='lat' dir='ltr'>captIu‘itate</span> <span class='ocrx_word' id='word_1_165' title='bbox 1572 1749 1832 1822; x_wconf 84' lang='lat' dir='ltr'>gauderet</span> <span class='ocrx_word' id='word_1_166' title='bbox 1855 1749 2265 1811; x_wconf 75' lang='lat' dir='ltr'>uocabantur...</span> 
     </span>
     <span class='ocr_line' id='line_1_20' title="bbox 320 1833 2259 1907; baseline 0.001 -19"><span class='ocrx_word' id='word_1_167' title='bbox 320 1833 594 1888; x_wconf 83' lang='lat' dir='ltr'>exercitus</span> <span class='ocrx_word' id='word_1_168' title='bbox 623 1848 715 1888; x_wconf 87' lang='lat' dir='ltr'>mu</span> <span class='ocrx_word' id='word_1_169' title='bbox 719 1876 1122 1890; x_wconf 86' lang='grc'><strong>........................</strong></span> <span class='ocrx_word' id='word_1_170' title='bbox 1128 1877 1139 1907; x_wconf 84' lang='lat'>:</span> <span class='ocrx_word' id='word_1_171' title='bbox 1147 1873 1224 1889; x_wconf 88' lang='grc'><strong>.....</strong></span> <span class='ocrx_word' id='word_1_172' title='bbox 1257 1833 1577 1900; x_wconf 67' lang='grc' dir='ltr'>ᾰυοθε,ει’3ι</span> <span class='ocrx_word' id='word_1_173' title='bbox 1796 1851 1979 1891; x_wconf 86' lang='lat' dir='ltr'>meror</span> <span class='ocrx_word' id='word_1_174' title='bbox 2008 1877 2259 1890; x_wconf 87' lang='lat'>...............</span> 
     </span>
     <span class='ocr_line' id='line_1_21' title="bbox 319 1917 2261 2014; baseline 0 -39"><span class='ocrx_word' id='word_1_175' title='bbox 319 1918 624 2014; x_wconf 80' lang='lat' dir='ltr'>impeiator</span> <span class='ocrx_word' id='word_1_176' title='bbox 655 1959 1028 1973; x_wconf 90' lang='grc'><strong>......................</strong></span> <span class='ocrx_word' id='word_1_177' title='bbox 1061 1917 1116 1972; x_wconf 89' lang='lat' dir='ltr'>in</span> <span class='ocrx_word' id='word_1_178' title='bbox 1147 1917 1367 1990; x_wconf 85' lang='lat' dir='ltr'>persida</span> <span class='ocrx_word' id='word_1_179' title='bbox 1408 1961 1847 1976; x_wconf 89' lang='grc'><strong>.........................</strong></span> <span class='ocrx_word' id='word_1_180' title='bbox 1853 1945 1865 1975; x_wconf 61' lang='lat' dir='ltr'>z</span> <span class='ocrx_word' id='word_1_181' title='bbox 1870 1961 2261 1976; x_wconf 75' lang='grc'><strong>.......................</strong></span> 
     </span>
     <span class='ocr_line' id='line_1_22' title="bbox 263 2001 2226 2076; baseline 0.001 -19"><span class='ocrx_word' id='word_1_182' title='bbox 263 2009 268 2014; x_wconf 80' lang='grc'><strong>’</strong></span> <span class='ocrx_word' id='word_1_183' title='bbox 317 2002 404 2059; x_wconf 87' lang='lat' dir='ltr'>ior</span> <span class='ocrx_word' id='word_1_184' title='bbox 436 2003 678 2067; x_wconf 82' lang='lat' dir='ltr'>omnium</span> <span class='ocrx_word' id='word_1_185' title='bbox 710 2002 859 2074; x_wconf 89' lang='lat' dir='ltr'>quod</span> <span class='ocrx_word' id='word_1_186' title='bbox 887 2001 1160 2075; x_wconf 85' lang='lat' dir='ltr'>gallienus</span> <span class='ocrx_word' id='word_1_187' title='bbox 1194 2009 1250 2058; x_wconf 89' lang='lat' dir='ltr'>et</span> <span class='ocrx_word' id='word_1_188' title='bbox 1282 2019 1333 2076; x_wconf 89' lang='lat' dir='ltr'>q.</span> <span class='ocrx_word' id='word_1_189' title='bbox 1368 2003 1430 2058; x_wconf 61' lang='lat' dir='ltr'>s?</span> <span class='ocrx_word' id='word_1_190' title='bbox 2223 2034 2226 2037; x_wconf 94' lang='lat'><em>-</em></span> 
     </span>
    </p>

    <p class='ocr_par' dir='ltr' id='par_1_6' title="bbox 315 2063 2267 2329">
     <span class='ocr_line' id='line_1_23' title="bbox 447 2063 2265 2159; baseline 0.001 -17"><span class='ocrx_word' id='word_1_191' title='bbox 447 2093 504 2142; x_wconf 89' lang='lat' dir='ltr'>at</span> <span class='ocrx_word' id='word_1_192' title='bbox 533 2103 668 2142; x_wconf 90' lang='lat' dir='ltr'>uero</span> <span class='ocrx_word' id='word_1_193' title='bbox 701 2085 975 2148; x_wconf 87' lang='lat' dir='ltr'>librarius,</span> <span class='ocrx_word' id='word_1_194' title='bbox 1019 2088 1110 2142; x_wconf 91' lang='lat' dir='ltr'>cui</span> <span class='ocrx_word' id='word_1_195' title='bbox 1137 2086 1591 2159; x_wconf 86' lang='lat' dir='ltr'>Bambergensem</span> <span class='ocrx_word' id='word_1_196' title='bbox 1622 2087 1899 2150; x_wconf 88' lang='lat' dir='ltr'>dehemus,</span> <span class='ocrx_word' id='word_1_197' title='bbox 1932 2105 2057 2145; x_wconf 88' lang='lat' dir='ltr'>cum</span> <span class='ocrx_word' id='word_1_198' title='bbox 2087 2063 2143 2143; x_wconf 88' lang='lat' dir='ltr'>in</span> <span class='ocrx_word' id='word_1_199' title='bbox 2174 2106 2265 2144; x_wconf 86' lang='lat' dir='ltr'>ar·</span> 
     </span>
     <span class='ocr_line' id='line_1_24' title="bbox 319 2169 2267 2244; baseline 0.001 -18"><span class='ocrx_word' id='word_1_200' title='bbox 319 2169 580 2244; x_wconf 81' lang='lat' dir='ltr'>chetypo</span> <span class='ocrx_word' id='word_1_201' title='bbox 601 2169 842 2228; x_wconf 85' lang='lat' dir='ltr'>nondum</span> <span class='ocrx_word' id='word_1_202' title='bbox 885 2176 994 2228; x_wconf 87' lang='lat' dir='ltr'>tot</span> <span class='ocrx_word' id='word_1_203' title='bbox 1009 2172 1228 2228; x_wconf 87' lang='lat' dir='ltr'>litterae</span> <span class='ocrx_word' id='word_1_204' title='bbox 1257 2175 1613 2228; x_wconf 87' lang='lat' dir='ltr'>euanuissent</span> <span class='ocrx_word' id='word_1_205' title='bbox 1652 2181 1749 2229; x_wconf 86' lang='lat' dir='ltr'>aut</span> <span class='ocrx_word' id='word_1_206' title='bbox 1792 2173 1966 2229; x_wconf 90' lang='lat' dir='ltr'>oculis</span> <span class='ocrx_word' id='word_1_207' title='bbox 2007 2177 2267 2228; x_wconf 86' lang='lat' dir='ltr'>uteretur</span> 
     </span>
     <span class='ocr_line' id='line_1_25' title="bbox 315 2243 2264 2329; baseline 0.001 -17"><span class='ocrx_word' id='word_1_208' title='bbox 315 2255 685 2318; x_wconf 87' lang='lat' dir='ltr'>acutioribus,</span> <span class='ocrx_word' id='word_1_209' title='bbox 731 2264 859 2329; x_wconf 90' lang='lat' dir='ltr'>post</span> <span class='ocrx_word' id='word_1_210' title='bbox 890 2258 1016 2318; x_wconf 86' lang='lat' dir='ltr'>,mu’</span> <span class='ocrx_word' id='word_1_211' title='bbox 1051 2256 1291 2311; x_wconf 86' lang='lat' dir='ltr'>litteram</span> <span class='ocrx_word' id='word_1_212' title='bbox 1322 2258 1386 2327; x_wconf 78' lang='lat' dir='ltr'>‚s’</span> <span class='ocrx_word' id='word_1_213' title='bbox 1419 2243 1639 2319; x_wconf 88' lang='lat' dir='ltr'>addidit,</span> <span class='ocrx_word' id='word_1_214' title='bbox 1684 2257 1875 2313; x_wconf 83' lang='lat' dir='ltr'>deinde</span> <span class='ocrx_word' id='word_1_215' title='bbox 1917 2259 2059 2313; x_wconf 87' lang='lat' dir='ltr'>inter</span> <span class='ocrx_word' id='word_1_216' title='bbox 2090 2271 2264 2313; x_wconf 83' lang='lat' dir='ltr'>uoces</span> 
     </span>
    </p>

    <p class='ocr_par' dir='ltr' id='par_1_7' title="bbox 320 2337 2260 2419">
     <span class='ocr_line' id='line_1_26' title="bbox 320 2337 2260 2419; baseline 0.001 -25"><span class='ocrx_word' id='word_1_217' title='bbox 320 2342 655 2414; x_wconf 86' lang='lat' dir='ltr'>,imperator&#39;</span> <span class='ocrx_word' id='word_1_218' title='bbox 701 2349 756 2395; x_wconf 91' lang='lat' dir='ltr'>et</span> <span class='ocrx_word' id='word_1_219' title='bbox 789 2340 1045 2419; x_wconf 77' lang='lat' dir='ltr'>,Persida’</span> <span class='ocrx_word' id='word_1_220' title='bbox 1091 2337 1242 2414; x_wconf 86' lang='lat' dir='ltr'>(haec</span> <span class='ocrx_word' id='word_1_221' title='bbox 1274 2343 1417 2396; x_wconf 87' lang='lat' dir='ltr'>enim</span> <span class='ocrx_word' id='word_1_222' title='bbox 1448 2343 1567 2398; x_wconf 87' lang='lat' dir='ltr'>eius</span> <span class='ocrx_word' id='word_1_223' title='bbox 1600 2349 1683 2397; x_wconf 89' lang='lat' dir='ltr'>est</span> <span class='ocrx_word' id='word_1_224' title='bbox 1714 2343 2003 2414; x_wconf 87' lang='lat' dir='ltr'>scriptura,</span> <span class='ocrx_word' id='word_1_225' title='bbox 2038 2357 2149 2396; x_wconf 88' lang='lat' dir='ltr'>non</span> <span class='ocrx_word' id='word_1_226' title='bbox 2183 2341 2260 2402; x_wconf 86' lang='lat' dir='ltr'>,in</span> 
     </span>
    </p>

    <p class='ocr_par' dir='ltr' id='par_1_8' title="bbox 315 2423 2264 2496">
     <span class='ocr_line' id='line_1_27' title="bbox 315 2423 2264 2496; baseline 0.001 -18"><span class='ocrx_word' id='word_1_227' title='bbox 315 2423 576 2496; x_wconf 87' lang='lat' dir='ltr'>Persida’)</span> <span class='ocrx_word' id='word_1_228' title='bbox 601 2424 796 2480; x_wconf 86' lang='lat' dir='ltr'>lacuna</span> <span class='ocrx_word' id='word_1_229' title='bbox 825 2439 1026 2493; x_wconf 82' lang='lat' dir='ltr'>nouem</span> <span class='ocrx_word' id='word_1_230' title='bbox 1055 2423 1363 2481; x_wconf 87' lang='lat' dir='ltr'>litterarum</span> <span class='ocrx_word' id='word_1_231' title='bbox 1383 2428 1685 2483; x_wconf 85' lang='lat' dir='ltr'>constituta</span> <span class='ocrx_word' id='word_1_232' title='bbox 1706 2424 2039 2496; x_wconf 86' lang='lat' dir='ltr'>interposuit</span> <span class='ocrx_word' id='word_1_233' title='bbox 2068 2439 2121 2484; x_wconf 86' lang='lat' dir='ltr'>u.</span> <span class='ocrx_word' id='word_1_234' title='bbox 2147 2441 2264 2485; x_wconf 87' lang='lat' dir='ltr'>,ro-</span> 
     </span>
    </p>

    <p class='ocr_par' dir='ltr' id='par_1_9' title="bbox 314 2506 2266 2582">
     <span class='ocr_line' id='line_1_28' title="bbox 314 2506 2266 2582; baseline 0.001 -18"><span class='ocrx_word' id='word_1_235' title='bbox 314 2511 494 2573; x_wconf 80' lang='lat' dir='ltr'>mani&#39;;</span> <span class='ocrx_word' id='word_1_236' title='bbox 547 2509 780 2582; x_wconf 85' lang='lat' dir='ltr'>denique</span> <span class='ocrx_word' id='word_1_237' title='bbox 822 2509 964 2564; x_wconf 88' lang='lat' dir='ltr'>inter</span> <span class='ocrx_word' id='word_1_238' title='bbox 1005 2525 1099 2566; x_wconf 89' lang='lat' dir='ltr'>uu.</span> <span class='ocrx_word' id='word_1_239' title='bbox 1133 2509 1389 2577; x_wconf 88' lang='lat' dir='ltr'>,Persida’</span> <span class='ocrx_word' id='word_1_240' title='bbox 1434 2517 1489 2565; x_wconf 87' lang='lat' dir='ltr'>et</span> <span class='ocrx_word' id='word_1_241' title='bbox 1532 2513 1635 2573; x_wconf 87' lang='lat' dir='ltr'>,ior</span> <span class='ocrx_word' id='word_1_242' title='bbox 1665 2508 1920 2564; x_wconf 86' lang='lat' dir='ltr'>omnium’</span> <span class='ocrx_word' id='word_1_243' title='bbox 1952 2512 2081 2580; x_wconf 80' lang='lat' dir='ltr'>p&#39;ost</span> <span class='ocrx_word' id='word_1_244' title='bbox 2108 2506 2266 2565; x_wconf 86' lang='lat' dir='ltr'>lacu-</span> 
     </span>
    </p>

    <p class='ocr_par' dir='ltr' id='par_1_10' title="bbox 313 2586 2282 2837">
     <span class='ocr_line' id='line_1_29' title="bbox 313 2586 2282 2668; baseline -0.001 -20"><span class='ocrx_word' id='word_1_245' title='bbox 313 2611 438 2649; x_wconf 89' lang='lat' dir='ltr'>nam</span> <span class='ocrx_word' id='word_1_246' title='bbox 470 2593 702 2650; x_wconf 85' lang='lat' dir='ltr'>totidem</span> <span class='ocrx_word' id='word_1_247' title='bbox 732 2593 1040 2649; x_wconf 85' lang='lat' dir='ltr'>litterarum</span> <span class='ocrx_word' id='word_1_248' title='bbox 1071 2593 1297 2668; x_wconf 87' lang='lat' dir='ltr'>scripsit</span> <span class='ocrx_word' id='word_1_249' title='bbox 1319 2595 1594 2657; x_wconf 87' lang='lat' dir='ltr'>,tenetur’,</span> <span class='ocrx_word' id='word_1_250' title='bbox 1622 2586 1739 2648; x_wconf 72' lang='lat' dir='ltr'>tum</span> <span class='ocrx_word' id='word_1_251' title='bbox 1762 2591 1993 2648; x_wconf 87' lang='lat' dir='ltr'>alterum</span> <span class='ocrx_word' id='word_1_252' title='bbox 2018 2593 2282 2665; x_wconf 63' lang='lat' dir='ltr'>spatium·</span> 
     </span>
     <span class='ocr_line' id='line_1_30' title="bbox 318 2675 2262 2752; baseline 0.001 -20"><span class='ocrx_word' id='word_1_253' title='bbox 318 2679 630 2750; x_wconf 84' lang='lat' dir='ltr'>quindecim</span> <span class='ocrx_word' id='word_1_254' title='bbox 673 2675 982 2734; x_wconf 88' lang='lat' dir='ltr'>litterarum</span> <span class='ocrx_word' id='word_1_255' title='bbox 1024 2695 1255 2736; x_wconf 84' lang='lat' dir='ltr'>uacuum</span> <span class='ocrx_word' id='word_1_256' title='bbox 1299 2678 1540 2752; x_wconf 88' lang='lat' dir='ltr'>reliquit.</span> <span class='ocrx_word' id='word_1_257' title='bbox 1586 2676 1734 2750; x_wconf 87' lang='lat' dir='ltr'>quod</span> <span class='ocrx_word' id='word_1_258' title='bbox 1775 2684 2155 2748; x_wconf 83' lang='lat' dir='ltr'>argumentum</span> <span class='ocrx_word' id='word_1_259' title='bbox 2188 2693 2262 2733; x_wconf 89' lang='lat' dir='ltr'>ne</span> 
     </span>
     <span class='ocr_line' id='line_1_31' title="bbox 320 2760 2263 2837; baseline 0 -19"><span class='ocrx_word' id='word_1_260' title='bbox 320 2763 444 2837; x_wconf 88' lang='lat' dir='ltr'>quis</span> <span class='ocrx_word' id='word_1_261' title='bbox 478 2765 554 2818; x_wconf 85' lang='lat' dir='ltr'>ita</span> <span class='ocrx_word' id='word_1_262' title='bbox 581 2762 790 2818; x_wconf 85' lang='lat' dir='ltr'>diluere</span> <span class='ocrx_word' id='word_1_263' title='bbox 821 2771 1068 2826; x_wconf 88' lang='lat' dir='ltr'>conetur,</span> <span class='ocrx_word' id='word_1_264' title='bbox 1107 2771 1170 2819; x_wconf 88' lang='lat' dir='ltr'>ut</span> <span class='ocrx_word' id='word_1_265' title='bbox 1213 2763 1431 2821; x_wconf 83' lang='lat' dir='ltr'>easdem</span> <span class='ocrx_word' id='word_1_266' title='bbox 1476 2761 1597 2817; x_wconf 86' lang='lat' dir='ltr'>illas</span> <span class='ocrx_word' id='word_1_267' title='bbox 1626 2775 1791 2817; x_wconf 85' lang='lat' dir='ltr'>uoces</span> <span class='ocrx_word' id='word_1_268' title='bbox 1823 2761 1985 2834; x_wconf 87' lang='lat' dir='ltr'>etiam</span> <span class='ocrx_word' id='word_1_269' title='bbox 2016 2762 2069 2816; x_wconf 90' lang='lat' dir='ltr'>in</span> <span class='ocrx_word' id='word_1_270' title='bbox 2098 2760 2263 2818; x_wconf 89' lang='lat' dir='ltr'>Pala-</span> 
     </span>
    </p>

    <p class='ocr_par' dir='ltr' id='par_1_11' title="bbox 269 2844 2261 2918">
     <span class='ocr_line' id='line_1_32' title="bbox 269 2844 2261 2918; baseline 0 -16"><span class='ocrx_word' id='word_1_271' title='bbox 269 2909 275 2914; x_wconf 43' lang='lat'><em>,</em></span> <span class='ocrx_word' id='word_1_272' title='bbox 319 2847 438 2902; x_wconf 85' lang='lat' dir='ltr'>tino</span> <span class='ocrx_word' id='word_1_273' title='bbox 470 2864 501 2902; x_wconf 90' lang='lat' dir='ltr'>a</span> <span class='ocrx_word' id='word_1_274' title='bbox 545 2847 780 2904; x_wconf 89' lang='lat' dir='ltr'>secunda</span> <span class='ocrx_word' id='word_1_275' title='bbox 811 2865 977 2905; x_wconf 89' lang='lat' dir='ltr'>manu</span> <span class='ocrx_word' id='word_1_276' title='bbox 1018 2849 1226 2905; x_wconf 83' lang='lat' dir='ltr'>additas</span> <span class='ocrx_word' id='word_1_277' title='bbox 1280 2846 1415 2918; x_wconf 84' lang='lat' dir='ltr'>legi,</span> <span class='ocrx_word' id='word_1_278' title='bbox 1466 2844 1917 2918; x_wconf 87' lang='lat' dir='ltr'>Bambergensem</span> <span class='ocrx_word' id='word_1_279' title='bbox 1958 2862 2093 2901; x_wconf 90' lang='lat' dir='ltr'>uero</span> <span class='ocrx_word' id='word_1_280' title='bbox 2138 2854 2261 2902; x_wconf 86' lang='lat' dir='ltr'>tum</span> 
     </span>
    </p>
   </div>
   <div class='ocr_carea' id='block_1_3' title="bbox 2432 513 2451 2520">
    <p class='ocr_par' dir='ltr' id='par_1_12' title="bbox 2432 513 2451 2520">
     <span class='ocr_line' id='line_1_33' title="bbox 2432 513 2451 2520; baseline 0 0"><span class='ocrx_word' id='word_1_281' title='bbox 2432 513 2451 2520; x_wconf 95' lang='lat' dir='ltr'> </span> 
     </span>
    </p>
   </div>
   <div class='ocr_carea' id='block_1_4' title="bbox 313 2926 2363 3005">
    <p class='ocr_par' dir='ltr' id='par_1_13' title="bbox 313 2926 2363 3005">
     <span class='ocr_line' id='line_1_34' title="bbox 313 2926 2363 3005; baseline 0 -18"><span class='ocrx_word' id='word_1_282' title='bbox 313 2930 531 2988; x_wconf 84' lang='lat' dir='ltr'>demum</span> <span class='ocrx_word' id='word_1_283' title='bbox 562 2949 593 2988; x_wconf 86' lang='lat' dir='ltr'>a</span> <span class='ocrx_word' id='word_1_284' title='bbox 633 2932 878 2990; x_wconf 89' lang='lat' dir='ltr'>Palatino</span> <span class='ocrx_word' id='word_1_285' title='bbox 923 2926 1258 3005; x_wconf 81' lang='lat' dir='ltr'>descriptum</span> <span class='ocrx_word' id='word_1_286' title='bbox 1290 2946 1411 2987; x_wconf 88' lang='lat' dir='ltr'>esse</span> <span class='ocrx_word' id='word_1_287' title='bbox 1439 2939 1624 3004; x_wconf 83' lang='lat' dir='ltr'>ponat,</span> <span class='ocrx_word' id='word_1_288' title='bbox 1666 2947 1789 2987; x_wconf 83' lang='lat' dir='ltr'>curn</span> <span class='ocrx_word' id='word_1_289' title='bbox 1820 2932 1925 2986; x_wconf 88' lang='lat' dir='ltr'>iam</span> <span class='ocrx_word' id='word_1_290' title='bbox 1956 2947 1985 2986; x_wconf 86' lang='lat' dir='ltr'>a</span> <span class='ocrx_word' id='word_1_291' title='bbox 2018 2932 2261 2988; x_wconf 87' lang='lat' dir='ltr'>secunda</span> <span class='ocrx_word' id='word_1_292' title='bbox 2344 2973 2363 2988; x_wconf 55' lang='lat'>„</span> 
     </span>
    </p>
   </div>
   <div class='ocr_carea' id='block_1_5' title="bbox 311 3009 2265 3174">
    <p class='ocr_par' dir='ltr' id='par_1_14' title="bbox 311 3009 2265 3174">
     <span class='ocr_line' id='line_1_35' title="bbox 311 3009 2265 3090; baseline 0.001 -19"><span class='ocrx_word' id='word_1_293' title='bbox 311 3026 479 3072; x_wconf 85' lang='lat' dir='ltr'>manu</span> <span class='ocrx_word' id='word_1_294' title='bbox 519 3024 802 3073; x_wconf 85' lang='lat' dir='ltr'>correctus</span> <span class='ocrx_word' id='word_1_295' title='bbox 843 3009 1068 3089; x_wconf 81' lang='lat' dir='ltr'>esset4),</span> <span class='ocrx_word' id='word_1_296' title='bbox 1121 3015 1347 3072; x_wconf 88' lang='lat' dir='ltr'>adiciam</span> <span class='ocrx_word' id='word_1_297' title='bbox 1400 3015 1700 3090; x_wconf 86' lang='lat' dir='ltr'>scripturas</span> <span class='ocrx_word' id='word_1_298' title='bbox 1754 3017 1919 3071; x_wconf 87' lang='lat' dir='ltr'>huius</span> <span class='ocrx_word' id='word_1_299' title='bbox 1961 3017 2265 3090; x_wconf 81' lang='lat' dir='ltr'>utriusque</span> 
     </span>
     <span class='ocr_line' id='line_1_36' title="bbox 315 3099 2261 3174; baseline 0.001 -18"><span class='ocrx_word' id='word_1_300' title='bbox 315 3099 521 3174; x_wconf 71' lang='lat' dir='ltr'>codicis</span> <span class='ocrx_word' id='word_1_301' title='bbox 565 3110 622 3156; x_wconf 88' lang='lat' dir='ltr'>et</span> <span class='ocrx_word' id='word_1_302' title='bbox 662 3099 788 3158; x_wconf 85' lang='lat' dir='ltr'>libri</span> <span class='ocrx_word' id='word_1_303' title='bbox 820 3101 1062 3159; x_wconf 87' lang='lat' dir='ltr'>Vaticani</span> <span class='ocrx_word' id='word_1_304' title='bbox 1094 3101 1245 3168; x_wconf 83' lang='lat'>1899,</span> <span class='ocrx_word' id='word_1_305' title='bbox 1288 3101 1356 3156; x_wconf 90' lang='lat' dir='ltr'>de</span> <span class='ocrx_word' id='word_1_306' title='bbox 1396 3103 1553 3158; x_wconf 90' lang='lat' dir='ltr'>cuius</span> <span class='ocrx_word' id='word_1_307' title='bbox 1594 3100 1699 3156; x_wconf 85' lang='lat' dir='ltr'>fide</span> <span class='ocrx_word' id='word_1_308' title='bbox 1728 3108 1920 3174; x_wconf 88' lang='lat' dir='ltr'>postea</span> <span class='ocrx_word' id='word_1_309' title='bbox 1950 3116 2122 3172; x_wconf 89' lang='lat' dir='ltr'>agam,</span> <span class='ocrx_word' id='word_1_310' title='bbox 2179 3103 2261 3157; x_wconf 86' lang='lat' dir='ltr'>ita</span> 
     </span>
    </p>
   </div>
   <div class='ocr_carea' id='block_1_6' title="bbox 302 3331 2264 3600">
    <p class='ocr_par' dir='ltr' id='par_1_15' title="bbox 302 3331 2264 3600">
     <span class='ocr_line' id='line_1_37' title="bbox 445 3331 2263 3398; baseline 0.001 -16"><span class='ocrx_word' id='word_1_311' title='bbox 445 3331 500 3395; x_wconf 87' lang='lat'>4)</span> <span class='ocrx_word' id='word_1_312' title='bbox 531 3333 872 3398; x_wconf 82' lang='lat' dir='ltr'>Quamquam</span> <span class='ocrx_word' id='word_1_313' title='bbox 897 3331 1103 3383; x_wconf 82' lang='lat' dir='ltr'>falsum</span> <span class='ocrx_word' id='word_1_314' title='bbox 1128 3347 1250 3383; x_wconf 84' lang='lat' dir='ltr'>esse</span> <span class='ocrx_word' id='word_1_315' title='bbox 1276 3332 1539 3383; x_wconf 84' lang='lat' dir='ltr'>iudicium</span> <span class='ocrx_word' id='word_1_316' title='bbox 1556 3347 1625 3382; x_wconf 79' lang='lat' dir='ltr'>ex</span> <span class='ocrx_word' id='word_1_317' title='bbox 1648 3332 2035 3382; x_wconf 73' lang='lat' dir='ltr'>commentario</span> <span class='ocrx_word' id='word_1_318' title='bbox 2057 3331 2263 3383; x_wconf 81' lang='lat' dir='ltr'>critico</span> 
     </span>
     <span class='ocr_line' id='line_1_38' title="bbox 316 3399 2261 3466; baseline 0.002 -19"><span class='ocrx_word' id='word_1_319' title='bbox 316 3399 452 3450; x_wconf 81' lang='lat' dir='ltr'>satis</span> <span class='ocrx_word' id='word_1_320' title='bbox 479 3399 792 3466; x_wconf 81' lang='lat' dir='ltr'>adparebit,</span> <span class='ocrx_word' id='word_1_321' title='bbox 821 3405 1154 3466; x_wconf 79' lang='lat' dir='ltr'>conspectus</span> <span class='ocrx_word' id='word_1_322' title='bbox 1179 3405 1366 3450; x_wconf 80' lang='lat' dir='ltr'>tamen</span> <span class='ocrx_word' id='word_1_323' title='bbox 1390 3415 1561 3450; x_wconf 81' lang='lat' dir='ltr'>causa</span> <span class='ocrx_word' id='word_1_324' title='bbox 1592 3399 1807 3462; x_wconf 80' lang='lat' dir='ltr'>aliquot</span> <span class='ocrx_word' id='word_1_325' title='bbox 1841 3399 1988 3450; x_wconf 86' lang='lat' dir='ltr'>locos</span> <span class='ocrx_word' id='word_1_326' title='bbox 2026 3414 2094 3450; x_wconf 82' lang='lat' dir='ltr'>ex</span> <span class='ocrx_word' id='word_1_327' title='bbox 2115 3401 2261 3451; x_wconf 80' lang='lat' dir='ltr'>uitis</span> 
     </span>
     <span class='ocr_line' id='line_1_39' title="bbox 302 3465 2264 3546; baseline 0.002 -31"><span class='ocrx_word' id='word_1_328' title='bbox 302 3465 598 3518; x_wconf 83' lang='lat' dir='ltr'>Aureliani</span> <span class='ocrx_word' id='word_1_329' title='bbox 611 3473 666 3518; x_wconf 79' lang='lat' dir='ltr'>ei:</span> <span class='ocrx_word' id='word_1_330' title='bbox 675 3469 861 3517; x_wconf 76' lang='lat' dir='ltr'>Taciti</span> <span class='ocrx_word' id='word_1_331' title='bbox 884 3467 975 3516; x_wconf 87' lang='lat' dir='ltr'>hic</span> <span class='ocrx_word' id='word_1_332' title='bbox 999 3469 1285 3518; x_wconf 78' lang='lat' dir='ltr'>conlectos</span> <span class='ocrx_word' id='word_1_333' title='bbox 1307 3468 1583 3528; x_wconf 81' lang='lat' dir='ltr'>indicabo,</span> <span class='ocrx_word' id='word_1_334' title='bbox 1611 3466 1991 3546; x_wconf 70' lang='lat' dir='ltr'>quibusBiam</span> <span class='ocrx_word' id='word_1_335' title='bbox 2016 3482 2049 3516; x_wconf 84' lang='lat' dir='ltr'>a</span> <span class='ocrx_word' id='word_1_336' title='bbox 2072 3468 2264 3532; x_wconf 76' lang='lat' dir='ltr'>prima</span> 
     </span>
     <span class='ocr_line' id='line_1_40' title="bbox 322 3533 2263 3600; baseline 0.001 -18"><span class='ocrx_word' id='word_1_337' title='bbox 322 3549 488 3586; x_wconf 82' lang='lat' dir='ltr'>manu</span> <span class='ocrx_word' id='word_1_338' title='bbox 522 3551 589 3586; x_wconf 88' lang='lat' dir='ltr'>ea</span> <span class='ocrx_word' id='word_1_339' title='bbox 611 3535 788 3586; x_wconf 83' lang='lat' dir='ltr'>uerba.</span> <span class='ocrx_word' id='word_1_340' title='bbox 815 3535 1040 3586; x_wconf 83' lang='lat' dir='ltr'>exhibet</span> <span class='ocrx_word' id='word_1_341' title='bbox 1067 3551 1205 3600; x_wconf 87' lang='lat' dir='ltr'>quae</span> <span class='ocrx_word' id='word_1_342' title='bbox 1240 3535 1385 3586; x_wconf 78' lang='lat' dir='ltr'>falso</span> <span class='ocrx_word' id='word_1_343' title='bbox 1414 3551 1447 3585; x_wconf 80' lang='lat' dir='ltr'>a</span> <span class='ocrx_word' id='word_1_344' title='bbox 1470 3533 1546 3585; x_wconf 87' lang='lat' dir='ltr'>P¹</span> <span class='ocrx_word' id='word_1_345' title='bbox 1584 3534 1787 3586; x_wconf 79' lang='lat' dir='ltr'>omissa</span> <span class='ocrx_word' id='word_1_346' title='bbox 1821 3535 2041 3586; x_wconf 80' lang='lat' dir='ltr'>adiecta</span> <span class='ocrx_word' id='word_1_347' title='bbox 2065 3540 2195 3585; x_wconf 80' lang='lat' dir='ltr'>sunt</span> <span class='ocrx_word' id='word_1_348' title='bbox 2224 3551 2263 3585; x_wconf 74' lang='lat' dir='ltr'>a,</span> 
     </span>
    </p>
   </div>
  </div>
 </body>
</html>
