2517 3884
344 171 427 238 52
1028 177 1180 233 IVLII
1224 178 1592 237 CAPITOLlNl

281 355 313 405 8
350 347 511 408 mine
541 347 822 424 inposito.
915 363 1024 424 per
1063 347 1408 424 prouincias
1437 344 1867 406 tabulariorum
1901 344 2278 424 publicorum

353 449 525 492 usum
556 432 829 500 instituit,
864 430 1021 508 apud
1052 448 1203 509 quos
1233 431 1393 491 idem
1425 430 1498 490 de
1531 430 1862 508 originibus
1905 431 2074 491 fieret
2117 431 2277 508 quod

353 516 576 576 Romae
608 515 766 596 apud
796 515 1131 594 praefectos
1162 517 1396 584 aerarii,
1429 523 1512 585 ut,
1549 517 1596 576 si
1627 517 1782 576 forte
1809 515 2023 592 aliquis
2051 518 2112 576 in
2137 535 2278 594 pro-

352 603 549 662 uincia
593 609 767 660 natus
812 619 1047 660 causam
1090 600 1402 662 liberalem
1447 600 1702 670 diceret,
1747 603 2092 661 testationes
2138 601 2278 662 inde

284 698 316 745 9
352 687 555 746 ferret.
618 694 794 761 atque
825 684 977 745 hanc
1007 692 1188 746 totam
1221 685 1415 763 legem
1447 684 1520 745 de
1552 684 1996 747 adsertionibus
2023 685 2281 747 firmauit
2331 700 2357 740 5

352 770 612 850 aliasque
644 771 717 830 de
751 771 1061 831 mensariis
1094 779 1150 832 et
1180 770 1553 832 auctionibus
1594 771 1745 832 tulit.
1810 770 1884 830 de
1915 777 2071 831 statu
2103 773 2280 832 etiam

255 855 336 920 10
355 857 769 917 defunctorum
800 857 955 915 intra
989 857 1459 932 quinquennium
1501 858 1710 935 quaeri
1751 857 1944 916 iussit.
1988 857 2280 916 'senatum

352 939 551 1001 multis
582 939 1019 1017 cognitionibus
1062 949 1119 1001 et
1148 943 1404 1001 maxime
1436 941 1510 1001 ad
1551 959 1615 1001 se
1647 940 2082 1020 pertinentibus
2125 940 2277 1000 iudi-

283 1036 314 1084 2
353 1045 480 1086 cem
526 1025 705 1086 dedit.
780 1043 975 1104 neque
1020 1027 1330 1103 quisquam
1371 1028 1712 1105 principum
1754 1025 2005 1105 amplius
2047 1027 2278 1086 senatui

350 1111 577 1170 detulit.
651 1112 714 1171 in
757 1117 995 1170 senatus
1047 1118 1245 1171 autem
1299 1110 1812 1174 honorificentiam
1854 1109 2058 1171 multis
2098 1129 2273 1189 prae·
2304 1126 2353 1164 ιο

336 1198 518 1257 -toriis
555 1201 612 1255 et
644 1194 1057 1256 consularibus
1098 1197 1350 1274 prIuatis
1393 1195 1714 1256 decidenda
1758 1197 1994 1274 negotia
2039 1195 2274 1272 delega-

352 1283 458 1350 uit,
492 1299 613 1360 quo
644 1282 832 1358 magis
865 1299 1075 1341 eorum
1118 1299 1252 1341 cum
1285 1282 1568 1342 exercitio
1611 1283 1758 1340 iuris
1790 1281 2112 1342 auctoritas
2145 1299 2276 1340 cre-

282 1379 314 1428 3
352 1375 566 1427 sceret.
630 1364 847 1426 multos
891 1385 962 1426 ex
993 1367 1199 1426 amicis
1240 1367 1303 1426 in
1337 1374 1606 1426 senatum
1652 1365 1870 1443 adlegit
1903 1383 2036 1424 cum
2068 1363 2276 1425 aedili-

281 1464 317 1511 4
354 1452 461 1511 ciis
504 1457 602 1510 aut
644 1452 961 1529 praetoriis
1003 1449 1410 1528 dignitatibus,
1500 1450 1702 1511 multis
1744 1448 1792 1530 †
1834 1449 2138 1522 senatibus
2181 1448 2277 1510 uel

352 1534 715 1614 pauperibus
746 1536 873 1595 sine
906 1535 1154 1595 crimine
1180 1534 1558 1605 senatoribus
1584 1535 1901 1613 dignitates
1927 1534 2278 1596 tribunicias
2307 1551 2359 1591 15

285 1634 315 1681 5
354 1620 771 1698 aediliciasque
803 1621 1116 1680 concessit.
1182 1637 1295 1680 nec
1325 1636 1682 1698 quemquam
1714 1622 1776 1681 in
1807 1620 2079 1680 ordinem
2111 1619 2276 1698 legit,

284 1717 316 1764 6
354 1707 467 1766 nisi
495 1723 671 1783 quem
703 1706 830 1783 ipse
860 1704 1015 1764 bene
1045 1706 1271 1764 scisset.
1335 1704 1449 1765 hoc
1481 1721 1714 1784 quoque
1758 1704 2136 1765 senatoribus
2177 1705 2279 1765 de-

352 1789 485 1850 tulit
525 1797 616 1859 ut,
667 1790 897 1866 quoties
929 1789 1003 1848 de
1033 1807 1286 1869 quorum
1318 1791 1508 1868 capite
1541 1798 1700 1850 esset
1739 1789 2150 1860 iudicandum,
2187 1807 2279 1850 se-

353 1881 517 1936 creto
566 1881 961 1954 pertractaret
1014 1881 1189 1952 atque
1242 1876 1321 1934 ita
1380 1877 1442 1934 in
1483 1873 1786 1953 publicum
1833 1874 2116 1953 proderet
2169 1893 2281 1936 nec

284 1975 314 2023 7
351 1965 674 2039 pateretur,
709 1962 938 2036 equites
968 1958 1270 2020 Romanos
1303 1957 1516 2020 talibus
1548 1962 1839 2020 interesse
1869 1961 2079 2021 causis,
2115 1978 2270 2021 sem-
2310 1977 2362 2015 20

352 2063 461 2124 per
492 2053 707 2113 autem,
742 2064 872 2105 cum
905 2046 1116 2124 potuit,
1149 2045 1419 2118 interfuit
1447 2047 1706 2114 senatui,
1741 2047 1974 2106 etiamsi
2005 2043 2152 2104 nihil
2185 2064 2277 2105 es-

353 2138 444 2190 set
484 2129 895 2198 referendum,
942 2131 993 2189 si
1032 2129 1255 2190 Romae
1298 2131 1443 2199 fuit;
1491 2131 1540 2190 si
1587 2148 1735 2197 uero
1779 2129 2001 2206 aliquid
2043 2130 2278 2190 referre

283 2230 317 2278 8
351 2214 557 2283 uoluit,
592 2217 767 2275 etiam
799 2214 872 2275 de
904 2215 1219 2293 Campania
1249 2216 1378 2294 ipse
1418 2216 1598 2276 uenit.
1663 2217 1918 2276 comitiis
1960 2222 2278 2293 praeterea

354 2301 531 2359 etiam
572 2316 763 2376 usque
806 2299 877 2359 ad
920 2307 1155 2359 noctem
1208 2301 1554 2378 frequenter
1597 2300 1866 2360 interfuit
1907 2315 2099 2375 neque
2143 2318 2272 2359 um·

214 2446 219 2450 ,
284 2400 316 2447 9
356 2401 526 2461 quam
559 2385 806 2443 recessit
847 2383 921 2442 de
964 2385 1155 2452 curia,
1190 2385 1307 2443 nisi
1347 2382 1556 2444 consul
1596 2384 1872 2444 dixisset:
1920 2381 2113 2456 „nihil
2157 2402 2267 2443 uos
2296 2400 2364 2440 25

353 2485 684 2537 moramur,
718 2486 775 2546 p.
810 2476 909 2527 c.“
968 2475 1238 2548 senatum
1271 2466 1760 2546 appellationibus
1806 2487 1840 2528 a
1869 2465 2112 2526 consule
2157 2468 2279 2528 fac·

253 2569 317 2617 10
356 2555 429 2612 tis
459 2551 714 2613 iudicem
745 2551 924 2611 dedit.
996 2551 1337 2612 iudiciariae
1381 2553 1470 2612 rei
1512 2551 1872 2629 singularem
1915 2551 2282 2628 diligentiam

355 2636 635 2699 adhibuit.
700 2636 867 2697 fastis
910 2636 1037 2697 dies
1080 2635 1422 2697 iudiciarios
1464 2636 1715 2707 addidit,
1760 2639 1840 2696 ita
1885 2645 1948 2697 ut
1991 2636 2282 2698 ducentos

357 2725 596 2802 triginta
626 2721 753 2783 dies
783 2740 1010 2783 annuos
1042 2721 1221 2782 rebus
1250 2721 1495 2799 agendis
1525 2721 1843 2799 litibusque
1876 2721 2280 2801 disceptandis

255 2823 316 2871 11
356 2809 763 2869 constitueret.
807 2815 1143 2886 praetorem
1176 2805 1491 2868 tutelarem
1524 2809 1752 2886 primus
1783 2809 1942 2876 fecit,
1978 2825 2114 2868 cum
2145 2816 2282 2869 ante
2309 2824 2361 2864 ao

455 3029 486 3076 2
512 3033 647 3092 aput
676 3027 723 3076 B
859 3028 891 3075 ὃ
926 3027 1247 3077 autionibus
1271 3026 1323 3076 B
1463 3027 1528 3078 de
1566 3031 1718 3078 statu
1744 3055 1808 3063 —-
1833 3028 1997 3078 iussit
2031 3033 2284 3077 senatum

354 3123 419 3130 -—
446 3095 616 3144 dedit.
642 3110 821 3159 neque
849 3096 1136 3160 quisquam
1160 3094 1326 3145 BPM
1349 3099 1666 3161 transposuit
1689 3095 1926 3148 Dirlcsen.
2032 3101 2088 3144 et
2115 3097 2286 3145 etiam

353 3163 405 3212 B
542 3166 573 3212 9
600 3163 857 3227 quiquam
877 3162 993 3212 BP¹
1020 3164 1312 3228 quicquam
1334 3162 1404 3213 ΡΞ
1543 3166 1604 3213 11
1631 3163 1920 3214 deadenda
1946 3163 1997 3212 B
2138 3166 2199 3212 14
2223 3169 2286 3213 ut

355 3229 425 3281 B*
568 3231 918 3281 senatoribus
946 3231 1037 3280 uel
1070 3247 1233 3297 paup.
1262 3247 1303 3281 s,
1333 3232 1556 3282 crimine
1584 3231 1730 3296 dign.
1759 3232 1822 3281 M
1853 3231 2038 3280 multis
2064 3236 2283 3280 senato-

355 3299 507 3349 ribus
544 3296 619 3346 P³
767 3301 829 3348 15
864 3299 1101 3349 cremine
1136 3300 1187 3349 B
1338 3302 1397 3350 17
1448 3299 1798 3349 senatoribus
1831 3327 1897 3334 —
1930 3297 2286 3347 iudicandum

355 3383 448 3417 om.
485 3363 555 3415 Β1
695 3365 883 3415 tetulit
916 3366 967 3414 B
1106 3370 1169 3417 18
1206 3383 1392 3418 eorum
1419 3368 1484 3417 M
1619 3369 1679 3417 19
1715 3367 1978 3430 prodiret‘
1997 3365 2156 3415 BPM
2189 3359 2284 3417 ἓηι.

364 3435 597 3484 Vrsinus.
736 3435 802 3484 20
829 3438 989 3498 pater
1011 3433 1081 3483 B¹
1223 3438 1287 3485 21
1315 3435 1486 3485 nichil
1509 3434 1560 3484 B
1584 3437 1635 3485 in
1659 3450 1765 3484 ras.
1895 3435 1960 3484 26
1985 3434 2072 3484 sin
2098 3438 2286 3484 autem

360 3501 521 3552 BPM
543 3519 632 3556 em.
663 3502 701 3553 0
726 3519 795 3552 eae
818 3502 961 3552 libris
987 3503 1207 3554 Puteani
