2517 3884
614 179 1002 238 ALEXANDER
1058 173 1369 261 SEVERVS,
1460 181 1515 238 C.
1560 184 1803 238 46-49,
2035 176 2163 242 263

225 433 447 493 dimisit
489 431 1084 512 commendatumque
1127 432 1445 503 militibus,
1489 452 1521 494 a
1563 432 1781 513 quibus
1822 433 2158 496 Alexander

223 520 398 579 unice
440 515 780 586 amabatur,
823 524 1019 580 tutum
1066 517 1138 578 ad
1179 517 1353 579 uillas
1395 537 1533 580 suas
1572 520 1663 578 ire
1706 521 2047 600 praecepit,
2093 522 2157 582 in

12 673 15 690 Ι
223 603 441 681 quibus
471 602 576 662 diu
607 603 775 664 uixit.
810 601 914 662 sed
946 609 1082 682 post
1109 605 1279 664 iussu
1308 605 1689 683 imperatoris
1724 601 1987 684 [occisus
2013 603 2153 684 est],
2192 612 2227 661 6

10 695 19 1024 ³
164 707 194 748 5
225 687 381 766 quod
425 694 485 747 et
525 686 628 748 ille
667 686 941 748 militaris
983 695 1174 758 esset,
1221 686 1339 768 [et]
1388 708 1420 750 a
1450 687 1739 750 militibus
1781 691 2013 751 occisus
2044 696 2153 751 est.

12 303 19 646 β
224 357 374 415 tem,
419 346 792 408 abdicantem
837 348 984 424 quin
1017 348 1192 408 etiam
1223 347 1545 428 imperium
1590 356 1649 410 et
1688 351 1844 410 mori
1883 355 2159 428 paratum

220 775 372 842 scio,
423 771 669 851 uulgum
711 771 866 833 hanc
907 790 1036 832 rem
1080 789 1260 852 quam
1302 776 1582 836 contexui
1622 773 1865 835 Traiani
1919 782 2151 855 putare,

219 857 324 918 sed
365 875 563 936 neque
603 859 668 918 in
708 859 830 918 uita
875 858 1000 917 eius
1038 857 1100 917 id
1138 857 1365 918 Marius
1407 857 1700 919 Maximus
1751 860 1835 920 ita
1881 861 2157 940 exposuit

216 959 416 1020 neque
467 939 688 1002 Fabius
740 941 1124 1003 Marcellinus
1162 961 1363 1022 neque
1403 942 1682 1004 Aurelius
1725 945 1918 1004 Verus
1958 961 2155 1022 neque

163 1063 172 1068 -
217 1027 442 1088 Statius
473 1025 705 1095 Valens,
751 1028 853 1104 qui
884 1045 1123 1088 omnem
1167 1029 1297 1088 eius
1347 1029 1530 1089 uitam
1580 1029 1644 1090 in
1694 1027 1923 1090 litteras
1972 1031 2153 1092 mise-

135 1130 188 1169 ιο
216 1119 376 1173 runt.
423 1117 634 1171 contra
665 1119 862 1172 autem
895 1119 956 1172 et
986 1112 1312 1192 Septimius
1342 1118 1402 1173 et
1429 1111 1711 1174 Acholius
1742 1120 1802 1172 et
1832 1112 2155 1191 Encolpius
2192 1122 2225 1170 7

214 1199 377 1258 uitae
419 1198 750 1275 scriptores
791 1198 1097 1276 ceterique
1149 1196 1225 1257 de
1276 1196 1393 1258 hoc
1446 1196 1580 1258 talia
1632 1196 2151 1276 praedicanerunt.

214 1281 378 1360 quod
420 1279 554 1341 ideo
598 1279 828 1350 addidi,
873 1298 949 1341 ne
991 1283 1127 1360 quis
1167 1281 1331 1360 uulgi
1370 1284 1560 1360 magis
1600 1283 1820 1342 famam
1866 1299 2150 1360 sequere·
2190 1293 2223 1340 8

8 1427 10 1450 ἶ
214 1374 314 1428 tur
339 1383 516 1444 quam
540 1365 872 1435 historiam,
895 1384 1048 1445 quae
1072 1384 1315 1427 rumore
1346 1368 1555 1445 utique
1583 1365 1752 1444 uulgi
1782 1367 1987 1428 uerior
2015 1385 2154 1448 rep-

8 1459 12 1530 ῑ
213 1453 466 1530 peritur.

8 1533 12 1646 j
137 1553 188 1593 15
341 1535 616 1596 Honores
657 1536 806 1596 iuris
846 1534 1026 1614 gladii
1066 1553 1396 1613 numquam
1440 1536 1619 1598 uendi
1675 1554 1887 1616 passus
1930 1545 2020 1598 est
2061 1537 2149 1598 di·
2168 1530 2255 1596 49

8 1649 11 1662 =
213 1639 387 1682 cens:
423 1621 728 1690 „Necesse
759 1627 868 1690 est,
901 1627 967 1681 ut
996 1623 1100 1700 qui
1131 1623 1276 1682 emit
1306 1628 1365 1682 et
1397 1621 1634 1682 uendat.
1672 1639 1781 1700 ego
1808 1640 1927 1682 non
1956 1624 2153 1702 patior

213 1711 582 1766 mercatores
623 1712 987 1784 potestatum
1010 1752 1025 1775 ,
1070 1725 1224 1786 quos
1276 1708 1326 1767 si
1378 1708 1642 1784 pariant,
1692 1706 1976 1768 damnare
2029 1726 2153 1769 non

212 1793 456 1871 possim.
522 1789 814 1851 erubesco
847 1792 1007 1851 enim
1037 1793 1254 1870 punire
1283 1789 1453 1852 illum
1482 1790 1819 1861 hominem,
1864 1793 1966 1871 qui
2008 1793 2154 1853 emit

215 1883 276 1936 et
303 1875 640 1938 uendidit.“
696 1875 1078 1954 pontificatus
1110 1882 1170 1936 et
1197 1875 1773 1955 quindecimuiratus
1804 1883 1864 1936 et
1893 1894 2147 1955 augura-
2186 1887 2219 1935 2

135 1979 188 2018 20
213 1968 312 2022 tus
343 1959 716 2021 codicillares
743 1961 914 2034 fecit,
957 1961 1038 2021 ita
1079 1967 1147 2021 ut
1188 1963 1252 2021 in
1296 1967 1507 2021 senatu
1548 1959 1967 2038 allegarentur.
2032 1962 2147 2022 De·
2182 1972 2217 2021 3

213 2047 432 2125 xippus
475 2045 650 2114 dixit,
696 2063 945 2106 uxorem
991 2064 1128 2107 eum
1171 2044 1481 2106 cuiusdam
1524 2045 1773 2106 Macrini
1816 2043 1998 2106 filiam
2040 2045 2146 2107 du-

213 2131 402 2199 xisse,
447 2129 826 2210 eundemque
871 2129 946 2191 ab
979 2148 1050 2190 eo
1083 2130 1397 2191 Caesarem
1429 2136 1852 2209 nuncupatum.
1932 2147 2143 2191 uerum
2182 2141 2217 2189 4

214 2234 352 2276 cum
395 2214 579 2276 uellet
619 2215 855 2276 insidiis
899 2214 1176 2276 occidere
1215 2213 1617 2276 Alexandrum
1658 2213 1984 2284 Macrinum,
2041 2215 2144 2276 de-

211 2305 368 2360 tecta
398 2300 655 2360 factione
688 2308 748 2360 et
774 2301 972 2379 ipsum
1002 2301 1432 2378 interemptum
1464 2306 1523 2359 et
1552 2317 1800 2361 uxorem
1830 2298 2142 2360 abiectam.

137 2401 188 2441 25
215 2384 372 2445 idem
402 2384 561 2450 dicit,
595 2391 880 2463 patruum
907 2385 1096 2445 fuisse
1123 2385 1489 2446 Antoninum
1530 2383 1977 2462 Heliogabalum
2008 2384 2144 2446 Ale·
2182 2398 2217 2448 5

212 2469 445 2538 xandri,
476 2487 597 2529 non
632 2471 836 2530 uxoris
867 2471 1097 2530 sororis
1127 2469 1394 2531 eiusdem
1423 2468 1629 2531 fllium.
1666 2488 1801 2530 cum
1826 2468 2147 2532 Christiani
2182 2483 2216 2532 6

213 2551 511 2632 quendam
541 2552 769 2623 locum,
803 2558 911 2630 qui
936 2553 1210 2632 publicus
1237 2556 1453 2624 fuerat,
1488 2555 1900 2634 occupassent,
1936 2562 2145 2616 contra

210 2639 509 2718 popinarii
550 2638 858 2707 dicerent,
913 2639 1027 2700 sibi
1080 2657 1215 2702 eum
1257 2638 1494 2710 deberi,
1548 2641 1883 2719 rescripsit,
1931 2637 2146 2700 melius

213 2741 377 2793 esse,
439 2729 507 2784 ut
537 2723 1317 2802 quemammodumcumque
1346 2724 1467 2786 illic
1496 2724 1647 2786 deus
1677 2723 1934 2793 colatur,
1968 2741 2147 2803 quam

137 2823 187 2864 30
210 2809 543 2889 popinariis
573 2805 846 2870 dedatur.

309 3032 341 3080 2
367 3027 593 3078 demisit
614 3027 717 3078 BP
882 3030 917 3078 4
949 3029 1166 3079 occisus
1190 3033 1279 3078 est
1301 3055 1367 3064 -—
1394 3033 1453 3078 et
1474 3031 1617 3079 unciis
1638 3030 1822 3080 incluse·
2000 3027 2146 3078 occi·

209 3111 301 3147 sus
326 3101 480 3148 esset
502 3095 607 3146 BP
625 3100 844 3146 amatus
867 3096 935 3146 M
951 3101 1038 3147 est
1057 3097 1252 3162 scr-ipsi
1385 3098 1416 3146 6
1441 3097 1724 3148 contexuit
1746 3096 1852 3146 BP
1983 3098 2015 3147 3
2039 3097 2147 3146 Ve-

211 3163 322 3231 rus]
349 3179 531 3215 uenus
552 3163 657 3215 BP
740 3199 746 3206 -
799 3166 862 3214 10
886 3163 1211 3230 encholpius
1234 3164 1287 3214 B
1441 3167 1501 3215 11
1524 3165 1652 3228 fort.
1680 3164 1963 3230 ceterique
1987 3164 2146 3214 uitae

212 3234 514 3298 scriptores
654 3233 718 3281 16
743 3236 800 3312 et
821 3249 919 3284 om.
943 3233 1011 3283 M
1133 3233 1321 3312 patiar
1342 3232 1419 3314 M·
1531 3235 1593 3284 17
1619 3237 1675 3283 et
1701 3248 1797 3314 eos
1822 3246 1959 3314 quos
1982 3231 2152 3282 BPM

211 3299 814 3419 εωρδδωαοέἰὲηιιιιίῃῗὲ
845 3300 1853 3420 lazartiatelilsrfficnangsshgigrffiizrtgfflg
1883 3299 2077 3418 nnifatffgs
2103 3299 2147 3418 g

208 3451 320 3486 non
342 3434 667 3486 matrisdem
699 3437 904 3486 sororis
931 3437 1073 3487 Closs
1231 3436 1552 3488 christianis
1574 3437 1678 3487 BP
1832 3439 1898 3487 2⁷
1924 3437 2018 3502 qui
2049 3451 2143 3488 om.

207 3503 312 3553 BP
320 3502 336 3536 ¹
363 3505 486 3555 add.
511 3501 658 3554 P³M
788 3506 856 3554 29
877 3503 1054 3554 illihic
1075 3503 1179 3556 BP
