2517 3884
449 175 825 247 AN'rovas
860 150 1385 234 'natiocABALvs
1472 175 1529 232 e.
1576 178 1815 235 28—31.
1888 236 1891 238 ,
1983 163 2125 236 223

177 344 538 404 inuenirent.
606 343 776 404 cuius
806 342 1130 421 placuisset
1159 347 1595 411 commentum,
1631 343 1685 402 ei
1716 341 1895 403 dabat
1922 344 2106 403 maxi-

173 444 335 488 mum
377 429 742 508 praemium,
796 429 878 488 ita
931 435 1016 488 ut·
1038 429 1291 488 sericam
1345 439 1576 488 uestem
1628 427 1906 495 donaret,
1956 446 2107 507 quae

174 521 316 574 tunc
351 520 411 573 et
438 516 502 578 in
531 514 778 573 raritate
808 513 1124 574 uidebatur
1164 520 1222 572 et
1264 515 1325 572 in
1367 512 1617 573 honore,
1692 513 1743 572 si
1785 513 1877 572 ius
1910 520 2105 572 autem
2146 522 2180 569 ῖ

171 598 600 677 displicuisset,
644 597 916 666 iubebat,
964 605 1030 658 ut
1069 616 1310 676 semper
1352 597 1412 657 id
1456 606 1778 666 comesset,
1826 597 2107 677 quamdiu

123 699 147 740 5
176 693 374 744 tamen
403 682 620 743 melius
650 684 968 742 inueniret.
1032 700 1272 760 semper
1306 701 1449 742 sane
1480 689 1581 743 aut
1610 683 1770 743 inter
1799 681 1981 744 flores
2012 700 2103 746 se·
2142 692 2178 740 8

172 769 256 828 dit
287 775 388 829 aut
417 771 579 828 inter
611 767 832 828 odores
861 768 1176 846 pretiosos
1242 767 1477 827 amabat
1508 767 1621 828 sibi
1650 769 1839 847 pretia
1883 769 2109 828 maiora
2144 777 2175 825 9

172 854 288 913 (lici
319 871 528 913 earum
559 870 766 919 rerum
799 869 952 928 quae
982 870 1225 914 mensae
1247 851 1634 932 parabantur,
1670 851 1879 913 orexin
1902 855 2104 913 conui-

173 939 270 999 uio
302 937 458 998 hanc
491 956 621 998 esse
654 936 961 997 adserens,
1638 969 1643 974 -

295 1022 494 1082 Pinxit
525 1041 589 1082 se
624 1029 702 1082 ut
720 1021 1234 1100 cuppedinarium,
1271 1029 1335 1082 ut
1365 1020 1806 1101 seplasiarium,
1842 1029 1909 1082 ut
1938 1023 2105 1101 popi-
2128 1019 2222 1084 30

16 1129 18 1152 z
104 1127 148 1163 10
173 1109 436 1176 narium,
487 1114 550 1166 ut
584 1105 1018 1176 tabernarium,
1063 1114 1128 1166 ut
1158 1106 1469 1176 lenonem,
1513 1107 1696 1184 idque
1730 1114 1917 1167 totum
1950 1106 2107 1169 domi

171 1211 407 1270 semper
442 1199 502 1250 et
545 1193 831 1252 exercuit.
897 1198 1309 1252 sescentorum
1353 1193 1714 1252 strutionum
1758 1193 1949 1270 capita
1992 1189 2108 1252 una
2145 1202 2177 1250 2

171 1287 320 1338 cena·
345 1276 549 1351 multis
581 1278 804 1336 mensis
837 1275 1107 1338 exhibuit
1154 1277 1228 1337 ad
1273 1275 1503 1336 edenda
1546 1275 1861 1336 cerebella.
1940 1275 2103 1336 exhi-
2145 1288 2182 1334 3

171 1361 296 1421 buit
325 1361 646 1438 aliquando
671 1369 741 1422 ⁴et
769 1360 886 1422 tale
919 1358 1269 1422 'conuiuium
1300 1368 1365 1421 ut
1391 1361 1647 1422 haberet
1669 1363 1882 1438 uiginti
1906 1370 1967 1420 et
1990 1361 2107 1420 duo

169 1445 760 1523 fercula‘ingentium
793 1446 1134 1525 epularum,
1184 1445 1289 1506 sed
1320 1465 1430 1524 per
1462 1445 1693 1524 singula
1735 1446 2007 1508 lauarent
2051 1454 2109 1505 et

16 1535 18 1542 '
105 1549 148 1590 15
171 1531 524 1593 mulieribus
567 1537 884 1593 uterentur
932 1538 991 1591 et
1029 1533 1160 1611 ipse
1193 1539 1253 1592 et
1296 1533 1474 1592 amici
1503 1550 1640 1592 cum
1683 1533 1813 1592 iure
1859 1530 2107 1591 iurando

173 1617 328 1693 quod
373 1617 686 1677 efficerent-
731 1615 1120 1695 uoluptatem.
1201 1615 1531 1678 celebrauit
1558 1619 1701 1678 item
1735 1616 1859 1676 ‘tale
1904 1609 2107 1677 conui-
2145 1628 2185 1674 4-

172 1699 331 1765 uium
364 1709 432 1762 ut
461 1701 619 1780 apud
661 1703 882 1762 amicos
925 1701 1189 1779 singulos
1232 1701 1452 1779 singuli
1492 1704 1707 1762 missus
1750 1719 2107 1780 appararen-

171 1795 296 1856 tur,
333 1795 410 1856 et,
445 1806 582 1847 cum
627 1786 778 1848 alter
818 1793 1091 1862 maneret
1120 1788 1183 1859 in
1216 1785 1537 1865 Capitolio,
1584 1787 1733 1847 alter
1771 1785 2105 1853 in0Palatio,

16 1947 18 1952 ,
174 1871 315 1932 alter
348 1891 531 1950 super
565 1889 864 1950 aggerem,
913 1871 1065 1932 alter
1095 1873 1159 1931 in
1192 1870 1409 1940 Caelio,
1445 1870 1594 1932 alter
1624 1878 1789 1932 trans
1822 1869 2106 1937 Tiberim,

105 1976 148 2015 20
175 1965 229 2016 et
269 1967 336 2017 ut
379 1959 629 2036 quisque
673 1957 1018 2025 mansisset,
1062 1964 1264 2016 tamen
1309 1974 1420 2034 per
1464 1955 1733 2016 ordinem
1784 1956 1847 2014 in
1902 1972 2110 2014 eorum

173 2041 446 2103 domibus
479 2040 709 2119 singula
741 2040 968 2101 fercula
1003 2040 1359 2108 ederentur,
1393 2043 1703 2115 ireturque
1736 2039 1809 2098 ad
1842 2041 2109 2098 omnium

173 2127 397 2188 domos.
479 2129 565 2186 sic
610 2145 796 2186 unum
842 2127 1190 2186 conuiuium
1237 2126 1336 2183 uix
1378 2132 1501 2184 toto
1554 2125 1649 2183 die
1703 2123 1937 2183 finitum
1996 2130 2104 2190 est,-
2144 2135 2183 2180 5

173 2229 306 2272 cum
331 2223 390 2272 et
421 2211 695 2272 lauarent
723 2229 832 2289 per
865 2209 1095 2286 singula
1127 2207 1355 2269 fercula
1390 2217 1448 2269 et
1477 2207 1831 2269 mulieribus
1865 2213 2106 2268 uteren-

171 2304 285 2356 tur.
363 2295 760 2376 Sybariticum
818 2296 1066 2362 missum
1123 2312 1365 2372 semper
1418 2293 1683 2354 exhibuit
1735 2311 1820 2354 ex·
1863 2289 1995 2352 oleo
2050 2298 2107 2351 et
2144 2301 2175 2348 6

105 2398 149 2438 25
172 2398 336 2457 garo,
372 2397 548 2458 quem
581 2400 718 2459 quo*
733 2399 888 2441 anno
911 2379 1220 2460 Sybaritae
1245 2385 1668 2459 reppererunt,
1696 2385 1755 2438 et
1772 2379 2103 2457 perierunt..

173 2466 388 2526 dicitur
421 2471 482 2525 et
509 2464 750 2525 balneas
781 2466 998 2526 secisse
1031 2465 1236 2525 multis
1266 2464 1413 2524 locis
1444 2483 1512 2524 ac
1543 2463 1730 2524 semel
1759 2463 1978 2524 lauisse
2022 2470 2105 2524 at·
2144 2473 2175 2522 7
2233 2537 2240 2545 ι

173 2568 284 2627 que
317 2551 521 2612 statim
551 2550 948 2619 destruxisse,
994 2569 1068 2610 ne
1102 2569 1174 2610 ex
1219 2568 1335 2610 usu
1365 2549 1607 2612 balneas
1649 2548 1916 2609 haberet.
1993 2547 2109 2609 hoc

169 2635 446 2696 idemde
480 2635 756 2696 domibus
797 2635 870 2695 de
902 2637 1220 2714 praetoriis
1266 2635 1339 2697 de
1380 2636 1565 2696 zaetis
1606 2635 1823 2694 fecisse
1852 2633 2103 2694 dicitur.

170 2720 285 2781 Sed
319 2727 380 2782 et
409 2719 560 2782 haec
588 2727 644 2780 et
673 2723 798 2780 alia
829 2719 1116 2782 nonnulla
1147 2719 1325 2780 fidem
1355 2721 1728 2780 transeuntia
1761 2717 1941 2780 credo
1976 2736 2107 2778 esse
2142 2728 2177 2774 8

101 2807 300 2868 aoficta
344 2805 421 2868 ab
462 2807 514 2866 is
555 2807 746 2885 quiin
777 2807 1028 2882 gratiam
1057 2805 1381 2866 Alexandri
1419 2804 1867 2882 Heliogabalum
1908 2803 2105 2866 defor-

170 2893 330 2952 mare
367 2890 708 2951 uoluerunt.

291 2977 513 3036 Fertur
566 2982 626 3035 et
671 2975 1053 3080 meretricem
1105 2963 1477 3037 notissimam
1525 2981 1587 3034 et
1633 2971 2100 3064 pulcherrimam
2123 2967 2205 3030 31

267 3163 294 3210 1
323 3161 475 3211 sicus
499 3159 602 3210 BP
622 3176 714 3214 em.
741 3160 782 3210 S
940 3162 972 3210 3
999 3159 1046 3208 si
1070 3157 1275 3223 aliquis
1298 3159 1367 3209 M
1502 3160 1535 3209 5
1557 3157 1866 3208 inuenisset
1888 3157 1956 3207 M

173 3229 201 3276 6
223 3229 404 3294 pretia
429 3245 612 3278 rerum
633 3226 800 3278 BPM
917 3230 948 3278 9
976 3227 1429 3293 coppedinarium
1452 3226 1619 3277 BPM
1636 3243 1727 3277 em.
1754 3225 1796 3275 S
1907 3227 1971 3276 10
1992 3224 2107 3276 leo-

173 3295 394 3347 nemrB¹
535 3299 596 3346 11
623 3300 682 3346 et
705 3313 797 3348 om.
825 3295 889 3345 M
1026 3296 1285 3358 17 misus
1308 3294 1358 3346 B
1483 3296 1546 3344 19
1572 3293 1712 3344 celio
1736 3293 1789 3342 B
1898 3295 1963 3343 22
1986 3293 2107 3343 fini-

172 3367 256 3414 tus
278 3364 386 3415 BP
408 3364 484 3428 (ut
507 3363 634 3428 uid.)
773 3365 840 3414 24
865 3363 1084 3413 exoleto
1108 3362 1188 3412 B¹
1327 3364 1395 3413 25
1420 3362 1651 3412 sibarite
1674 3361 1743 3426 B,
1863 3363 2109 3426 periece-

169 3438 292 3482 runt
316 3431 422 3482 BP
580 3433 645 3481 26
671 3435 729 3481 et
754 3447 844 3482 om.
874 3431 941 3481 M
1074 3433 1140 3482 28
1165 3431 1309 3482 cetis
1332 3429 1383 3479 B
1407 3430 1549 3481 zetis
1571 3425 1687 3480 PM
1818 3431 1885 3479 29
1910 3433 1967 3480 et
1992 3429 2105 3480 alia

167 3502 285 3552 add.
313 3499 357 3550 G
483 3503 635 3552 esset
656 3499 788 3552 ficta
811 3499 916 3550 BP
937 3515 1004 3550 an
1029 3513 1152 3550 esse
1177 3497 1404 3564 efficta?
1544 3501 1611 3552 30
1631 3497 1721 3550 his
1742 3497 1910 3550 BPM
