2517 3884
928 173 1156 232 CARVS.
1246 175 1305 232 c.
1350 179 1519 232 4-8,
2063 170 2193 237 219

242 359 549 406 consensu
579 341 845 402 omnium
877 340 1134 402 militum
1166 339 1391 408 bellum
1422 341 1747 412 Persicum,
1777 342 1939 422 quod
1956 342 2189 404 Probus

244 426 513 508 parabat,
559 427 876 504 adgressus
919 434 1010 487 est
1057 425 1269 488 liberis
1308 425 1663 488 Caesaribus
1702 429 2106 506 nuncupatis„
2131 434 2191 488 et

243 516 326 574 ita
359 511 602 591 quidem
633 518 702 572 ut
729 511 1010 572 Carinum
1039 509 1115 571 ad
1146 509 1366 571 Gallias
1387 510 1639 572 tuendas
1664 529 1801 573 cnm
1826 513 1977 572 uiris
1989 511 2188 574 lectis·

243 599 414 660 simis
453 596 798 664 destinaret,
831 613 1036 656 secum
1067 613 1214 656 uero
1245 595 1695 666 Numerianum,
1742 595 2189 658 adulescentem

166 694 220 738 ’5
249 701 387 744 cum
429 681 820 742 lectissimum
859 687 988 740 tum
1031 681 1210 742 etiam
1251 679 1744 751 disertissimum,
1790 681 2054 742 duceret.
2130 688 2191 742 et
2224 691 2257 740 2
2368 755 2383 760 ἢ

247 768 466 828 dicitur
497 765 734 846 quidem
767 783 948 845 saepe
979 764 1219 834 dixisse,
1255 783 1321 826 se
1351 766 1657 835 miserum,
1720 766 1877 843 quod
1909 765 2193 828 Carinum

247 851 321 913 ad
357 850 578 913 Gallias
607 850 943 930 principem
974 851 1253 920 mitteret,
1311 865 1511 928 neque
1550 849 1651 910 illa
1680 857 1841 912 aetas
1874 856 2035 911 esset
2064 849 2188 910 Nu-

246 937 504 998 meriani
533 941 598 995 ut
626 934 713 995 illi
743 933 1131 1003 Gallicanum,
1165 932 1324 1014 quod
1348 935 1604 996 maxime
1628 942 1997 998 constantem
2010 935 2191 1014 ‘prin-

251 1023 446 1100 cipem
473 1021 729 1100 quaerit,
764 1018 1113 1080 crederetur
1142 1019 1483 1098 imperium.
1546 1018 1653 1079 sed
1684 1017 1831 1079 haec
1862 1018 2021 1080 alias.
2055 1037 2193 1080 nam
2218 1029 2261 1090 ,3

175 1121 226 1161 ιο
251 1111 456 1166 extant
487 1105 665 1165 etiam
695 1103 929 1164 litterae
941 1103 1095 1172 Cari,
1124 1103 1343 1182 quibus
1373 1111 1517 1182 aput
1542 1103 1911 1183 praefectum
1934 1121 2107 1164 suum
2122 1103 2196 1163 de

251 1190 454 1251 Carini
495 1189 767 1249 moribus
807 1196 1115 1266 queratur,
1165 1195 1228 1248 ut
1270 1194 1556 1267 appareat
1604 1205 1819 1248 uerum
1862 1205 1995 1248 esse
2036 1187 2197 1265 quod

251 1274 574 1336 Onesimus
605 1273 766 1340 dicit,
800 1271 1080 1333 habuisse
1109 1274 1172 1332 in
1203 1274 1405 1332 animo
1437 1271 1675 1340 Carum,
1708 1278 1775 1332 ut
1805 1270 2019 1333 Carino
2050 1272 2195 1332 Cae-

249 1375 572 1419 sareanum
621 1357 944 1435 abrogaret
991 1358 1334 1436 imperium.
1410 1356 1518 1418 sed
1560 1355 1736 1425 haec,
1797 1361 1866 1417 ut
1918 1355 2192 1424 diximus,
2231 1365 2266 1414 4

253 1443 397 1504 alias
438 1445 500 1502 in
542 1444 731 1521 ipsius
759 1442 960 1502 Carini
990 1443 1110 1503 uita
1153 1441 1404 1502 dicenda
1436 1447 1592 1502 sunt.
1627 1458 1789 1501 nunc
1820 1440 1893 1501 ad
1924 1440 2195 1501 ordinem

177 1543 228 1584 15
254 1532 657 1589 reuertemur.
1439 1581 1445 1586 .

213 1611 218 1618 '
382 1612 618 1689 Ingenti
677 1618 965 1690 apparatu
1023 1616 1084 1670 et
1143 1611 1284 1670 totis
1343 1609 1576 1672 uiribus
1636 1608 1823 1669 Probi
1880 1608 2199 1688 profligato
2229 1605 2269 1670 8

255 1713 470 1774 magna
512 1715 582 1756 ex
624 1702 796 1775 parte
839 1694 995 1755 bello
1039 1694 1390 1763 Sarmatico,
1452 1694 1609 1772 quod
1666 1692 1932 1772 gerebat,
1992 1703 2201 1755 contra

251 1781 473 1842 Persas
501 1781 808 1859 profectus
837 1778 999 1841 nullo
1031 1779 1145 1840 sibi
1177 1787 1537 1840 occurrente
1566 1779 2057 1858 Mesopotamiam
2091 1778 2197 1838 Ca·

253 1885 362 1927 rus
392 1866 551 1945 cepit
583 1876 640 1924 et
673 1865 1058 1926 Ctesifontem
1093 1881 1284 1941 usque
1314 1865 1592 1943 peruenit
1605 1865 2031 1942 occupatisque
2056 1863 2200 1922 Per-

177 1965 230 2006 20
257 1952 340 2012 sis
371 1950 697 2010 domestica
727 1948 1018 2010 seditione
1041 1949 1425 2028 imperatoris
1442 1947 1670 2009 Persici
1682 1965 1903 2008 nomen
1924 1948 2198 2007 emeruit.

257 2053 474 2096 uerum
505 2051 638 2096 cum
682 2033 892 2095 auidus
920 2033 1166 2112 gloriae,
1198 2033 1505 2112 praefecto
1526 2051 1634 2093 suo
1648 2033 1905 2092 maxime
1926 2039 2197 2110 urge-nte,
2237 2039 2269 2088 2

258 2121 362 2197 qui
408 2126 467 2179 et
519 2120 638 2197 ipsi
680 2127 739 2179 et
781 2117 900 2178 filio
953 2119 1087 2178 eius
1141 2115 1470 2194 quaerebat
1512 2117 1757 2177 exitium
1802 2117 2049 2195 cupiens
2090 2117 2203 2174 im-

257 2221 495 2284 perare,
528 2201 764 2280 longius
805 2218 1162 2282 progressus
1205 2209 1383 2271 esset,
1417 2209 1485 2261 ut
1516 2199 1613 2260 alii
1642 2200 1850 2260 dicunt
1878 2199 2108 2268 morbo,
2142 2207 2205 2259 ut

257 2288 466 2369 plures
507 2286 756 2348 fulmine
795 2289 1192 2365 interemptus
1236 2293 1346 2346 est.
1414 2286 1622 2364 negari
1669 2302 1790 2345 non
1839 2291 2068 2364 potest,
2133 2302 2203 2344 eo
2241 2293 2274 2342 3

179 2389 235 2430 25
261 2383 534 2452 tempore
595 2388 714 2449 quo
771 2372 953 2452 periit
1007 2378 1240 2432 tantum
1299 2372 1485 2432 fuisse
1529 2369 1727 2431 subito
1768 2371 2097 2430 tonitruum
2141 2375 2208 2429 ut

259 2456 433 2518 multi
487 2465 724 2518 terrore
775 2458 908 2536 ipso
951 2457 1272 2516 exanimati
1313 2473 1445 2516 esse
1489 2454 1784 2516 dicantur.
1847 2473 1987 2515 cum
2024 2455 2208 2532 igitur

264 2548 604 2620 aegrotaret
647 2548 822 2620 atque
863 2543 926 2601 in
971 2543 1228 2603 tentorio
1271 2541 1513 2610 iaceret,
1558 2540 1787 2620 ingenti
1820 2546 2024 2600 exorta
2058 2545 2207 2598 tem-

256 2632 496 2706 pestate
525 2627 749 2686 inmani
779 2626 1212 2695 coruscatione,
1247 2627 1602 2694 inmaniore,
1646 2631 1715 2685 ut
1744 2623 2021 2692 diximus,
2054 2624 2209 2682 toni·

263 2719 362 2772 tru
395 2710 765 2771 exanimatus
796 2716 904 2771 est.
968 2709 1152 2771 Iulius
1185 2709 1561 2788 Calpurnius,
1606 2710 1711 2788 qui
1741 2708 1815 2768 ad
1856 2709 2207 2768 memoriam
2243 2716 2279 2764 4

346 2916 354 2924 .
403 2879 430 2927 1
460 2892 728 2929 concessu
750 2877 855 2927 BP
963 2877 1274 2942 persiccum
1296 2874 1425 2926 B¹P
1556 2877 1592 2925 4
1616 2890 1739 2925 cum
1764 2889 1821 2924 se
1846 2873 1899 2924 B
2012 2875 2214 2924 Nume-

265 2948 486 2997 rianum
507 2972 574 2981 —
600 2945 747 3010 quod
772 2943 1034 2996 Carinum
1059 2961 1157 2997 om.
1183 2945 1250 2994 M
1344 2942 1749 2994 aduliscentem
1774 2939 1905 2992 ΒΡ3
1929 2940 2214 2990 adulicen·

265 3019 384 3064 tem
408 3012 486 3063 P¹
513 3011 963 3076 (audulecentem
985 3011 1064 3062 P¹
1091 3019 1129 3062 t.
1153 3009 1329 3075 Iov-aL)
1469 3012 1503 3060 6
1528 3007 1694 3075 quod]
1731 3012 1794 3059 ut
1827 3006 1906 3058 P¹
2050 3010 2081 3057 ‘1
2118 3023 2216 3057 ue-

265 3087 360 3132 tas
385 3079 457 3130 Βι
610 3083 674 3131 10
700 3085 898 3130 extans
923 3081 975 3129 B
1119 3079 1232 3129 iam
1254 3078 1424 3130 BPM
1442 3078 1614 3128 etiam
1636 3092 1730 3129 em.
1756 3077 1799 3127 G
1956 3077 2019 3126 11
2047 3091 2217 3140 quae-

265 3153 428 3200 ratur
450 3146 553 3197 BP
574 3148 826 3213 queritur
847 3148 918 3198 M
1061 3149 1124 3197 12
1147 3143 1231 3212 ut]
1260 3151 1361 3196 aut
1383 3143 1459 3195 B¹
1619 3147 1687 3194 14
1708 3145 1769 3195 in
1790 3144 1915 3194 uita
1938 3143 2132 3194 Carini
2154 3143 2223 3193 M

407 3218 474 3266 15
497 3219 844 3266 reuertamur
867 3216 932 3266 M
969 3217 978 3224 ’
1091 3215 1156 3264 16
1179 3214 1357 3264 totius
1380 3211 1486 3262 BP
1636 3213 1701 3262 1⁷
1726 3227 1926 3278 mag-no
1948 3209 2079 3262 BP¹

271 3285 339 3334 18
361 3283 762 3348 mesop‘otamia
788 3280 841 3331 B
990 3284 1054 3333 19
1079 3281 1411 3332 tesifontem
1435 3278 1643 3344 BP(M)
1788 3282 1857 3330 20
1878 3280 2033 3345 persi
2056 3278 2225 3328 BPM

407 3353 474 3401 21
501 3351 756 3416 profecto
786 3349 886 3402 BP
1043 3350 1305 3414 iurgante
1329 3348 1499 3398 BPM
1527 3350 1719 3400 emend.
1750 3350 1805 3398 in
1836 3350 1975 3399 misc.
2014 3347 2217 3399 obsera.

271 3417 578 3484 (Em-ceule.)
739 3420 806 3468 22
829 3417 933 3468 filii
958 3416 1124 3467 BPM
1145 3416 1256 3466 filio
1280 3417 1472 3482 scripsi
1614 3417 1682 3466 26
1706 3415 2009 3466 examinati
2034 3415 2086 3463 B

271 3487 340 3536 29
366 3485 718 3536 examinatus
745 3483 796 3534 B
943 3485 1063 3536 iubs
1093 3483 1146 3533 B
1167 3485 1359 3534 iubius
1381 3484 1448 3536 M
1592 3483 1788 3536 Iunius
1812 3485 1880 3536 M
2024 3495 2223 3546 capur-
