2517 3884
433 163 518 228 62
1117 170 1181 228 LV
1184 169 1270 226 Lll
1312 169 1677 240 CAPITOHNI

437 335 718 398 Victualis
773 337 876 397 Osi
926 336 1093 396 Bessi
1148 336 1405 398 Cobotes
1456 334 1746 397 Roxolani
1796 337 2123 396 Basternae
2154 335 2373 397 Halani

435 423 681 484 Peucini
736 419 1064 482 Costoboci.
1114 420 1442 481 inminebat
1502 430 1561 482 et
1618 421 1961 482 Parthicum
2019 420 2245 482 bellum
2307 429 2373 482 et

368 519 400 568 2
436 508 846 568 Brittanicum.
883 523 1096 582 magno
1127 507 1310 584 igitur
1339 505 1546 566 labore
1578 507 1755 566 etiam
1786 525 1891 566 suo
1915 514 2123 584 gentes
2154 525 2365 584 asper-

436 594 619 652 rimas
666 593 810 652 uicit
839 589 1121 651 militibus
1163 609 1297 652 sese
1339 591 1739 659 imitantibuS,
1784 590 2141 652 ducentibus
2186 593 2370 652 etiam

439 678 768 738 exercitum
796 675 1008 752 legatis
1053 683 1110 736 et
1150 677 1469 756 praesectis
1509 678 1842 755 praetori0,
1904 678 2255 756 accepitque
2300 679 2369 737 in
2430 692 2459 732 5

437 763 798 824 deditionem
838 761 1291 822 Marcomannos
1350 760 1628 840 plurimis
1686 762 1749 822 in
1792 759 2018 822 Italiam
2048 762 2364 823 traductis.

369 861 403 909 3
439 847 690 926 Semper
719 865 864 907 sane
893 863 1030 922 cum
1065 845 1451 926 optimatibus
1482 865 1601 906 non
1632 846 1823 908 solum
1854 846 2097 908 bellicas
2128 865 2227 908 res
2259 847 2370 906 sed

366 945 402 994 4
437 934 612 993 etiam
645 930 868 1000 ciuileS,
914 933 1263 1009 priusquam
1305 932 1530 992 faceret
1573 930 1827 1010 aliquid,
1875 931 2144 993 contulit.
2195 931 2370 992 deni-

437 1035 553 1094 que
586 1017 878 1077 sententia
908 1015 1068 1077 illius
1097 1017 1419 1096 praecipua
1450 1035 1687 1095 semper
1716 1016 1864 1077 haec
1894 1017 2037 1078 fuit:
2069 1019 2369 1094 „aequius

436 1110 543 1170 est,
576 1109 642 1162 ut
673 1119 783 1178 ego
815 1109 901 1162 tot
932 1101 1134 1162 talium
1165 1102 1496 1186 amicorum
1540 1101 1851 1163 consilium
1884 1119 2134 1179 sequar,
2184 1120 2370 1181 quam
2400 1118 2454 1157 ιο

434 1196 499 1248 ut
527 1193 616 1248 tot
654 1185 804 1247 tales
863 1188 1036 1247 amici
1092 1205 1288 1248 meam
1350 1187 1522 1247 unius
1565 1185 1930 1247 uoluntatem
1971 1195 2368 1264 sequantur.“

366 1285 399 1332 5
436 1290 578 1332 sane
619 1273 756 1348 quia
809 1270 1000 1332 durus
1042 1270 1357 1332 uidebatur
1404 1289 1475 1332 ex
1531 1270 1945 1350 philosophiae
1986 1273 2370 1334 institutione

435 1359 670 1419 Marcus
702 1356 775 1416 ad
808 1356 1049 1418 militiae
1079 1356 1319 1417 labores
1349 1364 1525 1435 atque
1569 1356 1641 1417 ad
1682 1371 1921 1418 omnem
1954 1359 2133 1419 uitam
2164 1359 2368 1434 graui-

367 1453 398 1502 6
437 1450 528 1502 ter
559 1440 932 1520 carpebatur,
969 1441 1073 1502 sed
1105 1440 1258 1502 male
1290 1441 1669 1518 loquentibus
1698 1441 1797 1502 uel
1828 1460 2105 1504 sermone
2135 1441 2234 1502 uel
2265 1441 2368 1501 lit-

365 1540 395 1587 7
435 1528 578 1588 teris
589 1525 1005 1605 respondebat.
1026 1526 1100 1586 Et
1114 1525 1283 1586 multi
1296 1525 1529 1587 nobiles
1538 1525 2051 1588 belloGermanico
2066 1529 2195 1588 siue
2204 1527 2365 1588 Mar·
2398 1542 2451 1582 15

433 1611 782 1673 comannico
803 1612 985 1671 immo
1010 1610 1402 1689 plurimarum
1437 1612 1699 1688 gentium
1724 1612 2099 1672 interierunt.
2146 1613 2368 1689 quibus

365 1709 398 1757 8
434 1695 709 1757 omnibus
733 1702 957 1756 statuas
984 1697 1046 1756 in
1069 1697 1200 1756 foro
1218 1695 1389 1774 leio
1412 1695 1764 1758 conlocauit.
1800 1715 1983 1774 quare
2014 1697 2368 1776 frequenter

433 1782 606 1842 amici
629 1787 960 1849 suaserunt,
1000 1787 1063 1841 ut
1097 1799 1129 1841 a
1152 1779 1327 1842 bellis
1364 1780 1699 1842 discederet
1730 1789 1787 1842 et
1822 1781 2071 1843 Romam
2101 1783 2365 1852 ueniret,

432 1865 536 1928 sed
560 1865 659 1927 ille
685 1867 1044 1944 contempsit
1061 1884 1129 1926 ac
1143 1867 1404 1943 perstitit
1422 1883 1536 1926 nec
1557 1868 1725 1945 prius
1744 1868 2011 1936 recessit,
2030 1884 2207 1944 quam
2233 1886 2366 1928 om-

279 2021 284 2024 ,
364 1965 396 2013 9
431 1953 528 2012 nia
551 1950 706 2012 bella
740 1952 953 2011 finiret.
993 1951 1339 2012 Prouincias
1361 1969 1433 2011 ex
1461 1950 1985 2030 proconsularibus
2014 1953 2367 2014 consulares
2396 1967 2448 2006 20

433 2044 535 2097 aut
573 2055 646 2097 ex
671 2035 1088 2097 consularibus
1118 2035 1577 2115 proconsulares
1600 2044 1701 2098 aut
1728 2039 2059 2116 praetorias
2084 2055 2197 2116 pro
2218 2037 2370 2102 belli

332 2134 406 2183 10·
431 2123 782 2182 necessitate
813 2122 968 2182 fecit.
996 2139 1096 2182 res
1121 2123 1294 2182 etiam
1319 2123 1381 2182 in
1409 2121 1698 2199 Sequanis
1718 2121 1985 2183 turbatas
2018 2140 2269 2183 censura
2304 2131 2369 2183 et

330 2217 393 2265 11
431 2208 780 2268 auctoritate
810 2208 1115 2285 repressit.
1166 2208 1509 2284 conpositae
1539 2225 1638 2267 res
1670 2215 1728 2268 et
1758 2210 1819 2268 in
1848 2207 2160 2285 Hispania,
2208 2226 2367 2286 quae

330 2302 392 2350 12
429 2308 538 2368 per
567 2289 930 2352 Lusitaniam
959 2290 1232 2351 turbatae
1266 2299 1451 2352 erant.
1529 2291 1679 2352 Filio
1713 2291 2038 2352 Commodo
2069 2295 2366 2353 arcessito
2475 2297 2476 2346 ξ

429 2374 504 2434 ad
534 2372 780 2435 limitem
811 2383 1006 2452 togam
1040 2375 1276 2435 uirilem
1308 2376 1485 2449 dedit,
1520 2393 1701 2452 quare
1734 2377 2102 2452 congiarium
2131 2377 2364 2456 populo
2394 2390 2445 2432 25
2474 2375 2476 2396 ³

430 2459 630 2520 diuisit
661 2465 721 2518 et
749 2477 883 2518 eum
915 2465 1052 2518 ante
1085 2466 1318 2539 tempus
1350 2459 1653 2521 consulem
1686 2459 2037 2536 designauit.

326 2543 410 2607 23
561 2543 624 2604 Si
655 2545 784 2622 quis
814 2558 1095 2619 umquam
1125 2545 1499 2622 proscriptus
1532 2551 1622 2604 est
1650 2565 1685 2606 a
1705 2544 2011 2623 praefecto
2043 2544 2199 2614 urbi,
2236 2544 2366 2609 no1i

364 2646 394 2694 2
431 2627 686 2689 libenter
719 2629 962 2706 accepit.
1013 2629 1140 2706 ipse
1193 2629 1253 2688 in
1297 2628 1711 2706 largitionibus
1750 2630 2041 2708 pecuniae
2080 2630 2365 2710 publicae

427 2714 810 2792 parcissimus
841 2711 968 2781 fuit,
1003 2712 1160 2789 quod
1193 2711 1353 2774 laudi
1382 2715 1581 2792 potius
1611 2715 1785 2776 datur
1816 2732 1992 2793 quam
2023 2715 2359 2794 reprehen-

361 2816 392 2864 3
429 2799 600 2868 sioni,
634 2796 739 2858 sed
770 2804 968 2858 tamen
1001 2804 1060 2857 et
1091 2797 1260 2858 bonis
1306 2799 1451 2860 uiris
1492 2802 1777 2878 pecunias
1820 2799 1983 2861 dedit
2024 2807 2081 2861 et
2122 2801 2362 2880 oppidis
2392 2815 2441 2856 30

428 2882 766 2944 labentibus
825 2882 1108 2943 auxilium
1171 2882 1306 2944 tulit
1348 2893 1407 2943 et
1448 2883 1671 2946 tributa
1703 2883 1799 2947 uel
1842 2884 2184 2963 uectigalia,
2250 2885 2360 2947 ubi

359 2984 394 3033 4
429 2969 750 3028 necessitas
793 2967 1070 3046 cogebat,
1119 2970 1366 3030 remisit.
1440 2969 1659 3031 absens
1701 2969 1905 3050 populi
1946 2969 2198 3030 Romani
2242 2989 2357 3032 uo-

532 3158 558 3200 1
595 3154 809 3203 sosibes
846 3155 1123 3206 sicobotes
1155 3154 1208 3204 B
1219 3155 1342 3204 PM
1380 3172 1470 3206 em.
1498 3157 1908 3220 Muellenhoffius
2068 3158 2098 3205 2
2134 3156 2358 3219 peutini

425 3221 593 3270 BPM
724 3223 754 3270 6
778 3237 1194 3272 marcomannus
1217 3221 1339 3273 BP¹
1480 3227 1538 3274 11
1567 3229 1868 3289 sequentur
1890 3220 1961 3273 B¹
2088 3225 2150 3271 12
2178 3227 2235 3272 et
2261 3225 2356 3288 ph.

424 3288 834 3340 institutionem
865 3289 969 3340 BP
1035 3301 1040 3308 ·
1127 3293 1192 3340 14
1227 3295 1560 3356 carpep‘atur
1582 3292 1633 3341 B
1777 3291 2095 3355 loquentum
2118 3289 2241 3340 BP¹
2275 3291 2359 3342 lo-

427 3361 690 3422 quentum
716 3357 882 3406 dictis
906 3356 1036 3407 P³M
1058 3358 1413 3422 loquentibus
1438 3361 1627 3423 scripsi
1642 3361 1769 3422 fort.
1796 3361 1944 3410 etiam
1964 3359 2039 3408 sic
2059 3358 2221 3408 scribi
2236 3368 2361 3422 pot-

426 3432 503 3474 est
523 3424 866 3488 loquentium
897 3425 990 3476 uel
1021 3427 1258 3478 sermoni
1400 3429 1462 3478 18
1496 3432 1554 3476 et
1578 3443 1670 3479 om.
1696 3426 1748 3477 B
1884 3428 1949 3477 23
1984 3429 2040 3475 et
2075 3424 2216 3491 hisp.
2251 3426 2363 3478 BP

427 3490 543 3557 (sic)
569 3493 628 3541 in
652 3493 810 3556 Hisp.
838 3493 903 3542 M
928 3498 986 3544 et
1007 3493 1066 3542 in
1089 3497 1281 3558 scripsi
1412 3496 1479 3545 28
1503 3494 1758 3546 bublicae
1784 3493 1834 3544 B

447 3687 466 3738 ἢ
