<?xml version="1.0" encoding="UTF-8"?>
<!DOCTYPE html PUBLIC "-//W3C//DTD XHTML 1.0 Transitional//EN"
    "http://www.w3.org/TR/xhtml1/DTD/xhtml1-transitional.dtd">
<html xmlns="http://www.w3.org/1999/xhtml" xml:lang="en" lang="en">
 <head>
  <title>
</title>
<meta http-equiv="Content-Type" content="text/html;charset=utf-8" />
  <meta name='ocr-system' content='tesseract 3.04.00' />
  <meta name='ocr-capabilities' content='ocr_page ocr_carea ocr_par ocr_line ocrx_word'/>
</head>
<body>
  <div class='ocr_page' id='page_1' title='image "./scriptoreshisto02petegoog_0107.png"; bbox 0 0 2517 3884; ppageno 0'>
   <div class='ocr_carea' id='block_1_1' title="bbox 387 177 1641 244">
    <p class='ocr_par' dir='ltr' id='par_1_1' title="bbox 387 177 1641 244">
     <span class='ocr_line' id='line_1_1' title="bbox 387 177 1641 244; baseline 0.001 -2"><span class='ocrx_word' id='word_1_1' title='bbox 387 177 476 242; x_wconf 83' lang='lat' dir='ltr'><strong>&#39;&#39;IO</strong></span> <span class='ocrx_word' id='word_1_2' title='bbox 1074 185 1230 242; x_wconf 87' lang='lat' dir='ltr'>IVLII</span> <span class='ocrx_word' id='word_1_3' title='bbox 1270 184 1641 244; x_wconf 78' lang='lat' dir='ltr'><strong>CAPI&#39;I&#39;OLINI</strong></span> 
     </span>
    </p>
   </div>
   <div class='ocr_carea' id='block_1_2' title="bbox 187 349 2476 2732">
    <p class='ocr_par' dir='ltr' id='par_1_2' title="bbox 321 349 2325 430">
     <span class='ocr_line' id='line_1_2' title="bbox 321 349 2325 430; baseline 0.004 -20"><span class='ocrx_word' id='word_1_4' title='bbox 321 358 356 406; x_wconf 80' lang='lat'>2</span> <span class='ocrx_word' id='word_1_5' title='bbox 393 349 464 412; x_wconf 85' lang='lat' dir='ltr'><strong>lis</strong></span> <span class='ocrx_word' id='word_1_6' title='bbox 503 351 635 413; x_wconf 83' lang='lat' dir='ltr'><strong>fuit.</strong></span> <span class='ocrx_word' id='word_1_7' title='bbox 695 352 1046 430; x_wconf 84' lang='lat' dir='ltr'><strong>mediusque</strong></span> <span class='ocrx_word' id='word_1_8' title='bbox 1085 352 1246 413; x_wconf 89' lang='lat' dir='ltr'><strong>inter</strong></span> <span class='ocrx_word' id='word_1_9' title='bbox 1277 354 1451 414; x_wconf 83' lang='lat' dir='ltr'><strong>Pium</strong></span> <span class='ocrx_word' id='word_1_10' title='bbox 1494 359 1557 414; x_wconf 88' lang='lat' dir='ltr'><strong>et</strong></span> <span class='ocrx_word' id='word_1_11' title='bbox 1583 354 1847 416; x_wconf 83' lang='lat' dir='ltr'><strong>Marcum</strong></span> <span class='ocrx_word' id='word_1_12' title='bbox 1888 354 2047 416; x_wconf 86' lang='lat' dir='ltr'><strong>idem</strong></span> <span class='ocrx_word' id='word_1_13' title='bbox 2080 355 2325 426; x_wconf 81' lang='lat' dir='ltr'><strong>resedit,</strong></span> 
     </span>
    </p>

    <p class='ocr_par' dir='ltr' id='par_1_3' title="bbox 328 436 2323 519">
     <span class='ocr_line' id='line_1_3' title="bbox 328 436 2323 519; baseline 0.006 -27"><span class='ocrx_word' id='word_1_14' title='bbox 328 444 362 492; x_wconf 87' lang='grc'><strong>3</strong></span> <span class='ocrx_word' id='word_1_15' title='bbox 397 454 532 498; x_wconf 87' lang='lat' dir='ltr'><strong>cum</strong></span> <span class='ocrx_word' id='word_1_16' title='bbox 564 446 843 518; x_wconf 79' lang='lat' dir='ltr'><strong>quaestor</strong></span> <span class='ocrx_word' id='word_1_17' title='bbox 872 436 1093 518; x_wconf 86' lang='lat' dir='ltr'><strong>populo</strong></span> <span class='ocrx_word' id='word_1_18' title='bbox 1123 457 1342 499; x_wconf 90' lang='lat' dir='ltr'><strong>munus</strong></span> <span class='ocrx_word' id='word_1_19' title='bbox 1372 438 1560 500; x_wconf 71' lang='lat' dir='ltr'><strong>claret.</strong></span> <span class='ocrx_word' id='word_1_20' title='bbox 1622 447 1757 519; x_wconf 82' lang='lat' dir='ltr'><strong>post</strong></span> <span class='ocrx_word' id='word_1_21' title='bbox 1788 448 2171 518; x_wconf 73' lang='lat' dir='ltr'><strong>quaesturam</strong></span> <span class='ocrx_word' id='word_1_22' title='bbox 2202 449 2323 504; x_wconf 87' lang='lat' dir='ltr'><strong>sta-</strong></span> 
     </span>
    </p>

    <p class='ocr_par' dir='ltr' id='par_1_4' title="bbox 239 507 2403 774">
     <span class='ocr_line' id='line_1_4' title="bbox 247 507 2325 602; baseline 0.003 -21"><span class='ocrx_word' id='word_1_23' title='bbox 247 540 288 570; x_wconf 70' lang='lat' dir='ltr'><strong>a·</strong></span> <span class='ocrx_word' id='word_1_24' title='bbox 300 507 494 602; x_wconf 63' lang='lat' dir='ltr'><strong>,5—4tim</strong></span> <span class='ocrx_word' id='word_1_25' title='bbox 535 523 744 584; x_wconf 86' lang='lat' dir='ltr'><strong>consul</strong></span> <span class='ocrx_word' id='word_1_26' title='bbox 801 530 892 583; x_wconf 88' lang='lat' dir='ltr'><strong>est</strong></span> <span class='ocrx_word' id='word_1_27' title='bbox 940 524 1130 584; x_wconf 79' lang='lat' dir='ltr'><strong>sactus</strong></span> <span class='ocrx_word' id='word_1_28' title='bbox 1170 541 1313 584; x_wconf 84' lang='lat' dir='ltr'><strong>cum</strong></span> <span class='ocrx_word' id='word_1_29' title='bbox 1355 524 1559 586; x_wconf 84' lang='lat' dir='ltr'><strong>Sextio</strong></span> <span class='ocrx_word' id='word_1_30' title='bbox 1600 524 1914 587; x_wconf 83' lang='lat' dir='ltr'><strong>Laterano.</strong></span> <span class='ocrx_word' id='word_1_31' title='bbox 1991 528 2325 588; x_wconf 85' lang='lat' dir='ltr'><strong>interiectis</strong></span> 
     </span>
     <span class='ocr_line' id='line_1_5' title="bbox 187 605 2324 673; baseline 0.002 -5.125"><span class='ocrx_word' id='word_1_32' title='bbox 187 605 358 672; x_wconf 81' lang='lat'><strong>,⁹¹³4</strong></span> <span class='ocrx_word' id='word_1_33' title='bbox 387 609 562 669; x_wconf 83' lang='lat' dir='ltr'><strong>annis</strong></span> <span class='ocrx_word' id='word_1_34' title='bbox 613 627 748 670; x_wconf 90' lang='lat' dir='ltr'><strong>cum</strong></span> <span class='ocrx_word' id='word_1_35' title='bbox 799 609 1000 669; x_wconf 82' lang='lat' dir='ltr'><strong>Marco</strong></span> <span class='ocrx_word' id='word_1_36' title='bbox 1051 611 1239 670; x_wconf 81' lang='lat' dir='ltr'><strong>fratre</strong></span> <span class='ocrx_word' id='word_1_37' title='bbox 1280 611 1499 672; x_wconf 87' lang='lat' dir='ltr'><strong>iterum</strong></span> <span class='ocrx_word' id='word_1_38' title='bbox 1542 611 1735 670; x_wconf 79' lang='lat' dir='ltr'><strong>faetus</strong></span> <span class='ocrx_word' id='word_1_39' title='bbox 1778 618 1870 672; x_wconf 87' lang='lat' dir='ltr'><strong>est</strong></span> <span class='ocrx_word' id='word_1_40' title='bbox 1911 612 2143 673; x_wconf 80' lang='lat' dir='ltr'><strong>consul.</strong></span> <span class='ocrx_word' id='word_1_41' title='bbox 2224 611 2324 673; x_wconf 88' lang='lat' dir='ltr'><strong>diu</strong></span> 
     </span>
     <span class='ocr_line' id='line_1_6' title="bbox 187 639 2403 774; baseline 0 -21"><span class='ocrx_word' id='word_1_42' title='bbox 187 639 306 708; x_wconf 80' lang='lat'><strong>¹⁶</strong></span> <span class='ocrx_word' id='word_1_43' title='bbox 391 700 588 756; x_wconf 85' lang='lat' dir='ltr'><strong>autem</strong></span> <span class='ocrx_word' id='word_1_44' title='bbox 619 701 680 754; x_wconf 92' lang='lat' dir='ltr'><strong>et</strong></span> <span class='ocrx_word' id='word_1_45' title='bbox 707 694 977 772; x_wconf 82' lang='lat' dir='ltr'><strong>priuatus</strong></span> <span class='ocrx_word' id='word_1_46' title='bbox 1007 693 1118 754; x_wconf 79' lang='lat' dir='ltr'><strong>suit</strong></span> <span class='ocrx_word' id='word_1_47' title='bbox 1151 701 1213 754; x_wconf 90' lang='lat' dir='ltr'><strong>et</strong></span> <span class='ocrx_word' id='word_1_48' title='bbox 1241 712 1310 755; x_wconf 88' lang='lat' dir='ltr'><strong>ea</strong></span> <span class='ocrx_word' id='word_1_49' title='bbox 1335 693 1787 757; x_wconf 83' lang='lat' dir='ltr'><strong>honorificentia</strong></span> <span class='ocrx_word' id='word_1_50' title='bbox 1818 699 2008 757; x_wconf 85' lang='lat' dir='ltr'><strong>caruit</strong></span> <span class='ocrx_word' id='word_1_51' title='bbox 2030 714 2141 774; x_wconf 85' lang='lat' dir='ltr'><strong>qua</strong></span> <span class='ocrx_word' id='word_1_52' title='bbox 2166 697 2321 759; x_wconf 77' lang='lat' dir='ltr'><strong>Mar·</strong></span> <span class='ocrx_word' id='word_1_53' title='bbox 2376 713 2403 753; x_wconf 89' lang='lat'>5</span> 
     </span>
    </p>

    <p class='ocr_par' dir='ltr' id='par_1_5' title="bbox 322 778 2322 1018">
     <span class='ocr_line' id='line_1_7' title="bbox 322 778 2320 862; baseline 0.003 -24"><span class='ocrx_word' id='word_1_54' title='bbox 322 787 354 838; x_wconf 82' lang='lat'><strong>5</strong></span> <span class='ocrx_word' id='word_1_55' title='bbox 389 797 494 840; x_wconf 88' lang='lat' dir='ltr'><strong>cus</strong></span> <span class='ocrx_word' id='word_1_56' title='bbox 545 778 886 840; x_wconf 81' lang='lat' dir='ltr'><strong>ornabatur.</strong></span> <span class='ocrx_word' id='word_1_57' title='bbox 959 797 1098 840; x_wconf 85' lang='lat' dir='ltr'><strong>nam</strong></span> <span class='ocrx_word' id='word_1_58' title='bbox 1150 795 1348 857; x_wconf 81' lang='lat' dir='ltr'><strong>neque</strong></span> <span class='ocrx_word' id='word_1_59' title='bbox 1391 781 1465 840; x_wconf 92' lang='lat' dir='ltr'><strong>in</strong></span> <span class='ocrx_word' id='word_1_60' title='bbox 1506 788 1717 842; x_wconf 85' lang='lat' dir='ltr'><strong>senatu</strong></span> <span class='ocrx_word' id='word_1_61' title='bbox 1759 789 1911 842; x_wconf 86' lang='lat' dir='ltr'><strong>ante</strong></span> <span class='ocrx_word' id='word_1_62' title='bbox 1936 789 2320 862; x_wconf 77' lang='lat' dir='ltr'><strong>quaesturam</strong></span> 
     </span>
     <span class='ocr_line' id='line_1_8' title="bbox 389 864 2321 947; baseline 0.003 -23"><span class='ocrx_word' id='word_1_63' title='bbox 389 864 543 925; x_wconf 87' lang='lat' dir='ltr'><strong>sedit</strong></span> <span class='ocrx_word' id='word_1_64' title='bbox 569 881 768 942; x_wconf 83' lang='lat' dir='ltr'><strong>neque</strong></span> <span class='ocrx_word' id='word_1_65' title='bbox 783 881 859 924; x_wconf 87' lang='grc' dir='ltr'>-ιιι</span> <span class='ocrx_word' id='word_1_66' title='bbox 887 864 1104 926; x_wconf 79' lang='lat' dir='ltr'><strong>itinere</strong></span> <span class='ocrx_word' id='word_1_67' title='bbox 1135 883 1271 926; x_wconf 88' lang='lat' dir='ltr'><strong>cum</strong></span> <span class='ocrx_word' id='word_1_68' title='bbox 1300 873 1473 945; x_wconf 83' lang='lat' dir='ltr'><strong>patre</strong></span> <span class='ocrx_word' id='word_1_69' title='bbox 1508 865 1613 926; x_wconf 89' lang='lat' dir='ltr'><strong>sed</strong></span> <span class='ocrx_word' id='word_1_70' title='bbox 1648 885 1785 928; x_wconf 89' lang='lat' dir='ltr'><strong>cum</strong></span> <span class='ocrx_word' id='word_1_71' title='bbox 1809 868 2119 946; x_wconf 74' lang='lat' dir='ltr'><strong>praefecto</strong></span> <span class='ocrx_word' id='word_1_72' title='bbox 2146 887 2321 947; x_wconf 84' lang='lat' dir='ltr'><strong>prae-</strong></span> 
     </span>
     <span class='ocr_line' id='line_1_9' title="bbox 393 949 2322 1018; baseline 0.003 -10"><span class='ocrx_word' id='word_1_73' title='bbox 393 950 528 1009; x_wconf 82' lang='lat' dir='ltr'><strong>torii</strong></span> <span class='ocrx_word' id='word_1_74' title='bbox 556 956 766 1010; x_wconf 87' lang='lat' dir='ltr'><strong>uectus</strong></span> <span class='ocrx_word' id='word_1_75' title='bbox 798 955 918 1018; x_wconf 89' lang='lat' dir='ltr'><strong>est,</strong></span> <span class='ocrx_word' id='word_1_76' title='bbox 951 968 1064 1012; x_wconf 86' lang='lat' dir='ltr'><strong>nec</strong></span> <span class='ocrx_word' id='word_1_77' title='bbox 1093 949 1249 1012; x_wconf 86' lang='lat' dir='ltr'><strong>aliud</strong></span> <span class='ocrx_word' id='word_1_78' title='bbox 1286 952 1341 1012; x_wconf 90' lang='lat' dir='ltr'><strong>ei</strong></span> <span class='ocrx_word' id='word_1_79' title='bbox 1370 950 1859 1013; x_wconf 83' lang='lat' dir='ltr'><strong>honorificentiae</strong></span> <span class='ocrx_word' id='word_1_80' title='bbox 1890 952 2187 1014; x_wconf 81' lang='lat' dir='ltr'><strong>adnomen</strong></span> <span class='ocrx_word' id='word_1_81' title='bbox 2216 953 2322 1014; x_wconf 82' lang='lat' dir='ltr'><strong>ad-</strong></span> 
     </span>
    </p>

    <p class='ocr_par' dir='ltr' id='par_1_6' title="bbox 336 1035 2318 1118">
     <span class='ocr_line' id='line_1_10' title="bbox 336 1035 2318 1118; baseline 0.003 -24"><span class='ocrx_word' id='word_1_82' title='bbox 336 1045 345 1053; x_wconf 75' lang='lat'><em>·</em></span> <span class='ocrx_word' id='word_1_83' title='bbox 385 1035 656 1096; x_wconf 85' lang='lat' dir='ltr'><strong>iunctum</strong></span> <span class='ocrx_word' id='word_1_84' title='bbox 711 1040 830 1104; x_wconf 90' lang='lat' dir='ltr'><strong>est,</strong></span> <span class='ocrx_word' id='word_1_85' title='bbox 883 1051 1062 1112; x_wconf 87' lang='lat' dir='ltr'><strong>quam</strong></span> <span class='ocrx_word' id='word_1_86' title='bbox 1107 1035 1267 1114; x_wconf 89' lang='lat' dir='ltr'><strong>quod</strong></span> <span class='ocrx_word' id='word_1_87' title='bbox 1306 1037 1557 1114; x_wconf 75' lang='lat' dir='ltr'><strong>Augusti</strong></span> <span class='ocrx_word' id='word_1_88' title='bbox 1606 1036 1765 1098; x_wconf 84' lang='lat' dir='ltr'><strong>filius</strong></span> <span class='ocrx_word' id='word_1_89' title='bbox 1820 1036 2153 1118; x_wconf 85' lang='lat' dir='ltr'><strong>appellatus</strong></span> <span class='ocrx_word' id='word_1_90' title='bbox 2208 1048 2318 1099; x_wconf 87' lang='lat' dir='ltr'><strong>est.</strong></span> 
     </span>
    </p>

    <p class='ocr_par' dir='ltr' id='par_1_7' title="bbox 319 1118 2405 1541">
     <span class='ocr_line' id='line_1_11' title="bbox 319 1118 2405 1202; baseline 0.004 -26"><span class='ocrx_word' id='word_1_91' title='bbox 319 1127 353 1176; x_wconf 83' lang='grc'>6</span> <span class='ocrx_word' id='word_1_92' title='bbox 389 1118 502 1180; x_wconf 79' lang='lat' dir='ltr'><strong>suit</strong></span> <span class='ocrx_word' id='word_1_93' title='bbox 539 1120 841 1182; x_wconf 87' lang='lat' dir='ltr'><strong>studiosus</strong></span> <span class='ocrx_word' id='word_1_94' title='bbox 879 1121 1059 1182; x_wconf 76' lang='lat' dir='ltr'><strong>etiam</strong></span> <span class='ocrx_word' id='word_1_95' title='bbox 1103 1123 1463 1182; x_wconf 77' lang='lat' dir='ltr'><strong>circensium</strong></span> <span class='ocrx_word' id='word_1_96' title='bbox 1502 1121 1649 1182; x_wconf 86' lang='lat' dir='ltr'><strong>baut</strong></span> <span class='ocrx_word' id='word_1_97' title='bbox 1688 1120 1861 1183; x_wconf 89' lang='lat' dir='ltr'><strong>aliter</strong></span> <span class='ocrx_word' id='word_1_98' title='bbox 1890 1139 2069 1200; x_wconf 82' lang='lat' dir='ltr'><strong>quam</strong></span> <span class='ocrx_word' id='word_1_99' title='bbox 2100 1123 2321 1202; x_wconf 81' lang='lat' dir='ltr'><strong>gladia·</strong></span> <span class='ocrx_word' id='word_1_100' title='bbox 2350 1139 2405 1177; x_wconf 79' lang='lat'><strong>10</strong></span> 
     </span>
     <span class='ocr_line' id='line_1_12' title="bbox 386 1204 2319 1286; baseline 0.004 -22"><span class='ocrx_word' id='word_1_101' title='bbox 386 1207 525 1265; x_wconf 85' lang='lat' dir='ltr'><strong>torii</strong></span> <span class='ocrx_word' id='word_1_102' title='bbox 553 1207 839 1266; x_wconf 77' lang='lat' dir='ltr'><strong>muneris,</strong></span> <span class='ocrx_word' id='word_1_103' title='bbox 893 1204 990 1267; x_wconf 87' lang='lat' dir='ltr'><strong>hio</strong></span> <span class='ocrx_word' id='word_1_104' title='bbox 1021 1225 1156 1268; x_wconf 85' lang='lat' dir='ltr'><strong>cum</strong></span> <span class='ocrx_word' id='word_1_105' title='bbox 1188 1207 1367 1268; x_wconf 86' lang='lat' dir='ltr'><strong>tantis</strong></span> <span class='ocrx_word' id='word_1_106' title='bbox 1396 1206 1745 1268; x_wconf 81' lang='lat' dir='ltr'><strong>deliciarum</strong></span> <span class='ocrx_word' id='word_1_107' title='bbox 1774 1215 1838 1268; x_wconf 91' lang='lat' dir='ltr'><strong>et</strong></span> <span class='ocrx_word' id='word_1_108' title='bbox 1866 1207 2141 1269; x_wconf 79' lang='lat' dir='ltr'><strong>luxuriae</strong></span> <span class='ocrx_word' id='word_1_109' title='bbox 2173 1227 2319 1286; x_wconf 85' lang='lat' dir='ltr'><strong>qua·</strong></span> 
     </span>
     <span class='ocr_line' id='line_1_13' title="bbox 387 1289 2323 1361; baseline 0.003 -11"><span class='ocrx_word' id='word_1_110' title='bbox 387 1297 617 1352; x_wconf 89' lang='lat' dir='ltr'><strong>teretur</strong></span> <span class='ocrx_word' id='word_1_111' title='bbox 648 1289 956 1352; x_wconf 78' lang='lat' dir='ltr'><strong>erroribus</strong></span> <span class='ocrx_word' id='word_1_112' title='bbox 973 1338 988 1361; x_wconf 97' lang='lat'><strong>,</strong></span> <span class='ocrx_word' id='word_1_113' title='bbox 1033 1291 1110 1354; x_wconf 85' lang='lat' dir='ltr'><strong>ab</strong></span> <span class='ocrx_word' id='word_1_114' title='bbox 1151 1293 1449 1354; x_wconf 81' lang='lat' dir='ltr'><strong>Antonino</strong></span> <span class='ocrx_word' id='word_1_115' title='bbox 1494 1291 1733 1354; x_wconf 88' lang='lat' dir='ltr'><strong>uidetur</strong></span> <span class='ocrx_word' id='word_1_116' title='bbox 1774 1293 1853 1353; x_wconf 87' lang='lat' dir='ltr'><strong>ob</strong></span> <span class='ocrx_word' id='word_1_117' title='bbox 1892 1292 2009 1354; x_wconf 90' lang='lat' dir='ltr'><strong>hoc</strong></span> <span class='ocrx_word' id='word_1_118' title='bbox 2049 1299 2323 1355; x_wconf 88' lang='lat' dir='ltr'><strong>retentus</strong></span> 
     </span>
     <span class='ocr_line' id='line_1_14' title="bbox 387 1375 2324 1458; baseline 0.002 -22"><span class='ocrx_word' id='word_1_119' title='bbox 387 1375 544 1456; x_wconf 87' lang='lat' dir='ltr'><strong>quod</strong></span> <span class='ocrx_word' id='word_1_120' title='bbox 589 1394 723 1437; x_wconf 88' lang='lat' dir='ltr'><strong>eum</strong></span> <span class='ocrx_word' id='word_1_121' title='bbox 773 1383 948 1456; x_wconf 81' lang='lat' dir='ltr'><strong>pater</strong></span> <span class='ocrx_word' id='word_1_122' title='bbox 985 1378 1067 1436; x_wconf 86' lang='lat' dir='ltr'><strong>ita</strong></span> <span class='ocrx_word' id='word_1_123' title='bbox 1107 1379 1170 1437; x_wconf 90' lang='lat' dir='ltr'><strong>in</strong></span> <span class='ocrx_word' id='word_1_124' title='bbox 1212 1376 1595 1458; x_wconf 86' lang='lat' dir='ltr'><strong>adoptionem</strong></span> <span class='ocrx_word' id='word_1_125' title='bbox 1638 1379 1726 1439; x_wconf 88' lang='lat' dir='ltr'><strong>Pii</strong></span> <span class='ocrx_word' id='word_1_126' title='bbox 1766 1379 2025 1440; x_wconf 85' lang='lat' dir='ltr'><strong>transire</strong></span> <span class='ocrx_word' id='word_1_127' title='bbox 2066 1380 2324 1440; x_wconf 83' lang='lat' dir='ltr'><strong>iusserat</strong></span> 
     </span>
     <span class='ocr_line' id='line_1_15' title="bbox 389 1461 2320 1541; baseline 0.002 -21"><span class='ocrx_word' id='word_1_128' title='bbox 389 1467 457 1520; x_wconf 91' lang='lat' dir='ltr'><strong>ut</strong></span> <span class='ocrx_word' id='word_1_129' title='bbox 483 1468 760 1541; x_wconf 86' lang='lat' dir='ltr'><strong>nepotem</strong></span> <span class='ocrx_word' id='word_1_130' title='bbox 791 1461 1138 1541; x_wconf 70' lang='lat' dir='ltr'><strong>appellaret.</strong></span> <span class='ocrx_word' id='word_1_131' title='bbox 1201 1465 1331 1532; x_wconf 88' lang='lat' dir='ltr'><strong>cui,</strong></span> <span class='ocrx_word' id='word_1_132' title='bbox 1374 1470 1663 1540; x_wconf 85' lang='lat' dir='ltr'><strong>quantum</strong></span> <span class='ocrx_word' id='word_1_133' title='bbox 1704 1463 1961 1533; x_wconf 85' lang='lat' dir='ltr'><strong>uidetur,</strong></span> <span class='ocrx_word' id='word_1_134' title='bbox 1990 1463 2185 1524; x_wconf 80' lang='lat' dir='ltr'><strong>fidem</strong></span> <span class='ocrx_word' id='word_1_135' title='bbox 2218 1483 2320 1525; x_wconf 87' lang='lat' dir='ltr'><strong>ex·</strong></span> 
     </span>
    </p>

    <p class='ocr_par' dir='ltr' id='par_1_8' title="bbox 321 1545 2406 1712">
     <span class='ocr_line' id='line_1_16' title="bbox 321 1545 2406 1632; baseline 0.003 -28"><span class='ocrx_word' id='word_1_136' title='bbox 321 1555 352 1604; x_wconf 79' lang='lat'><strong>*1</strong></span> <span class='ocrx_word' id='word_1_137' title='bbox 389 1545 596 1615; x_wconf 85' lang='lat' dir='ltr'><strong>hibuit,</strong></span> <span class='ocrx_word' id='word_1_138' title='bbox 639 1564 762 1607; x_wconf 90' lang='lat' dir='ltr'><strong>non</strong></span> <span class='ocrx_word' id='word_1_139' title='bbox 792 1547 1078 1632; x_wconf 73' lang='lat' dir='ltr'><strong>amorem.</strong></span> <span class='ocrx_word' id='word_1_140' title='bbox 1141 1549 1363 1610; x_wconf 83' lang='lat' dir='ltr'><strong>amauit</strong></span> <span class='ocrx_word' id='word_1_141' title='bbox 1406 1555 1608 1609; x_wconf 85' lang='lat' dir='ltr'><strong>tamen</strong></span> <span class='ocrx_word' id='word_1_142' title='bbox 1650 1549 1982 1611; x_wconf 72' lang='lat' dir='ltr'><strong>Antoninus</strong></span> <span class='ocrx_word' id='word_1_143' title='bbox 2012 1548 2150 1610; x_wconf 86' lang='lat' dir='ltr'><strong>Pius</strong></span> <span class='ocrx_word' id='word_1_144' title='bbox 2176 1550 2320 1610; x_wconf 84' lang='lat' dir='ltr'><strong>sim-</strong></span> <span class='ocrx_word' id='word_1_145' title='bbox 2355 1561 2406 1602; x_wconf 82' lang='lat'><strong>15</strong></span> 
     </span>
     <span class='ocr_line' id='line_1_17' title="bbox 388 1630 2321 1712; baseline 0.003 -22"><span class='ocrx_word' id='word_1_146' title='bbox 388 1630 712 1710; x_wconf 84' lang='lat' dir='ltr'><strong>plicitatem</strong></span> <span class='ocrx_word' id='word_1_147' title='bbox 751 1633 974 1709; x_wconf 81' lang='lat' dir='ltr'><strong>ingenii</strong></span> <span class='ocrx_word' id='word_1_148' title='bbox 1015 1633 1459 1712; x_wconf 66' lang='lat' dir='ltr'><strong>puritatemque</strong></span> <span class='ocrx_word' id='word_1_149' title='bbox 1488 1632 1731 1695; x_wconf 90' lang='lat' dir='ltr'><strong>uiuendi</strong></span> <span class='ocrx_word' id='word_1_150' title='bbox 1772 1634 2168 1712; x_wconf 80' lang='lat' dir='ltr'><strong>hortatusque</strong></span> <span class='ocrx_word' id='word_1_151' title='bbox 2208 1642 2321 1705; x_wconf 89' lang='lat' dir='ltr'><strong>est,</strong></span> 
     </span>
    </p>

    <p class='ocr_par' dir='ltr' id='par_1_9' title="bbox 319 1717 2476 2052">
     <span class='ocr_line' id='line_1_18' title="bbox 319 1717 2324 1786; baseline 0 -6"><span class='ocrx_word' id='word_1_152' title='bbox 319 1729 354 1780; x_wconf 90' lang='lat'>8</span> <span class='ocrx_word' id='word_1_153' title='bbox 387 1723 454 1776; x_wconf 89' lang='lat' dir='ltr'><strong>ut</strong></span> <span class='ocrx_word' id='word_1_154' title='bbox 493 1717 854 1786; x_wconf 82' lang='lat' dir='ltr'><strong>imitaretur,</strong></span> <span class='ocrx_word' id='word_1_155' title='bbox 901 1723 962 1777; x_wconf 88' lang='lat' dir='ltr'><strong>et</strong></span> <span class='ocrx_word' id='word_1_156' title='bbox 989 1718 1256 1779; x_wconf 82' lang='lat' dir='ltr'><strong>fratrem.</strong></span> <span class='ocrx_word' id='word_1_157' title='bbox 1320 1718 1604 1780; x_wconf 82' lang='lat' dir='ltr'><strong>defuncto</strong></span> <span class='ocrx_word' id='word_1_158' title='bbox 1646 1719 1753 1780; x_wconf 90' lang='lat' dir='ltr'><strong>Pio</strong></span> <span class='ocrx_word' id='word_1_159' title='bbox 1795 1719 2031 1781; x_wconf 86' lang='lat' dir='ltr'><strong>Marcus</strong></span> <span class='ocrx_word' id='word_1_160' title='bbox 2078 1722 2140 1780; x_wconf 85' lang='lat' dir='ltr'><strong>in</strong></span> <span class='ocrx_word' id='word_1_161' title='bbox 2184 1738 2324 1782; x_wconf 91' lang='lat' dir='ltr'><strong>eum</strong></span> 
     </span>
     <span class='ocr_line' id='line_1_19' title="bbox 389 1800 2324 1884; baseline 0.003 -24"><span class='ocrx_word' id='word_1_162' title='bbox 389 1803 587 1862; x_wconf 87' lang='lat' dir='ltr'><strong>omnia</strong></span> <span class='ocrx_word' id='word_1_163' title='bbox 627 1800 897 1872; x_wconf 85' lang='lat' dir='ltr'><strong>contulit,</strong></span> <span class='ocrx_word' id='word_1_164' title='bbox 940 1804 1297 1884; x_wconf 79' lang='lat' dir='ltr'><strong>participatu</strong></span> <span class='ocrx_word' id='word_1_165' title='bbox 1329 1805 1508 1864; x_wconf 83' lang='lat' dir='ltr'><strong>etiam</strong></span> <span class='ocrx_word' id='word_1_166' title='bbox 1548 1805 1969 1884; x_wconf 79' lang='lat' dir='ltr'><strong>imperatoriae</strong></span> <span class='ocrx_word' id='word_1_167' title='bbox 2012 1807 2324 1884; x_wconf 83' lang='lat' dir='ltr'><strong>potestatis</strong></span> 
     </span>
     <span class='ocr_line' id='line_1_20' title="bbox 387 1885 2476 1972; baseline 0.002 -26"><span class='ocrx_word' id='word_1_168' title='bbox 387 1885 646 1956; x_wconf 88' lang='lat' dir='ltr'><strong>indulto,</strong></span> <span class='ocrx_word' id='word_1_169' title='bbox 682 1886 914 1965; x_wconf 88' lang='lat' dir='ltr'><strong>sibique</strong></span> <span class='ocrx_word' id='word_1_170' title='bbox 943 1897 1283 1950; x_wconf 83' lang='lat' dir='ltr'><strong>consortem</strong></span> <span class='ocrx_word' id='word_1_171' title='bbox 1314 1889 1487 1960; x_wconf 82' lang='lat' dir='ltr'><strong>fecit,</strong></span> <span class='ocrx_word' id='word_1_172' title='bbox 1522 1908 1655 1950; x_wconf 88' lang='lat' dir='ltr'><strong>cum</strong></span> <span class='ocrx_word' id='word_1_173' title='bbox 1687 1889 1773 1950; x_wconf 90' lang='lat' dir='ltr'><strong>illi</strong></span> <span class='ocrx_word' id='word_1_174' title='bbox 1802 1890 1913 1951; x_wconf 90' lang='lat' dir='ltr'><strong>soli</strong></span> <span class='ocrx_word' id='word_1_175' title='bbox 1946 1896 2189 1952; x_wconf 84' lang='lat' dir='ltr'><strong>senatus</strong></span> <span class='ocrx_word' id='word_1_176' title='bbox 2220 1890 2322 1951; x_wconf 89' lang='lat' dir='ltr'><strong>de·</strong></span> <span class='ocrx_word' id='word_1_177' title='bbox 2475 1965 2476 1972; x_wconf 8' lang='grc' dir='ltr'>ἵ</span> 
     </span>
     <span class='ocr_line' id='line_1_21' title="bbox 388 1970 2476 2052; baseline 0.004 -21"><span class='ocrx_word' id='word_1_178' title='bbox 388 1970 662 2032; x_wconf 88' lang='lat' dir='ltr'><strong>tulisset</strong></span> <span class='ocrx_word' id='word_1_179' title='bbox 647 1973 984 2052; x_wconf 73' lang='lat' dir='ltr'><strong>imperium.</strong></span> <span class='ocrx_word' id='word_1_180' title='bbox 2354 1988 2405 2028; x_wconf 77' lang='lat'><strong>20</strong></span> <span class='ocrx_word' id='word_1_181' title='bbox 2475 1981 2476 2040; x_wconf 72' lang='lat'><em>3</em></span> 
     </span>
    </p>

    <p class='ocr_par' dir='ltr' id='par_1_10' title="bbox 314 2050 2324 2308">
     <span class='ocr_line' id='line_1_22' title="bbox 314 2050 2321 2140; baseline 0.001 -22"><span class='ocrx_word' id='word_1_182' title='bbox 314 2061 360 2126; x_wconf 87' lang='lat'>4</span> <span class='ocrx_word' id='word_1_183' title='bbox 514 2057 661 2118; x_wconf 85' lang='lat' dir='ltr'><strong>Dato</strong></span> <span class='ocrx_word' id='word_1_184' title='bbox 715 2059 893 2136; x_wconf 82' lang='lat' dir='ltr'><strong>igitur</strong></span> <span class='ocrx_word' id='word_1_185' title='bbox 949 2050 1205 2138; x_wconf 86' lang='lat' dir='ltr'><strong>imperio</strong></span> <span class='ocrx_word' id='word_1_186' title='bbox 1253 2065 1315 2120; x_wconf 89' lang='lat' dir='ltr'><strong>et</strong></span> <span class='ocrx_word' id='word_1_187' title='bbox 1366 2058 1591 2120; x_wconf 89' lang='lat' dir='ltr'><strong>indulta</strong></span> <span class='ocrx_word' id='word_1_188' title='bbox 1639 2060 1956 2121; x_wconf 80' lang='lat' dir='ltr'><strong>tribunicia</strong></span> <span class='ocrx_word' id='word_1_189' title='bbox 2006 2067 2321 2140; x_wconf 81' lang='lat' dir='ltr'><strong>potestate,</strong></span> 
     </span>
     <span class='ocr_line' id='line_1_23' title="bbox 386 2142 2324 2221; baseline 0.002 -19"><span class='ocrx_word' id='word_1_190' title='bbox 386 2149 523 2221; x_wconf 88' lang='lat' dir='ltr'><strong>post</strong></span> <span class='ocrx_word' id='word_1_191' title='bbox 563 2142 904 2204; x_wconf 87' lang='lat' dir='ltr'><strong>consulatus</strong></span> <span class='ocrx_word' id='word_1_192' title='bbox 963 2145 1140 2204; x_wconf 85' lang='lat' dir='ltr'><strong>etiam</strong></span> <span class='ocrx_word' id='word_1_193' title='bbox 1199 2143 1493 2205; x_wconf 86' lang='lat' dir='ltr'><strong>honorem</strong></span> <span class='ocrx_word' id='word_1_194' title='bbox 1546 2143 1808 2206; x_wconf 83' lang='lat' dir='ltr'><strong>delatum</strong></span> <span class='ocrx_word' id='word_1_195' title='bbox 1854 2147 2068 2206; x_wconf 89' lang='lat' dir='ltr'><strong>Verum</strong></span> <span class='ocrx_word' id='word_1_196' title='bbox 2118 2147 2324 2206; x_wconf 84' lang='lat' dir='ltr'><strong>uocari</strong></span> 
     </span>
     <span class='ocr_line' id='line_1_24' title="bbox 386 2230 2324 2308; baseline 0.002 -21"><span class='ocrx_word' id='word_1_197' title='bbox 386 2230 697 2308; x_wconf 78' lang='lat' dir='ltr'><strong>praecepit</strong></span> <span class='ocrx_word' id='word_1_198' title='bbox 747 2247 921 2290; x_wconf 90' lang='lat' dir='ltr'><strong>suum</strong></span> <span class='ocrx_word' id='word_1_199' title='bbox 975 2231 1039 2290; x_wconf 87' lang='lat' dir='ltr'><strong>in</strong></span> <span class='ocrx_word' id='word_1_200' title='bbox 1091 2247 1231 2290; x_wconf 86' lang='lat' dir='ltr'><strong>eum</strong></span> <span class='ocrx_word' id='word_1_201' title='bbox 1272 2231 1643 2291; x_wconf 78' lang='lat' dir='ltr'><strong>transferens</strong></span> <span class='ocrx_word' id='word_1_202' title='bbox 1697 2249 1946 2300; x_wconf 88' lang='lat' dir='ltr'><strong>nomen,</strong></span> <span class='ocrx_word' id='word_1_203' title='bbox 2006 2249 2143 2291; x_wconf 90' lang='lat' dir='ltr'><strong>cum</strong></span> <span class='ocrx_word' id='word_1_204' title='bbox 2188 2237 2324 2291; x_wconf 88' lang='lat' dir='ltr'><strong>ante</strong></span> 
     </span>
    </p>

    <p class='ocr_par' dir='ltr' id='par_1_11' title="bbox 317 2311 2400 2478">
     <span class='ocr_line' id='line_1_25' title="bbox 317 2311 2322 2392; baseline 0 -16"><span class='ocrx_word' id='word_1_205' title='bbox 317 2329 350 2376; x_wconf 82' lang='lat'><strong>2</strong></span> <span class='ocrx_word' id='word_1_206' title='bbox 389 2311 750 2374; x_wconf 85' lang='lat' dir='ltr'><strong>Commodus</strong></span> <span class='ocrx_word' id='word_1_207' title='bbox 775 2320 1117 2375; x_wconf 86' lang='lat' dir='ltr'><strong>uocaretur.</strong></span> <span class='ocrx_word' id='word_1_208' title='bbox 1181 2315 1401 2376; x_wconf 89' lang='lat' dir='ltr'><strong>Lucius</strong></span> <span class='ocrx_word' id='word_1_209' title='bbox 1432 2315 1673 2392; x_wconf 83' lang='lat' dir='ltr'><strong>quidem</strong></span> <span class='ocrx_word' id='word_1_210' title='bbox 1714 2316 1915 2376; x_wconf 81' lang='lat' dir='ltr'><strong>Marco</strong></span> <span class='ocrx_word' id='word_1_211' title='bbox 1960 2317 2154 2376; x_wconf 85' lang='lat' dir='ltr'><strong>uicem</strong></span> <span class='ocrx_word' id='word_1_212' title='bbox 2185 2315 2322 2376; x_wconf 91' lang='lat' dir='ltr'><strong>red·</strong></span> 
     </span>
     <span class='ocr_line' id='line_1_26' title="bbox 389 2395 2400 2478; baseline 0.001 -21"><span class='ocrx_word' id='word_1_213' title='bbox 389 2396 536 2458; x_wconf 88' lang='lat' dir='ltr'><strong>dens</strong></span> <span class='ocrx_word' id='word_1_214' title='bbox 573 2395 622 2477; x_wconf 90' lang='lat'><strong>-†</strong></span> <span class='ocrx_word' id='word_1_215' title='bbox 663 2399 715 2458; x_wconf 91' lang='lat' dir='ltr'><strong>si</strong></span> <span class='ocrx_word' id='word_1_216' title='bbox 755 2399 1086 2477; x_wconf 85' lang='lat' dir='ltr'><strong>susciperet</strong></span> <span class='ocrx_word' id='word_1_217' title='bbox 1126 2399 1449 2461; x_wconf 86' lang='lat' dir='ltr'><strong>obsecutus</strong></span> <span class='ocrx_word' id='word_1_218' title='bbox 1481 2406 1548 2460; x_wconf 87' lang='lat' dir='ltr'><strong>ut</strong></span> <span class='ocrx_word' id='word_1_219' title='bbox 1584 2400 1815 2478; x_wconf 84' lang='lat' dir='ltr'><strong>legatus</strong></span> <span class='ocrx_word' id='word_1_220' title='bbox 1846 2398 2194 2477; x_wconf 85' lang='lat' dir='ltr'><strong>proconsuli</strong></span> <span class='ocrx_word' id='word_1_221' title='bbox 2226 2400 2325 2462; x_wconf 90' lang='lat' dir='ltr'><strong>uel</strong></span> <span class='ocrx_word' id='word_1_222' title='bbox 2350 2412 2400 2452; x_wconf 77' lang='lat'><strong>25</strong></span> 
     </span>
    </p>

    <p class='ocr_par' dir='ltr' id='par_1_12' title="bbox 318 2483 2328 2650">
     <span class='ocr_line' id='line_1_27' title="bbox 318 2483 2323 2564; baseline 0.002 -21"><span class='ocrx_word' id='word_1_223' title='bbox 318 2499 352 2548; x_wconf 83' lang='lat'><strong>3</strong></span> <span class='ocrx_word' id='word_1_224' title='bbox 387 2499 630 2560; x_wconf 80' lang='lat' dir='ltr'><strong>praeses</strong></span> <span class='ocrx_word' id='word_1_225' title='bbox 657 2483 1028 2562; x_wconf 84' lang='lat' dir='ltr'><strong>imperatori.</strong></span> <span class='ocrx_word' id='word_1_226' title='bbox 1100 2485 1234 2544; x_wconf 90' lang='lat' dir='ltr'><strong>iam</strong></span> <span class='ocrx_word' id='word_1_227' title='bbox 1259 2486 1519 2564; x_wconf 88' lang='lat' dir='ltr'><strong>primum</strong></span> <span class='ocrx_word' id='word_1_228' title='bbox 1566 2486 1723 2544; x_wconf 80' lang='lat' dir='ltr'><strong>enim</strong></span> <span class='ocrx_word' id='word_1_229' title='bbox 1766 2484 1999 2545; x_wconf 86' lang='lat' dir='ltr'><strong>Marcus</strong></span> <span class='ocrx_word' id='word_1_230' title='bbox 2040 2503 2152 2564; x_wconf 86' lang='lat' dir='ltr'><strong>pro</strong></span> <span class='ocrx_word' id='word_1_231' title='bbox 2198 2504 2323 2546; x_wconf 88' lang='lat' dir='ltr'><strong>am-</strong></span> 
     </span>
     <span class='ocr_line' id='line_1_28' title="bbox 387 2565 2328 2650; baseline 0.002 -23"><span class='ocrx_word' id='word_1_232' title='bbox 387 2565 582 2627; x_wconf 89' lang='lat' dir='ltr'><strong>bobus</strong></span> <span class='ocrx_word' id='word_1_233' title='bbox 619 2566 694 2628; x_wconf 81' lang='lat' dir='ltr'><strong>ad</strong></span> <span class='ocrx_word' id='word_1_234' title='bbox 732 2566 952 2629; x_wconf 87' lang='lat' dir='ltr'><strong>milites</strong></span> <span class='ocrx_word' id='word_1_235' title='bbox 993 2575 1084 2629; x_wconf 88' lang='lat' dir='ltr'><strong>est</strong></span> <span class='ocrx_word' id='word_1_236' title='bbox 1125 2567 1361 2630; x_wconf 85' lang='lat' dir='ltr'><strong>locutus</strong></span> <span class='ocrx_word' id='word_1_237' title='bbox 1410 2577 1499 2630; x_wconf 89' lang='lat' dir='ltr'><strong>et</strong></span> <span class='ocrx_word' id='word_1_238' title='bbox 1486 2588 1633 2649; x_wconf 87' lang='lat' dir='ltr'><strong>pro</strong></span> <span class='ocrx_word' id='word_1_239' title='bbox 1676 2587 2007 2630; x_wconf 86' lang='lat' dir='ltr'><strong>consensus</strong></span> <span class='ocrx_word' id='word_1_240' title='bbox 2062 2571 2328 2650; x_wconf 86' lang='lat' dir='ltr'><strong>imperio</strong></span> 
     </span>
    </p>

    <p class='ocr_par' dir='ltr' id='par_1_13' title="bbox 317 2647 2331 2732">
     <span class='ocr_line' id='line_1_29' title="bbox 317 2647 2331 2732; baseline 0.002 -21"><span class='ocrx_word' id='word_1_241' title='bbox 317 2669 356 2718; x_wconf 84' lang='lat'>4</span> <span class='ocrx_word' id='word_1_242' title='bbox 389 2647 563 2689; x_wconf 67' lang='lat'><strong>*⁸³¹³*</strong></span> <span class='ocrx_word' id='word_1_243' title='bbox 605 2651 871 2730; x_wconf 80' lang='lat' dir='ltr'><strong>grauiter</strong></span> <span class='ocrx_word' id='word_1_244' title='bbox 909 2671 976 2714; x_wconf 90' lang='lat' dir='ltr'><strong>se</strong></span> <span class='ocrx_word' id='word_1_245' title='bbox 1019 2660 1078 2714; x_wconf 93' lang='lat' dir='ltr'><strong>et</strong></span> <span class='ocrx_word' id='word_1_246' title='bbox 1125 2653 1198 2714; x_wconf 86' lang='lat' dir='ltr'><strong>ad</strong></span> <span class='ocrx_word' id='word_1_247' title='bbox 1239 2655 1423 2714; x_wconf 83' lang='lat' dir='ltr'><strong>Marci</strong></span> <span class='ocrx_word' id='word_1_248' title='bbox 1463 2672 1665 2715; x_wconf 86' lang='lat' dir='ltr'><strong>mores</strong></span> <span class='ocrx_word' id='word_1_249' title='bbox 1708 2655 1847 2732; x_wconf 80' lang='lat' dir='ltr'><strong>egit.</strong></span> <span class='ocrx_word' id='word_1_250' title='bbox 1922 2654 2027 2715; x_wconf 86' lang='lat' dir='ltr'><strong>ubi</strong></span> <span class='ocrx_word' id='word_1_251' title='bbox 2070 2673 2219 2716; x_wconf 88' lang='lat' dir='ltr'><strong>uero</strong></span> <span class='ocrx_word' id='word_1_252' title='bbox 2269 2657 2331 2716; x_wconf 91' lang='lat' dir='ltr'><strong>in</strong></span> 
     </span>
    </p>
   </div>
   <div class='ocr_carea' id='block_1_3' title="bbox 385 2837 2341 3588">
    <p class='ocr_par' dir='ltr' id='par_1_14' title="bbox 385 2837 2341 3385">
     <span class='ocr_line' id='line_1_30' title="bbox 494 2837 2329 2894; baseline 0.002 -6"><span class='ocrx_word' id='word_1_253' title='bbox 494 2840 520 2887; x_wconf 91' lang='lat'><strong>1</strong></span> <span class='ocrx_word' id='word_1_254' title='bbox 549 2853 609 2889; x_wconf 86' lang='lat' dir='ltr'><strong>se</strong></span> <span class='ocrx_word' id='word_1_255' title='bbox 637 2837 847 2889; x_wconf 78' lang='lat' dir='ltr'><strong>resedit</strong></span> <span class='ocrx_word' id='word_1_256' title='bbox 870 2838 974 2888; x_wconf 89' lang='lat' dir='ltr'><strong>BP</strong></span> <span class='ocrx_word' id='word_1_257' title='bbox 1129 2843 1162 2892; x_wconf 84' lang='lat'><strong>3</strong></span> <span class='ocrx_word' id='word_1_258' title='bbox 1199 2840 1413 2890; x_wconf 85' lang='lat' dir='ltr'><strong>sertilio</strong></span> <span class='ocrx_word' id='word_1_259' title='bbox 1437 2839 1507 2890; x_wconf 86' lang='lat' dir='ltr'><strong>B¹</strong></span> <span class='ocrx_word' id='word_1_260' title='bbox 1544 2839 1759 2892; x_wconf 87' lang='lat' dir='ltr'><strong>sestilio</strong></span> <span class='ocrx_word' id='word_1_261' title='bbox 1786 2839 1977 2892; x_wconf 78' lang='lat' dir='ltr'><em>B¹PM</em></span> <span class='ocrx_word' id='word_1_262' title='bbox 2006 2857 2099 2894; x_wconf 82' lang='lat' dir='ltr'><strong>em.</strong></span> <span class='ocrx_word' id='word_1_263' title='bbox 2127 2841 2329 2893; x_wconf 80' lang='lat' dir='ltr'><strong>Glinton</strong></span> 
     </span>
     <span class='ocr_line' id='line_1_31' title="bbox 385 2906 2335 2968; baseline 0.001 -10"><span class='ocrx_word' id='word_1_264' title='bbox 385 2906 962 2968; x_wconf 72' lang='lat' dir='ltr'><strong>fast.Rom.ada.161</strong></span> <span class='ocrx_word' id='word_1_265' title='bbox 1097 2908 1415 2960; x_wconf 80' lang='lat' dir='ltr'><strong>interiectis</strong></span> <span class='ocrx_word' id='word_1_266' title='bbox 1438 2909 1547 2960; x_wconf 88' lang='lat' dir='ltr'><strong>VH</strong></span> <span class='ocrx_word' id='word_1_267' title='bbox 1571 2909 1733 2960; x_wconf 81' lang='lat' dir='ltr'><strong>anuis</strong></span> <span class='ocrx_word' id='word_1_268' title='bbox 1760 2909 1803 2960; x_wconf 84' lang='lat'><em>0</em></span> <span class='ocrx_word' id='word_1_269' title='bbox 1938 2912 1971 2961; x_wconf 83' lang='lat'>5</span> <span class='ocrx_word' id='word_1_270' title='bbox 1996 2913 2184 2960; x_wconf 81' lang='lat' dir='ltr'><strong>autem</strong></span> <span class='ocrx_word' id='word_1_271' title='bbox 2203 2914 2259 2959; x_wconf 88' lang='lat' dir='ltr'><strong>et</strong></span> <span class='ocrx_word' id='word_1_272' title='bbox 2284 2911 2335 2959; x_wconf 91' lang='lat' dir='ltr'><em>P</em></span> 
     </span>
     <span class='ocr_line' id='line_1_32' title="bbox 390 2972 2329 3044; baseline 0.002 -20"><span class='ocrx_word' id='word_1_273' title='bbox 390 2972 448 3036; x_wconf 79' lang='lat' dir='ltr'><strong>(t.</strong></span> <span class='ocrx_word' id='word_1_274' title='bbox 476 2975 651 3039; x_wconf 83' lang='lat' dir='ltr'><strong>Iord.)</strong></span> <span class='ocrx_word' id='word_1_275' title='bbox 791 2991 954 3042; x_wconf 86' lang='lat' dir='ltr'><strong>quam</strong></span> <span class='ocrx_word' id='word_1_276' title='bbox 985 2975 1036 3026; x_wconf 90' lang='lat' dir='ltr'><em>B</em></span> <span class='ocrx_word' id='word_1_277' title='bbox 1172 2992 1387 3035; x_wconf 73' lang='lat' dir='ltr'><strong>marcos</strong></span> <span class='ocrx_word' id='word_1_278' title='bbox 1411 2977 1481 3026; x_wconf 82' lang='lat' dir='ltr'><strong>P¹</strong></span> <span class='ocrx_word' id='word_1_279' title='bbox 1620 2979 1652 3027; x_wconf 84' lang='lat'>6</span> <span class='ocrx_word' id='word_1_280' title='bbox 1686 2992 1921 3043; x_wconf 81' lang='lat' dir='ltr'><strong>namque</strong></span> <span class='ocrx_word' id='word_1_281' title='bbox 1946 2977 2110 3026; x_wconf 90' lang='lat' dir='ltr'><em>BPM</em></span> <span class='ocrx_word' id='word_1_282' title='bbox 2149 2993 2329 3044; x_wconf 88' lang='lat' dir='ltr'><strong>neque</strong></span> 
     </span>
     <span class='ocr_line' id='line_1_33' title="bbox 389 3041 2229 3108; baseline 0.002 -17"><span class='ocrx_word' id='word_1_283' title='bbox 389 3041 433 3091; x_wconf 76' lang='lat' dir='ltr'><strong><em>S</em></strong></span> <span class='ocrx_word' id='word_1_284' title='bbox 455 3058 583 3092; x_wconf 86' lang='lat' dir='ltr'><strong>nam</strong></span> <span class='ocrx_word' id='word_1_285' title='bbox 606 3059 785 3108; x_wconf 88' lang='lat' dir='ltr'><strong>neque</strong></span> <span class='ocrx_word' id='word_1_286' title='bbox 814 3044 964 3095; x_wconf 80' lang='lat' dir='ltr'><strong>Iord.</strong></span> <span class='ocrx_word' id='word_1_287' title='bbox 1111 3047 1142 3096; x_wconf 76' lang='lat'><strong>7</strong></span> <span class='ocrx_word' id='word_1_288' title='bbox 1168 3061 1281 3096; x_wconf 90' lang='lat' dir='ltr'><strong>non</strong></span> <span class='ocrx_word' id='word_1_289' title='bbox 1306 3045 1453 3096; x_wconf 82' lang='lat' dir='ltr'><strong>sedit</strong></span> <span class='ocrx_word' id='word_1_290' title='bbox 1476 3046 1544 3096; x_wconf 89' lang='lat' dir='ltr'><em>M</em></span> <span class='ocrx_word' id='word_1_291' title='bbox 1674 3048 1707 3097; x_wconf 89' lang='grc'>8</span> <span class='ocrx_word' id='word_1_292' title='bbox 1732 3044 2151 3097; x_wconf 80' lang='lat' dir='ltr'><strong>honorificentia</strong></span> <span class='ocrx_word' id='word_1_293' title='bbox 2177 3045 2229 3094; x_wconf 91' lang='lat' dir='ltr'><em>B</em></span> 
     </span>
     <span class='ocr_line' id='line_1_34' title="bbox 392 3111 2333 3180; baseline 0.002 -20"><span class='ocrx_word' id='word_1_294' title='bbox 392 3111 458 3162; x_wconf 90' lang='lat'><strong>10</strong></span> <span class='ocrx_word' id='word_1_295' title='bbox 485 3114 584 3160; x_wconf 79' lang='lat' dir='ltr'><strong>aut</strong></span> <span class='ocrx_word' id='word_1_296' title='bbox 605 3111 710 3161; x_wconf 87' lang='lat' dir='ltr'><em>BP</em></span> <span class='ocrx_word' id='word_1_297' title='bbox 847 3114 908 3164; x_wconf 90' lang='lat'><strong>11</strong></span> <span class='ocrx_word' id='word_1_298' title='bbox 943 3111 1192 3166; x_wconf 74' lang='lat' dir='ltr'><strong>luxoriae</strong></span> <span class='ocrx_word' id='word_1_299' title='bbox 1225 3114 1278 3163; x_wconf 98' lang='grc' dir='ltr'><em>Β</em></span> <span class='ocrx_word' id='word_1_300' title='bbox 1417 3117 1481 3166; x_wconf 84' lang='grc'><strong>13</strong></span> <span class='ocrx_word' id='word_1_301' title='bbox 1514 3112 1623 3180; x_wconf 90' lang='lat' dir='ltr'><strong>Pii]</strong></span> <span class='ocrx_word' id='word_1_302' title='bbox 1662 3114 1769 3164; x_wconf 85' lang='lat' dir='ltr'><strong>sibi</strong></span> <span class='ocrx_word' id='word_1_303' title='bbox 1795 3114 2129 3166; x_wconf 62' lang='lat' dir='ltr'><strong>Momm-&#39;enus</strong></span> <span class='ocrx_word' id='word_1_304' title='bbox 2269 3115 2333 3164; x_wconf 89' lang='lat'><strong>15</strong></span> 
     </span>
     <span class='ocr_line' id='line_1_35' title="bbox 395 3179 2265 3248; baseline 0.001 -18"><span class='ocrx_word' id='word_1_305' title='bbox 395 3179 606 3230; x_wconf 79' lang='lat' dir='ltr'><strong>amabit</strong></span> <span class='ocrx_word' id='word_1_306' title='bbox 627 3179 680 3229; x_wconf 85' lang='lat' dir='ltr'><em>B</em></span> <span class='ocrx_word' id='word_1_307' title='bbox 814 3181 1124 3246; x_wconf 70' lang='lat' dir='ltr'><strong>simplitate</strong></span> <span class='ocrx_word' id='word_1_308' title='bbox 1144 3182 1201 3234; x_wconf 78' lang='grc' dir='ltr'><strong>,Β</strong></span> <span class='ocrx_word' id='word_1_309' title='bbox 1223 3181 1588 3248; x_wconf 84' lang='lat' dir='ltr'><strong>simplicitate</strong></span> <span class='ocrx_word' id='word_1_310' title='bbox 1612 3184 1663 3231; x_wconf 92' lang='lat' dir='ltr'><em>P</em></span> <span class='ocrx_word' id='word_1_311' title='bbox 1796 3182 1901 3233; x_wconf 73' lang='lat'><strong>20·</strong></span> <span class='ocrx_word' id='word_1_312' title='bbox 1886 3181 2117 3246; x_wconf 78' lang='lat' dir='ltr'><strong>imperio</strong></span> <span class='ocrx_word' id='word_1_313' title='bbox 2141 3180 2265 3231; x_wconf 80' lang='lat' dir='ltr'><strong>BP²</strong></span> 
     </span>
     <span class='ocr_line' id='line_1_36' title="bbox 395 3247 2331 3316; baseline 0.001 -18"><span class='ocrx_word' id='word_1_314' title='bbox 395 3249 464 3298; x_wconf 72' lang='lat'><strong>22</strong></span> <span class='ocrx_word' id='word_1_315' title='bbox 489 3247 911 3312; x_wconf 75' lang='lat' dir='ltr'><strong>proconsulatos</strong></span> <span class='ocrx_word' id='word_1_316' title='bbox 931 3247 1056 3299; x_wconf 83' lang='lat' dir='ltr'><em>BP¹</em></span> <span class='ocrx_word' id='word_1_317' title='bbox 1079 3251 1506 3316; x_wconf 77' lang='lat' dir='ltr'><strong>proconsulatus</strong></span> <span class='ocrx_word' id='word_1_318' title='bbox 1530 3249 1602 3300; x_wconf 83' lang='lat' dir='ltr'><strong>P²</strong></span> <span class='ocrx_word' id='word_1_319' title='bbox 1714 3251 1782 3301; x_wconf 78' lang='lat'><strong>25</strong></span> <span class='ocrx_word' id='word_1_320' title='bbox 1804 3249 2088 3314; x_wconf 71' lang='lat' dir='ltr'><strong>suscipere</strong></span> <span class='ocrx_word' id='word_1_321' title='bbox 2108 3248 2179 3299; x_wconf 86' lang='lat' dir='ltr'><strong>B¹</strong></span> <span class='ocrx_word' id='word_1_322' title='bbox 2202 3250 2331 3313; x_wconf 74' lang='lat' dir='ltr'><strong>fort.</strong></span> 
     </span>
     <span class='ocr_line' id='line_1_37' title="bbox 399 3315 2341 3385; baseline 0.001 -19"><span class='ocrx_word' id='word_1_323' title='bbox 399 3317 483 3366; x_wconf 86' lang='lat' dir='ltr'><strong>sic</strong></span> <span class='ocrx_word' id='word_1_324' title='bbox 507 3315 776 3365; x_wconf 69' lang='lat' dir='ltr'><strong>submisse</strong></span> <span class='ocrx_word' id='word_1_325' title='bbox 801 3321 890 3366; x_wconf 80' lang='lat' dir='ltr'><strong>est</strong></span> <span class='ocrx_word' id='word_1_326' title='bbox 915 3317 1214 3369; x_wconf 76' lang='lat' dir='ltr'><strong>obsecutus</strong></span> <span class='ocrx_word' id='word_1_327' title='bbox 1347 3319 1418 3369; x_wconf 68' lang='lat'><strong>26</strong></span> <span class='ocrx_word' id='word_1_328' title='bbox 1441 3334 1639 3385; x_wconf 64' lang='lat' dir='ltr'><strong>praese</strong></span> <span class='ocrx_word' id='word_1_329' title='bbox 1662 3318 1714 3368; x_wconf 91' lang='grc' dir='ltr'><em>Β</em></span> <span class='ocrx_word' id='word_1_330' title='bbox 1737 3331 1933 3383; x_wconf 76' lang='lat' dir='ltr'><strong>praese</strong></span> <span class='ocrx_word' id='word_1_331' title='bbox 1957 3319 2009 3367; x_wconf 92' lang='lat' dir='ltr'><em>P</em></span> <span class='ocrx_word' id='word_1_332' title='bbox 2125 3331 2251 3367; x_wconf 84' lang='lat' dir='ltr'><strong>eum</strong></span> <span class='ocrx_word' id='word_1_333' title='bbox 2274 3317 2341 3367; x_wconf 88' lang='lat' dir='ltr'><em>M</em></span> 
     </span>
    </p>

    <p class='ocr_par' dir='ltr' id='par_1_15' title="bbox 401 3381 2335 3588">
     <span class='ocr_line' id='line_1_38' title="bbox 503 3381 2335 3452; baseline 0.001 -19"><span class='ocrx_word' id='word_1_334' title='bbox 503 3384 570 3434; x_wconf 81' lang='lat'><strong>2⁷</strong></span> <span class='ocrx_word' id='word_1_335' title='bbox 597 3386 654 3434; x_wconf 83' lang='lat' dir='ltr'><strong>et</strong></span> <span class='ocrx_word' id='word_1_336' title='bbox 677 3382 786 3433; x_wconf 82' lang='lat' dir='ltr'><strong>mil.</strong></span> <span class='ocrx_word' id='word_1_337' title='bbox 812 3381 884 3432; x_wconf 61' lang='lat'><strong>3¹</strong></span> <span class='ocrx_word' id='word_1_338' title='bbox 993 3387 1062 3435; x_wconf 79' lang='lat'><strong>28</strong></span> <span class='ocrx_word' id='word_1_339' title='bbox 1076 3389 1313 3438; x_wconf 65' lang='lat' dir='ltr'><strong>lacunam</strong></span> <span class='ocrx_word' id='word_1_340' title='bbox 1332 3389 1411 3438; x_wconf 75' lang='lat' dir='ltr'><strong>sie</strong></span> <span class='ocrx_word' id='word_1_341' title='bbox 1432 3389 1668 3452; x_wconf 76' lang='lat' dir='ltr'><strong>expleuit</strong></span> <span class='ocrx_word' id='word_1_342' title='bbox 1688 3385 1909 3437; x_wconf 76' lang='lat' dir='ltr'><strong>Obrecht</strong></span> <span class='ocrx_word' id='word_1_343' title='bbox 1931 3385 2025 3450; x_wconf 78' lang='lat' dir='ltr'><strong>(ex</strong></span> <span class='ocrx_word' id='word_1_344' title='bbox 2049 3385 2221 3436; x_wconf 82' lang='lat' dir='ltr'><strong>Mare.</strong></span> <span class='ocrx_word' id='word_1_345' title='bbox 2250 3385 2335 3448; x_wconf 81' lang='lat'><strong>7).-</strong></span> 
     </span>
     <span class='ocr_line' id='line_1_39' title="bbox 401 3450 2335 3520; baseline 0.001 -18"><span class='ocrx_word' id='word_1_346' title='bbox 401 3452 606 3502; x_wconf 77' lang='lat' dir='ltr'><strong>uioena</strong></span> <span class='ocrx_word' id='word_1_347' title='bbox 628 3450 780 3501; x_wconf 78' lang='lat' dir='ltr'><strong>milia</strong></span> <span class='ocrx_word' id='word_1_348' title='bbox 806 3467 1080 3503; x_wconf 82' lang='lat' dir='ltr'><strong>nummum</strong></span> <span class='ocrx_word' id='word_1_349' title='bbox 1113 3456 1349 3520; x_wconf 77' lang='lat' dir='ltr'><strong>singulis</strong></span> <span class='ocrx_word' id='word_1_350' title='bbox 1373 3455 1638 3520; x_wconf 79' lang='lat' dir='ltr'><strong>promisit.</strong></span> <span class='ocrx_word' id='word_1_351' title='bbox 1700 3457 1759 3504; x_wconf 83' lang='lat' dir='ltr'><strong>et</strong></span> <span class='ocrx_word' id='word_1_352' title='bbox 1790 3454 1955 3504; x_wconf 81' lang='lat' dir='ltr'><strong>initio</strong></span> <span class='ocrx_word' id='word_1_353' title='bbox 1981 3453 2204 3519; x_wconf 80' lang='lat' dir='ltr'><strong>quidem</strong></span> <span class='ocrx_word' id='word_1_354' title='bbox 2226 3455 2335 3504; x_wconf 89' lang='lat' dir='ltr'><strong>Ve-</strong></span> 
     </span>
     <span class='ocr_line' id='line_1_40' title="bbox 405 3521 1866 3588; baseline 0.003 -18"><span class='ocrx_word' id='word_1_355' title='bbox 405 3535 516 3571; x_wconf 85' lang='lat' dir='ltr'><strong>rus.</strong></span> <span class='ocrx_word' id='word_1_356' title='bbox 580 3521 712 3583; x_wconf 79' lang='lat' dir='ltr'><strong>fort.</strong></span> <span class='ocrx_word' id='word_1_357' title='bbox 739 3535 840 3585; x_wconf 84' lang='lat' dir='ltr'><strong>pro</strong></span> <span class='ocrx_word' id='word_1_358' title='bbox 863 3537 1134 3572; x_wconf 87' lang='lat' dir='ltr'><strong>consensu</strong></span> <span class='ocrx_word' id='word_1_359' title='bbox 1157 3523 1378 3588; x_wconf 84' lang='lat' dir='ltr'><strong>imperii</strong></span> <span class='ocrx_word' id='word_1_360' title='bbox 1400 3522 1498 3587; x_wconf 77' lang='lat' dir='ltr'><strong>(sic</strong></span> <span class='ocrx_word' id='word_1_361' title='bbox 1521 3526 1671 3574; x_wconf 70' lang='lat' dir='ltr'><strong>etiam</strong></span> <span class='ocrx_word' id='word_1_362' title='bbox 1696 3523 1842 3574; x_wconf 83' lang='lat' dir='ltr'><strong>Iord.</strong></span> <span class='ocrx_word' id='word_1_363' title='bbox 1848 3522 1866 3586; x_wconf 94' lang='lat'>)</span> 
     </span>
    </p>
   </div>
  </div>
 </body>
</html>
