2517 3884
352 179 439 249 82
454 173 473 208 ·’
972 185 1273 244 VVLGAcn
1305 167 1662 272 *exulem

354 355 486 434 regi
514 360 767 434 possunt
809 353 925 414 nisi
969 359 1181 414 uetere
1208 351 1542 434 disciplina.
1607 353 1725 414 scis
1767 353 1926 414 enim
1969 371 2215 416 uersum
2259 371 2294 414 a

355 440 515 502 bono
542 446 719 520 poeta
750 437 975 500 dictum
1016 444 1076 498 et
1104 437 1382 500 omnihus
1409 438 1885 518 frequentatum:

575 523 865 592 ‘Moribus
894 523 1155 600 antiquis
1183 541 1286 584 res
1315 530 1434 585 stat
1461 522 1727 586 Romana
1757 524 2069 601 uirisque’.

288 616 323 666 8
484 609 579 670 Tu
609 615 839 670 tantum
878 608 973 668 sac
1015 608 1209 670 adsint
1246 608 1586 687 legionibus
1626 608 1864 670 abunde
1903 615 2292 678 commeatus,

290 702 323 750 9
359 714 538 774 quos,
592 695 643 756 si
672 692 835 754 -hene
863 692 1141 756 Auidium
1169 695 1333 763 noui,
1377 695 1502 755 scio
1531 711 1653 756 non
1681 696 2054 774 perituroS.“
2110 694 2293 755 Prae·
2349 709 2378 751 5

357 775 499 842 secti
540 780 612 842 ad
640 779 939 840 Marcum:
988 778 1226 848 „Recte
1269 778 1652 850 consuluisti,
1696 781 1780 840 mi
1819 779 2090 849 domine,
2135 778 2297 859 quod

254 872 321 921 10
358 867 626 929 Cassium
664 863 1008 943 praefecisti
1048 864 1306 944 Syriacis
1347 863 1700 942 legionibus.
1769 863 1920 945 nihil
1974 865 2134 926 enim
2175 870 2296 924 tam

254 960 318 1008 11
357 950 597 1031 expedit
636 966 815 1026 quam
856 947 1038 1010 homo
1080 951 1354 1012 seuerior
1393 949 1771 1010 Graecanicis
1811 949 2118 1011 militibus.
2192 947 2296 1009 ille

356 1053 498 1097 sane
529 1052 739 1096 omnes
770 1031 1237 1105 excaldationes,
1271 1053 1480 1097 omnes
1509 1034 1694 1096 flores
1723 1033 1797 1095 de
1827 1035 2020 1114 capite
2051 1033 2204 1096 collo
2237 1041 2297 1095 et

259 1129 320 1179 12
358 1122 493 1182 sinu
534 1119 707 1182 militi
745 1120 1023 1180 excutiet.
1100 1137 1336 1182 annona
1375 1119 1648 1182 militaris
1692 1121 1886 1181 omnis
1933 1127 2140 1199 parata
2183 1127 2292 1186 est.
2324 1137 2376 1178 ιο

357 1223 555 1283 neque
605 1205 921 1284 quicquam
970 1203 1143 1266 deest
1191 1205 1308 1266 sub
1347 1205 1509 1266 bono
1558 1203 1741 1267 duce:
1794 1223 1916 1266 non
1949 1206 2108 1266 enim
2139 1205 2295 1266 mul·

358 1303 487 1353 tnm
520 1298 621 1352 aut
650 1289 959 1367 quaeritur
990 1296 1093 1351 aut
1119 1288 1532 1368 inpenditur.“

288 1369 329 1436 6
488 1376 612 1438 Nec
654 1373 867 1436 fefellit
896 1374 971 1435 de
1014 1393 1079 1435 se
1121 1375 1413 1436 iudicium
1454 1374 1744 1438 habitum.
1807 1393 1948 1435 nam
1993 1377 2192 1436 statim
2237 1385 2297 1436 et

362 1461 433 1522 ad
464 1463 635 1538 signa
668 1458 819 1519 edici
846 1460 1023 1520 iussit
1052 1469 1112 1520 et
1139 1477 1520 1538 programma
1551 1462 1612 1522 in
1643 1460 1974 1540 parietibus
2001 1461 2158 1528 fixit,
2205 1468 2290 1530 nt,

363 1548 414 1608 si
444 1547 583 1625 quis
614 1545 843 1604 cinctus
873 1544 1250 1605 inueniretur
1281 1544 1440 1624 apud
1471 1546 1732 1615 Dafnen,
1776 1545 2103 1606 discinctus
2130 1544 2292 1607 redi·
2321 1561 2374 1601 15

292 1638 324 1687 2
360 1639 471 1692 ret.
546 1646 709 1690 arma
751 1627 1008 1689 militum
1054 1631 1308 1707 septima
1351 1630 1448 1691 die
1489 1649 1731 1710 semper
1771 1632 2060 1710 respexit,
2109 1633 2293 1689 uesti-

359 1723 557 1777 menta
590 1714 766 1774 etiam
798 1721 857 1773 et
887 1712 1274 1774 calciamenta
1306 1720 1367 1774 et
1396 1733 1635 1786 ocreaS,
1681 1715 1922 1776 delicias
1967 1731 2176 1774 omnes
2217 1712 2296 1773 de

360 1801 573 1863 castris
602 1800 928 1860 summouit
958 1799 1251 1876 iussitque
1286 1817 1390 1860 eos
1419 1800 1679 1862 hiemem
1721 1799 1834 1862 sub
1863 1797 2118 1878 pellibus
2149 1815 2290 1876 age-

359 1904 447 1954 re,
481 1885 597 1946 nisi
628 1885 1003 1961 corrigerent
1042 1902 1185 1946 suos
1214 1902 1450 1954 mores;
1508 1893 1570 1946 et
1611 1887 1903 1964 egissent,
1945 1885 2062 1945 nisi
2102 1881 2291 1944 hone-

294 1980 327 2027 3
363 1973 513 2032 stius
544 1971 851 2031 uixissent.
916 1970 1268 2032 exercitium
1299 1973 1538 2050 septimi
1577 1970 1697 2032 diei
1737 1971 1852 2032 fuit
1879 1970 2148 2031 omnium
2177 1971 2286 2030 mi·
2318 1985 2373 2025 20

291 2064 325 2111 4
360 2056 563 2125 litum,
594 2056 675 2116 ita
706 2062 773 2115 ut
802 2062 863 2115 et
902 2055 1145 2133 sagittas
1184 2057 1494 2116 mitterent
1536 2064 1595 2116 et
1625 2055 1806 2115 armis
1845 2053 2139 2114 luderent.
2204 2053 2292 2114 di-

361 2140 535 2202 cebat
578 2141 766 2209 enim,
806 2141 1097 2201 miserum
1140 2158 1301 2214 esse,
1362 2159 1498 2202 cum
1554 2146 1983 2202 exercerentur
2035 2137 2296 2200 athletae

361 2231 681 2287 uenatores
734 2233 793 2285 et
832 2222 1223 2301 gladiatoreS,
1279 2243 1400 2286 non
1453 2226 1724 2286 exerceri
1774 2223 2024 2292 milites;
2077 2223 2297 2303 quibus

294 2320 326 2368 5
361 2311 557 2372 minor
590 2318 748 2371 esset
776 2309 1015 2371 futurus
1046 2307 1236 2378 labor,
1280 2311 1332 2369 si
1363 2317 1686 2371 consuetus
1729 2316 1908 2370 esset.
1971 2325 2116 2386 ergo
2159 2327 2294 2370 cor-

360 2402 525 2456 recta
554 2393 868 2474 disciplina
911 2401 972 2455 et
1010 2395 1075 2452 in
1104 2395 1386 2454 Armenia
1417 2401 1477 2454 et
1503 2396 1568 2454 in
1597 2391 1812 2454 Arabia
1845 2400 1904 2454 et
1931 2394 1996 2452 in
2024 2399 2294 2474 Aegypto
2319 2409 2374 2449 25

293 2488 325 2538 6
361 2494 461 2542 res
492 2481 717 2558 optime
746 2478 933 2556 gessit
973 2484 1324 2554 amatusque
1369 2485 1462 2539 est
1491 2477 1565 2539 ab
1595 2477 1873 2539 omnibus
1902 2478 2294 2541 orientalibus

362 2573 423 2626 et
464 2565 771 2643 speciatim
814 2562 885 2622 ab
929 2561 1460 2632 AntiochensibuS,
1507 2565 1612 2642 qui
1657 2563 1833 2623 etiam
1877 2564 2130 2644 imperio
2163 2566 2294 2625 eius

362 2653 813 2716 consenserunt,
846 2653 914 2706 ut
942 2645 1118 2706 docet
1146 2647 1371 2714 Marius
1392 2647 1684 2710 Maximus
1707 2649 1914 2708 inuita
1937 2647 2063 2708 diui
2083 2649 2287 2712 Marci.

295 2743 325 2792 7
359 2752 497 2794 nam
530 2739 589 2792 et
618 2750 756 2793 cum
787 2729 1055 2792 Bucolici
1084 2730 1306 2792 milites
1345 2749 1457 2812 per
1484 2735 1817 2814 Aegyptum
1859 2735 2064 2812 grauia
2105 2733 2290 2794 multa

358 2818 654 2886 facerent,
699 2815 773 2876 ab
814 2813 927 2875 hoc
970 2818 1201 2877 retunsi
1244 2825 1414 2888 sunt,
1466 2826 1533 2879 ut
1559 2817 1719 2879 idem
1750 2819 1972 2880 Marius
2000 2818 2289 2879 Maximus
2316 2833 2374 2873 30

359 2903 548 2962 refert
574 2902 638 2962 in
670 2919 741 2962 eo
770 2898 927 2961 libro
958 2917 1139 2978 quem
1170 2902 1505 2965 secundum
1536 2901 1610 2964 de
1639 2905 1763 2966 uita
1793 2903 1978 2966 Marci
2003 2901 2288 2963 Antonini

369 2986 571 3046 edidit.
1060 3017 1069 3024 ·

286 3066 326 3130 7
484 3071 595 3132 Hic
622 3072 1050 3151 imperatorem
1081 3090 1147 3132 se
1175 3073 1237 3132 in
1273 3075 1504 3134 oriente
1548 3072 1898 3153 appellauit,
1942 3077 2008 3131 ut
2036 3069 2279 3147 quidam

359 3157 584 3227 dicunt,
618 3155 897 3230 Faustina
930 3155 1203 3228 uolente,
1236 3174 1390 3236 quae
1433 3157 1742 3220 ualitudini
1782 3156 1966 3217 Marci
2005 3157 2123 3217 iam
2165 3154 2286 3217 dis-

462 3310 494 3360 3
526 3312 703 3358 restat
724 3307 845 3359 BP¹
872 3307 939 3371 (c.
964 3307 1058 3374 1²⁰)
1198 3310 1227 3360 7
1262 3309 1568 3374 praefectis
1590 3308 1642 3359 B
1689 3307 2014 3374 praefecisti
2037 3309 2162 3359 Pin
2182 3325 2293 3360 ras.

464 3377 529 3428 16
552 3377 799 3443 respexit
821 3375 989 3428 BPM
1027 3377 1276 3444 inspexit
1299 3377 1500 3428 Iov-dan
1652 3378 1714 3428 17
1741 3375 1961 3428 dilicias
1984 3375 2087 3427 BP
2223 3380 2294 3428 29

359 3459 483 3496 cum
508 3449 565 3496 et
587 3445 691 3496 BP
840 3447 904 3497 31
930 3459 1115 3496 marco
1138 3449 1198 3496 et
1219 3445 1488 3496 antonino
1511 3442 1613 3495 BP
1655 3445 1832 3497 Marci
1855 3449 1914 3496 et
1935 3445 2203 3498 Antonini
2227 3445 2296 3496 M

463 3515 531 3568 34
551 3512 862 3566 ualetudini
882 3514 935 3564 P
1068 3511 1286 3566 diuidet
1307 3511 1382 3564 ,Β1
1429 3510 1696 3565 difidebat
1719 3512 1794 3564 B²
