2517 3884
354 214 585 265 INDEX
619 214 963 266 NOMINVM
998 214 1093 265 ET
1128 216 1382 267 RERVM
1420 216 2002 269 MEMORABILIVM
2093 216 2220 282 355

129 388 395 437 Venustus
440 402 587 437 cons.
648 382 722 448 (a.
782 382 1031 452 992s24o)
1090 388 1148 437 11

196 455 289 516 43,
340 457 421 509 10.
460 454 530 505 ad
563 457 870 508 Venustum
908 454 1147 521 epistula

199 522 448 575 Gallieni
482 524 692 574 inserta
725 524 784 574 11
820 525 1055 586 135,16.

131 610 449 659 Veratianae
471 608 813 659 Pescennius
836 625 869 658 a.
894 608 1019 661 Seu.
1058 623 1147 661 oc·

197 678 347 728 cisus
384 679 621 742 134,15.

131 747 421 797 Ver-conius
501 746 891 805 Herennianus
967 746 1147 810 praef.

192 817 374 879 piaet.
407 799 750 864 Diocletiani
783 812 840 865 ΙΙ
878 814 992 879 167,
1034 815 1112 864 16.

128 884 420 934 Ver-conius
464 883 702 932 Turinus
756 882 963 932 fumum
1010 897 1143 931 uen-

191 950 276 1000 dit
316 955 373 1001 et
406 952 630 1014 punitur
666 950 785 1013 252,
824 950 885 1013 5,
927 951 1144 1013 133173

198 1019 289 1081 19,
329 1019 412 1069 28.
452 1020 570 1081 275,
612 1020 696 1069 23.

130 1104 392 1169 Veryilius
429 1104 554 1166 140,
592 1106 641 1153 2.
688 1104 745 1156 11
779 1105 875 1163 32,
913 1104 963 1157 8.
1006 1103 1141 1154 Ver-

194 1171 335 1237 gilio
377 1172 616 1223 Ennium
660 1171 925 1237 praetulit
969 1172 1141 1222 Hadr.

194 1242 277 1303 17,
319 1239 732 1294 1..Martialem
767 1240 831 1291 V.
870 1254 1028 1290 suum
1064 1240 1143 1290 di-

195 1309 363 1359 cebat
395 1308 595 1359 Helius
630 1309 721 1366 31,
760 1310 840 1359 16.
906 1308 977 1358 V.
1013 1308 1143 1359 Pla-

192 1381 381 1429 tonem
404 1380 693 1444 poetarum
716 1377 963 1429 uocabat
986 1375 1141 1431 Alex.

194 1446 425 1509 eiusque
459 1445 756 1510 imaginem
792 1444 852 1495 in
897 1444 1140 1497 secundo

189 1513 401 1564 larario
435 1512 633 1564 habuit
667 1515 787 1577 249,
824 1516 908 1567 25.
945 1514 1140 1579 Vergi-

189 1581 254 1632 lii
290 1580 497 1632 Aeneis
533 1582 591 1632 II
625 1584 752 1646 249,
788 1583 873 1633 25.
913 1579 1139 1645 (Aeneis

194 1651 457 1701 citatur
514 1650 541 1699 I
600 1650 701 1701 265
737 1666 751 1700 2
788 1651 845 1701 II
907 1652 1028 1714 130,
1092 1652 1139 1701 1.

193 1720 218 1768 Ι
255 1719 357 1769 278
382 1734 397 1767 :
423 1718 480 1769 11
516 1719 643 1783 130,
680 1720 729 1769 3.
768 1718 826 1769 11
858 1719 996 1770 314:
1026 1721 1141 1782 157,

190 1788 241 1837 8.
278 1786 394 1837 1111
426 1788 699 1838 272-274
723 1803 737 1835 =
762 1789 887 1846 201,
923 1789 1007 1839 32.
1064 1788 1141 1838 VI

190 1856 292 1907 365
326 1867 341 1901 ε
374 1855 433 1906 11
470 1856 593 1915 113,
640 1856 721 1905 14.
778 1855 857 1907 VI
901 1857 1000 1907 669
1038 1873 1051 1906 3
1085 1856 1141 1907 11

192 1924 315 1987 130,
354 1923 405 1972 6.
450 1922 529 1974 VI
562 1924 831 1975 808-812
860 1925 955 1983 ,4,
1006 1925 1139 1974 21-

190 1992 276 2041 25.
312 1991 391 2042 VI
426 1991 527 2040 809
554 1990 650 2041 :11
676 1992 791 2048 174,
821 1991 901 2040 15.
938 1990 1016 2041 VI
1040 1992 1140 2043 857

192 2057 351 2109 -582
381 2058 727 2119 157,18-19.
756 2058 837 2109 VI
870 2059 1135 2110 869-712

193 2126 248 2176 11
267 2126 585 2189 41,29-31.
623 2125 700 2176 VI
720 2128 1036 2187 870229,25.
1062 2126 1137 2179 VI

190 2196 425 2246 871-72
453 2211 467 2243 z
493 2197 577 2258 29,
614 2196 834 2249 30-31.
881 2195 961 2245 VI
995 2196 1093 2247 882
1122 2212 1135 2245 2

190 2266 307 2324 231,
348 2264 433 2314 10.
468 2262 547 2311 VI
582 2264 851 2315 884—887
877 2278 891 2313 ε
916 2266 1000 2325 30,
1038 2267 1137 2314 3—

191 2333 239 2380 6.
277 2331 382 2382 VII
404 2330 507 2382 854
532 2346 546 2380 ε
575 2332 693 2395 192,
720 2332 801 2381 18.
838 2331 975 2381 VIII
1010 2333 1135 2392 5893

196 2401 292 2450 591
323 2399 417 2450 211
453 2400 537 2462 22,
577 2401 793 2450 16-17,
831 2398 882 2449 X
917 2402 1055 2452 830:
1083 2399 1139 2450 11

192 2469 311 2531 222,
348 2469 432 2518 27.
470 2468 580 2519 XII
615 2470 717 2533 275
742 2484 757 2518 2
785 2469 901 2533 192,
941 2467 1045 2534 17.)

138 2552 440 2605 Verissimus
476 2552 547 2603 ab
584 2552 871 2607 Hadriano
912 2553 1138 2605 Marcus

192 2618 373 2670 dictus
407 2622 492 2683 45,
528 2622 579 2673 8.

126 2703 309 2738 nemas
344 2687 404 2739 in
447 2688 752 2741 triclinium
789 2690 1011 2742 admisit
1032 2693 1140 2743 Ve-

192 2770 281 2805 rus
320 2757 411 2819 73,
450 2758 531 2811 19.

127 2825 352 2875 uernacli
386 2826 503 2887 193,
541 2826 589 2877 5.

138 2894 344 2943 Verona
378 2891 435 2943 11
471 2895 590 2957 203,
625 2895 678 2945 ’7.

136 2963 445 3013 Veronensis
478 2961 534 3012 11
571 2963 688 3026 207,
726 2965 775 3013 9.

133 3051 313 3100 Verus.
352 3047 416 3096 L.
452 3043 717 3098 Ceionius
752 3045 943 3099 Aelius
980 3047 1137 3100 Com-

190 3116 378 3166 modus
402 3138 469 3151 ——
494 3115 839 3167 Antoninus
824 3132 953 3183 imp.
978 3117 1137 3167 uita

192 3181 836 3248 alulioCapitolino
861 3185 1133 3251 scripta

191 3254 215 3302 I
251 3269 305 3318 p.
342 3253 577 3306 68-77,
624 3268 715 3302 res
762 3269 888 3304 cum
945 3253 1131 3303 Marco

192 3324 381 3384 gestae
416 3319 528 3370 uid.
566 3319 624 3371 in
648 3321 827 3372 Marci
862 3322 983 3372 uita
1006 3336 1060 3386 p.
1082 3324 1133 3384 7,

195 3390 331 3438 25··
274 3390 944 3456 -.,..‚-p164p4925
969 3391 1131 3455 ρ.,57

196 3456 273 3506 16.
307 3457 390 3518 50,
430 3459 494 3519 1,
530 3460 626 3520 23,
664 3460 757 3521 25·
793 3462 886 3529 31,
924 3460 1007 3511 33.
1046 3461 1131 3523 51,

193 3526 251 3584 2,
307 3525 368 3585 4·
437 3526 495 3587 5,
566 3528 649 3579 21.
717 3496 971 3591 5,4,18,
1039 3529 1133 3591 20,

194 3592 282 3654 21,
339 3593 421 3643 23.
482 3595 567 3659 55,
626 3598 708 3647 31.
769 3564 863 3661 56,
921 3598 978 3660 1,
1042 3597 1133 3661 10,

1270 389 1362 451 11,
1403 390 1495 451 13,
1535 390 1624 450 17,
1665 389 1754 450 18,
1791 390 1874 442 26.
1904 389 1998 454 57,
2038 390 2219 452 1,10,

1271 455 1373 517 12.)
1419 482 1486 493 --·
1527 455 1704 507 Verus
1741 459 1833 520 79,
1881 458 1964 510 28.
2003 460 2116 518 185,
2152 460 2219 509 28

1272 522 1624 590 (cf.‘aclnot.).
1662 526 1786 588 196,
1826 526 1908 579 19.
1954 528 2082 589 232,
2120 529 2214 577 26.

1269 620 1338 629 -
1394 592 1566 647 Hadr.
1623 591 1995 657 adoptauerat
2059 594 2219 647 Pium

1273 678 1340 712 ea
1387 661 1541 728 lege,
1589 664 1651 711 ut
1695 661 1794 711 ille
1840 662 1950 712 sibi
1985 661 2219 713 Annium

1269 730 1472 781 Verum
1511 733 1567 781 et
1601 730 1847 780 Marcum
1883 729 2218 781 Antoninum

1271 797 1384 861 (36,
1443 797 1530 862 29)
1579 798 1874 863 adoptaret
1921 800 2016 863 24,
2052 801 2114 865 4,
2163 804 2219 850 et

1269 869 1330 915 ut
1365 865 1536 915 filiam
1572 881 1728 917 suam
1764 867 1909 917 Vero
1966 865 2084 929 (48,
2124 868 2210 928 17)

1267 949 1376 984 non
1416 934 1609 985 Marco
1658 934 1824 985 daret
1861 937 1956 993 32,
2003 937 2085 987 27.
2143 936 2216 987 ab

1265 1001 1553 1053 Hadriano
1597 1002 1672 1055 M.
1715 1002 2026 1055 Antoninus
2087 1020 2209 1055 eum

1269 1070 1538 1136 adoptare
1595 1071 1779 1121 iussus
1837 1073 1929 1135 28,
1985 1074 2068 1123 24.
2128 1074 2216 1135 47,

1265 1140 1348 1192 27.
1397 1137 1542 1189 filius
1579 1142 1666 1188 est
1699 1137 1858 1201 Heli,
1911 1140 2002 1203 qui
2050 1108 2217 1206 adop!

1265 1209 1418 1257 tatus
1455 1210 1541 1257 est
1587 1203 1644 1271 [a
1678 1205 1868 1257 Marco
1903 1208 1994 1258 uel
2035 1204 2209 1276 certe]

1266 1290 1386 1325 cum
1411 1274 1601 1325 Marco
1640 1278 1698 1327 et
1733 1289 1855 1324 cum
1881 1274 2072 1327 eodem
2119 1293 2212 1328 ae-

1265 1341 1430 1407 quale
1466 1342 1642 1408 gessit
1676 1343 1966 1408 imperium
2002 1347 2086 1407 31,
2125 1346 2208 1395 24.

1260 1412 1442 1463 Verus
1489 1426 1610 1461 cum
1663 1410 1854 1461 Marco
1916 1410 2057 1478 adop
2060 1382 2213 1463 t'atus

1263 1496 1297 1530 a
1322 1480 1421 1530 Pio
1447 1481 1594 1545 33,1.
1621 1480 1737 1545 139,
1763 1482 1848 1533 25.
1885 1428 2057 1531 nihilp
2046 1481 2220 1532 habet

1259 1547 1484 1613 dignum
1518 1553 1742 1614 praeter
1779 1548 2133 1599 clementiam
2156 1550 2215 1599 in

1260 1615 1530 1680 moribus,
1603 1617 1747 1681 quod
1816 1618 2214 1683 imperatoriae

1264 1683 1516 1736 familiae
1551 1684 1737 1735 lumen
1772 1684 1994 1735 adferat
2028 1690 2122 1752 33,
2162 1688 2211 1735 7.

1262 1754 1326 1807 L.
1362 1753 1539 1805 Verus
1583 1757 1782 1818 postea
1829 1754 2002 1805 Verus
2037 1753 2210 1805 Anto-

1260 1822 1425 1873 ninus
1482 1821 1660 1872 dietus
1718 1823 1910 1882 37,1.
1971 1824 2071 1887 38,
2129 1824 2212 1871 21.

1263 1893 1394 1939 ante
1432 1892 1647 1955 tempus
1691 1892 1954 1953 quaestor
1991 1859 2077 1941 est
2121 1889 2214 1940 de-

1263 1958 1514 2022 signatus
1549 1958 1633 2016 38,
1670 1960 1755 2012 20.
1793 1956 1985 2008 consul
2018 1960 2212 2020 41,18.

1258 2025 1527 2075 somnium
1562 2026 1626 2076 V.
1668 2040 1737 2076 ea
1773 2025 1860 2077 die
1898 2041 2008 2090 qua
2047 1994 2212 2091 adop-

1256 2097 1411 2143 tatus
1447 2096 1534 2143 est
1566 2095 1661 2153 47,
1706 2096 1789 2145 28.
1849 2094 1950 2145 Pio
1996 2097 2209 2144 mortuo

1256 2163 1324 2214 V.
1371 2160 1592 2213 Marcus
1639 2162 1972 2227 participem
2006 2162 2067 2213 in
2112 2162 2211 2213 im-

1258 2230 1412 2295 perio
1449 2229 1770 2295 designauit
1802 2232 1890 2293 49,
1926 2230 2008 2281 25.
2047 2230 2208 2295 quasi

1256 2303 1423 2364 pater
1493 2298 1715 2349 Marcus
1785 2298 1848 2349 L.
1923 2296 2207 2349 Commodi

1260 2369 1436 2431 esset,
1483 2367 1687 2419 Verum
1734 2381 1856 2417 eum
1906 2365 2214 2433 appellauit

1259 2434 1528 2485 Antonini
1552 2435 1770 2485 nomine
1799 2434 1987 2485 addito
2013 2434 2209 2486 filiam-

1264 2519 1368 2569 que
1415 2518 1571 2553 suam
1607 2501 1884 2554 Lucillam
1920 2502 2082 2554 fratri
2117 2502 2212 2553 de·

1263 2570 1485 2653 spondit
1521 2574 1604 2633 50,
1644 2573 1692 2622 1.
1731 2571 1878 2635 quod
1899 2573 2078 2624 Verus
2116 2587 2204 2623 ex-

1264 2640 1528 2692 cessisset
1562 2640 1697 2701 uita,
1736 2639 1960 2692 Marcus
1995 2639 2215 2691 senatui

1263 2698 1416 2759 uisus
1453 2711 1538 2759 est
1573 2706 1788 2773 gratias
1816 2723 1986 2773 agere
2019 2710 2102 2764 60,
2127 2709 2212 2758 24.

1263 2777 1328 2827 V.
1367 2775 1601 2842 simplex
1637 2775 1747 2825 fuit
1781 2777 1866 2836 67,
1902 2778 1985 2829 23.
2013 2777 2130 2835 234,
2158 2778 2207 2829 2.

1262 2845 1407 2894 Vero
1443 2842 1668 2909 parauit
1710 2812 1948 2894 insid’ias
1981 2812 2214 2894 Auidius

1263 2914 1356 2976 78,
1395 2914 1477 2963 18.
1552 2910 1709 2961 Veri
1756 2910 2066 2977 epistula
2103 2908 2214 2976 (ad

1258 2982 1554 3031 Marcum
1622 2978 1698 3029 de
1777 2978 2048 3040 Auidio)
2103 2980 2224 3029 in-·

1260 3052 1450 3100 serta
1486 3048 1576 3106 78,
1617 3048 1682 3098 19
1717 3061 1838 3112 sqq.
1890 3062 2032 3112 quae
2068 3062 2239 3099 mor-⁴

1256 3120 1353 3167 tuo
1390 3116 1533 3167 Vero
1580 3115 1802 3165 Marcus
1848 3114 2024 3166 solum
2073 3116 2209 3183 egit,
2230 3140 2244 3157 ·

1254 3184 1464 3235 Marius
1509 3184 1782 3233 Maximus
1841 3183 2083 3235 secundo
2136 3183 2204 3234 li-

1253 3254 1354 3303 bro
1379 3252 1446 3303 de
1470 3252 1590 3302 uita
1609 3250 1792 3302 Marci
1832 3252 2042 3319 scripta
2066 3251 2207 3303 dicit

1192 3329 1200 3336 “
1253 3322 1349 3387 85,
1387 3324 1435 3373 3.
1477 3321 1538 3373 V.
1577 3318 1648 3370 ad
1681 3320 1930 3371 Marcum
1966 3321 2206 3387 scripse-

1253 3394 1344 3441 rat
1376 3388 1636 3440 Auidium
1681 3403 1884 3455 cupere
1931 3389 2207 3455 imperare

1253 3460 1339 3522 85,
1377 3459 1438 3521 7,
1475 3460 1525 3509 9.
1562 3460 1690 3524 post
1724 3456 1790 3510 V.
1825 3462 2057 3510 mortem
2092 3459 2200 3509 Lu—

1255 3497 1393 3579 cil'la
1454 3531 1628 3593 nupta
1685 3526 2027 3594 Pompeiano
2089 3528 2205 3590 169,

1252 3598 1338 3649 21.
1385 3596 1454 3651 V.
1489 3594 1686 3648 tertius
1719 3594 2032 3647 Antoninus
2083 3596 2200 3657 185,

1675 3677 1810 3745 23*
