2517 3884
2427 0 2429 56 ⁴

425 132 540 189 XlV
1206 129 1599 188 PRAEFATIO.
2429 149 2432 238 Ι

553 274 682 341 post
714 265 883 323 uerba
912 267 1053 325 enim
1084 266 1231 322 Alex.
1266 269 1333 321 43
1365 282 1575 329 ,omnes
1606 266 1947 324 Christianos
1977 267 2197 350 futuros
2231 272 2281 327 si
2317 271 2431 328 id

430 351 667 408 fecisset’
699 351 1032 425 sequebatur
2431 371 2434 480 Ῐ

476 445 481 464 ’
540 439 561 492 1
612 441 661 493 is
693 429 1029 510 quaternioss)
1063 437 1157 509 qui
1184 423 1502 492 continebat
1524 437 1676 492 Alex.
1697 439 1766 490 58
1797 438 2130 498 ,nominibus
2159 449 2248 496 est
2281 458 2378 498 or·
2431 481 2433 504 2

426 524 607 580 natus’
644 551 719 564 -
752 521 886 576 Max.
916 525 948 574 5
980 523 1183 582 ‚occiso
1216 519 1574 593 Heliogabalo
1603 521 1695 578 ubi
1729 524 1998 595 primum’.
2059 525 2252 580 deinde

554 606 597 663 11
650 604 901 662 Alexl43
941 614 1015 667 ‚et
1055 605 1257 678 templa
1301 605 1512 678 reliqua
1554 606 1848 662 deserenda
1877 637 1962 646 —-—
1991 617 2047 664 et
2077 609 2223 682 apud
2265 628 2373 685 po·
2433 595 2436 690 J

426 691 617 766 pulum
648 691 806 748 lectis
835 692 991 747 uario
1026 697 1273 765 tempore
1304 701 1425 746 cum
1457 689 1618 746 etiam
1643 692 1709 746 de
1736 691 1943 748 isauria
1965 700 2154 766 optate
2178 697 2374 790 uenis·
2433 693 2435 702 '

332 781 339 828 ἶ
430 773 554 832 set.’
612 776 763 832 Alex.
794 778 878 830 58.
2435 818 2438 888 ⁴

551 859 769 916 lII-—Vl
834 859 968 916 Max.
1000 862 1066 914 18
1106 861 1372 922 ,sentiunt
1413 868 1469 915 et
1499 859 1803 917 Gordianos
1844 869 2054 935 patrem
2094 881 2159 920 ae
2181 862 2369 922 {ilium
2436 891 2437 928 ÷

426 949 706 1018 Augustos
758 953 1045 1001 uocarunt.
1122 943 1268 1018 Ergo
1313 945 1361 1003 si
1403 946 1508 1000 uiri
1553 945 1688 1001 estis
1723 975 1796 986 —
1842 945 1986 1004 Haec
2015 947 2082 1003 de
2111 949 2369 1006 moribus
2435 937 2437 1000 j

424 1038 589 1104 atque
628 1045 850 1104 genere.
894 1029 1136 1088 Decretis
1168 1045 1310 1116 ergo
1349 1028 1602 1086 omnibus
1645 1031 2014 1105 imperatoriis
2050 1033 2369 1092 honoribus
2437 1040 2439 1112 4

423 1123 589 1188 atque
620 1114 943 1188 insignibus,
975 1121 1239 1188 percepta
1269 1102 1560 1172 tribunicia
1591 1122 1883 1188 potestate,
1915 1116 2034 1174 iure
2055 1133 2365 1190 proconsu-
2438 1121 2439 1148 ³

423 1199 541 1263 lari,
583 1199 909 1274 pontificatu
938 1200 1186 1262 maximo,
1231 1200 1405 1272 patris
1437 1199 1600 1256 etium
1631 1199 1842 1273 patriae
1872 1201 2092 1268 nomine
2120 1203 2365 1260 inierunt

422 1287 729 1360 imperium.
818 1284 913 1340 sed
952 1282 1127 1340 dum
1113 1301 1169 1340 m
1197 1282 1466 1357 Capitolio
1498 1299 1614 1339 rem
1645 1284 1884 1343 diuinam
1911 1285 2140 1356 faciunt,
2183 1305 2364 1362 popu·
2439 1261 2442 1336 l

420 1370 509 1428 lus
538 1371 811 1426 Romanus
854 1369 1083 1443 imperio
1115 1367 1328 1424 Maximi
1359 1369 1702 1433 contradixit.
1737 1369 2002 1431 timebant
2029 1373 2172 1427 enim
2201 1389 2363 1430 seue·
2440 1365 2441 1368 '

420 1457 642 1512 ritatem
672 1454 789 1511 eius
820 1453 1069 1509 homines
1100 1453 1378 1526 uulgares’
1410 1453 1540 1509 Max.
1573 1462 1630 1510 et
1658 1453 1803 1511 Ball).
1834 1458 1886 1510 8.

502 1534 509 1544 “
547 1539 636 1594 vll
686 1539 818 1594 Max.
837 1542 869 1591 5
901 1538 1187 1612 ,comperit
1208 1538 1575 1594 Alexandrum
1606 1539 1910 1613 principem
1937 1569 2010 1594 ·.—
2045 1557 2148 1612 nec
2179 1541 2360 1598 solum
2441 1591 2443 1596 Α

420 1641 507 1680 me
540 1624 637 1680 sed
666 1625 827 1680 etiam
860 1640 963 1679 uos
994 1632 1051 1680 et
1080 1637 1271 1678 omnes
1303 1623 1397 1696 qui
1428 1625 1656 1679 mecum’
1688 1642 1737 1680 c.
1770 1627 1850 1682 18.

550 1707 684 1766 Tum
726 1709 893 1764 haece
934 1706 1507 1782 sequebantur-(Max.
1542 1716 1597 1764 et
1627 1708 1774 1766 Balb.
1797 1705 1889 1781 '8'):
1953 1727 2132 1784 ,quam
2175 1719 2236 1767 et
2278 1730 2364 1768 se·
2444 1706 2445 1748 ¹

420 1796 573 1850 natui
616 1794 1049 1866 acceptissimam
1101 1800 1155 1847 et
1215 1792 1321 1849 sibi
1373 1792 1813 1850 aduersissimam
1863 1809 1984 1850 esse
2043 1796 2357 1854 credebant.

420 1894 591 1953 quare
620 1879 822 1935 factum
854 1885 957 1940 est.
1007 1886 1071 1935 ut
1117 1877 1368 1940 diximus,
1421 1886 1484 1934 ut
1507 1877 1834 1936 Gordianum
1887 1880 2359 1938 adulescentulum
2446 1927 2447 1952 ι

325 1975 329 1986 ·
416 1963 721 2037 principem
751 1971 1021 2038 peterent,
1066 1964 1160 2037 qui
1192 1962 1380 2020 statim
1410 1962 1588 2020 factus
1619 1971 1720 2020 est.
1767 1979 1869 2021 nec
1907 1967 2062 2038 prius
2099 1968 2357 2040 permissi
2446 1957 2447 1990 ³

418 2056 548 2105 sunt
589 2048 655 2106 ad
693 2047 959 2104 Palatium
1002 2046 1221 2122 stipatis
1264 2049 1430 2105 armis
1472 2048 1552 2104 ire
1597 2065 1758 2122 quam
1799 2056 2054 2123 nepotem
2097 2047 2356 2108 Gordiani

418 2131 663 2190 Caesaris
704 2134 922 2190 nomine
974 2141 1380 2213 nuncuparunt.
1479 2131 1576 2188 His
1629 2135 1800 2206 gestis
1830 2133 2229 2208 celebratisque
2275 2153 2356 2192 sa-

381 2220 387 2228 “
418 2219 543 2274 cris’
574 2227 630 2274 et
660 2235 712 2294 q.
745 2237 788 2276 S.
2323 2233 2339 2260 ⁴

546 2303 705 2362 Falso
738 2303 907 2377 igitur
936 2305 1149 2378 positus
1180 2309 1299 2362 erat
1331 2303 1616 2376 quaternio
1647 2303 1920 2360 secundus
1951 2311 2076 2359 ante
2099 2307 2357 2377 primum.-

418 2390 703 2462 septimus·
721 2397 846 2446 ante
877 2391 1116 2445 tertium.

550 2473 729 2530 Minor
768 2481 887 2530 erat
929 2471 1306 2546 transpositio.
1353 2471 1577 2544 quaein
1615 2471 1871 2526 extremis
1902 2472 2034 2527 uitis
2065 2472 2358 2539 acciderat,

416 2555 509 2614 ubi
541 2558 674 2616 haec
702 2576 829 2633 pars
858 2556 1167 2628 Numeriani
1208 2554 1280 2627 (c.
1315 2551 1552 2625 13—15)
1584 2555 1910 2627 ,Augustum
1939 2555 2357 2630 appellauerunt

428 2674 493 2682 —
532 2643 743 2702 dicebat
786 2642 988 2699 nullam
1018 2639 1214 2706 aliam’,
1260 2655 1400 2713 quae
1443 2639 1679 2698 fortasse
1722 2657 1835 2695 uno
1869 2637 2005 2698 folio
2035 2644 2354 2702 contineba-

422 2735 526 2790 tur,
558 2728 871 2784 intermissa
899 2733 1017 2781 erat
1046 2727 1193 2782 inter
1224 2723 1391 2780 uerba
1423 2723 1540 2780 Car.
1570 2729 1604 2778 2
1645 2740 1804 2798 ,quae
1835 2725 1983 2785 illius
2013 2724 2267 2786 felicitas'
2301 2739 2357 2786 et

421 2812 543 2875 ,suit
576 2815 668 2886 qui
700 2803 1035 2881 suntlauit’.⁹)
1266 2888 1274 2890 -
1543 2823 1547 2826 ’

546 2898 739 2953 Vltima
768 2895 1003 2969 denique
1032 2893 1189 2961 iuius,
1210 2893 1337 2950 libri
1368 2893 1537 2952 uerba
1579 2892 1836 2952 fuerunt:
1883 2895 2199 2960 ,contendas
2232 2898 2353 2954 feli-

554 3094 611 3160 8)
636 3093 694 3145 si
719 3094 940 3159 quidem
960 3109 1150 3144 ueram
1172 3094 1514 3146 instituimus
1533 3095 1806 3146 rationem
1831 3094 1897 3145 de
1923 3095 2100 3146 forma
2123 3096 2244 3149 cod.
2266 3113 2350 3148 ar-

421 3163 645 3228 chetypi
669 3161 705 3214 1.
730 3178 775 3212 s.
804 3179 847 3215 s.
873 3180 925 3229 p.
952 3165 1033 3226 26,
1061 3162 1202 3228 quod
1226 3162 1474 3228 singulos
1499 3177 1692 3214 uersus
1717 3177 2026 3229 sexagenas
2051 3163 2170 3214 fere
2193 3162 2351 3216 litte-

420 3247 528 3297 ras,
555 3230 786 3296 paginas
814 3231 1006 3297 quinos
1031 3232 1202 3282 denos
1228 3245 1425 3281 uersus
1449 3231 1787 3296 continuisse
1814 3231 2165 3285 coniecimus.

554 3298 609 3364 9)
634 3297 701 3348 In
724 3300 1040 3350 uniuersum
1063 3304 1217 3349 recte
1243 3297 1522 3349 indicatus
1552 3302 1638 3348 est
1670 3313 1837 3349 uerus
1871 3298 2002 3350 ordo
2025 3300 2137 3349 i‘am
2159 3299 2219 3350 in
2243 3302 2296 3352 P
2318 3318 2353 3352 a

417 3367 587 3417 tertia
609 3382 791 3432 manu,
815 3372 878 3418 ut
899 3367 1031 3418 mihi
1054 3366 1292 3430 uidetur,
1317 3366 1537 3417 conlato
1563 3365 1751 3430 aliquo
1777 3366 1968 3418 codice
1994 3367 2240 3419 familiae
2265 3370 2349 3419 in·

416 3435 749 3500 terpolatae,
785 3451 891 3501 quo
923 3435 1178 3502 inspecto
1203 3435 1370 3485 etiam
1405 3433 1533 3484 aliis
1565 3433 1706 3484 locis
1729 3434 1908 3488 multa
1931 3451 2050 3487 eam
2077 3435 2350 3488 adiecisse

420 3518 588 3570 supra
612 3504 1013 3554 adnotauimuS.
