2517 3884
297 179 532 230 INDEX
568 177 914 228 NOMINVM
948 178 1044 228 ΕΤ
1081 177 1339 228 RERVM
1378 177 1955 229 MEMORABILIVM
2057 175 2188 242 339

157 347 305 400 male
393 345 461 398 de
542 346 691 398 Com.
781 345 1112 413 loquebatur

160 419 290 480 155,
326 417 372 468 8.
435 430 469 465 a
513 413 637 466 Seu.
683 415 970 479 imperium
1015 413 1109 464 Al-

157 484 279 534 bini
314 483 586 534 firmatum
634 483 751 546 155,
789 483 873 532 26.
913 485 1030 544 156,
1056 485 1106 532 3.

158 551 214 604 S.
231 551 509 602 consulem
521 550 840 616 designauit
849 549 1108 599 Albinum

158 620 284 678 156,
334 622 412 670 11.
486 621 611 682 159,
656 619 706 671 4.
801 617 927 671 Seu.
971 618 1109 667 Afer

158 690 274 746 157,
316 689 408 750 21;
457 689 542 738 23.
659 685 901 736 Seueri
959 685 1108 750 epi-

157 754 467 805 stulsad
492 753 803 804 Albinum
837 752 1107 804 inserta

156 825 274 886 159,
315 824 377 872 16
414 837 496 886 sq.
568 821 866 886 stipatores
911 819 1108 870 Seueri

153 891 310 940 iussu
336 890 464 939 Alb.
491 888 747 941 occidere
785 888 973 938 conati
1007 887 1106 938 sed

155 957 491 1022 deprehensi
551 961 610 1008 et
673 956 911 1020 professi
977 957 1108 1004 sunt

158 1026 276 1087 160,
303 1026 362 1085 9;
403 1039 573 1089 quare
597 1023 723 1074 Alb.
755 1028 948 1074 contra
974 1022 1102 1073 Seu.

156 1094 312 1142 uenit
331 1093 446 1156 160,
464 1095 552 1154 113
584 1093 761 1158 primo
772 1091 897 1142 Alb.
913 1095 1108 1140 contra

156 1159 325 1210 duces
365 1159 419 1212 S.
462 1161 646 1226 potior
702 1160 813 1210 fuit
859 1160 973 1221 160,
1015 1161 1106 1220 133

156 1232 272 1278 tum
309 1227 362 1279 S.
400 1228 523 1292 ipse
569 1229 764 1278 contra
813 1241 935 1277 eum
979 1241 1104 1292 pro·

157 1295 344 1345 fectus
368 1295 510 1345 uicit
535 1297 650 1356 160,
677 1296 758 1344 13.
795 1292 916 1344 Alb.
943 1295 1106 1343 semi—

155 1363 318 1412 uiuus
367 1362 436 1412 ad
473 1362 528 1412 8.
564 1361 830 1412 deductus
869 1363 984 1425 160,
1021 1364 1103 1411 23.

157 1445 192 1480 a
238 1428 508 1480 militibus
542 1429 668 1480 Alb.
715 1430 963 1489 occisus,
1011 1427 1108 1492 qui

157 1499 276 1548 eius
312 1513 450 1547 nece
487 1513 522 1546 a
559 1497 612 1547 S.
652 1496 889 1562 gratiam
924 1495 1108 1560 requi·

155 1566 359 1616 rebant
383 1566 500 1627 160,
521 1567 603 1615 26.
643 1567 774 1614 ante
795 1563 922 1614 Seu.
943 1578 1110 1629 prae·

155 1634 358 1683 torium
393 1631 581 1682 Albini
619 1647 815 1697 corpus
850 1647 950 1697 per
986 1631 1106 1682 dies

155 1700 422 1765 plurimos
477 1701 654 1751 iacuit
690 1701 805 1764 161,
841 1703 890 1751 2.
963 1697 1103 1750 Gae-

153 1783 335 1818 sarem
382 1783 538 1818 suum
584 1768 871 1833 appellare
923 1766 1105 1818 uoluit

153 1835 418 1886 Albinum
443 1837 567 1887 Seu.
595 1838 710 1898 161,
727 1838 807 1888 11.
841 1836 899 1884 in
921 1834 1103 1884 odium

155 1903 350 1953 Seueri
390 1909 604 1953 amatus
630 1908 717 1953 est
740 1903 862 1956 Alb.
889 1903 1101 1959 162,28.

152 1971 306 2020 uicto
342 1970 466 2020 Alb.
505 1970 770 2034 plurimos
817 1973 933 2019 eius
981 1984 1104 2033 parv

153 2038 295 2086 tium
331 2042 623 2088 senatores
649 2038 703 2090 S.
743 2036 951 2088 occidit
986 2036 1105 2099 163,

153 2108 204 2156 2.
245 2105 554 2169 epistula
589 2103 643 2155 S.
681 2104 760 2155 ad
796 2108 1105 2154 senatum

155 2173 261 2222 ins
278 2177 428 2224 crta
453 2173 615 2237 163,9
642 2187 764 2236 sqq.
803 2171 856 2221 S.
877 2170 1108 2234 reliquit

156 2238 304 2290 filios
379 2241 578 2290 Getam
651 2245 708 2290 et
775 2240 1108 2289 Bassianum

157 2309 274 2370 167,
312 2311 361 2358 3.
388 2327 394 2332 ·
432 2308 611 2358 iratus
643 2306 1109 2357 Antiochensibus

157 2378 217 2426 et
289 2375 582 2441 Byzantiis
669 2374 827 2440 quod.
878 2375 1107 2439 Nigrum

154 2445 418 2494 iuuerant
452 2445 569 2507 167,
610 2444 689 2495 19.
760 2443 1106 2507 Papinianus

158 2511 527 2561 amicissimus
567 2510 691 2563 Seu.
732 2512 934 2574 172‚.6;
976 2507 1102 2562 Seu.

157 2577 301 2627 filios
342 2579 395 2627 ei
433 2577 838 2629 commendauit
874 2579 993 2641 172,
1019 2578 1102 2627 28.

161 2660 283 2694 cum
321 2644 373 2694 S.
401 2646 682 2709 professus
719 2649 806 2695 est
840 2645 1103 2709 Papinia-

157 2727 262 2762 nus
306 2711 405 2762 sub
445 2712 722 2764 Scaeuola
767 2715 1000 2775 172,29;
1049 2715 1106 2760 et

159 2781 215 2830 S.
254 2780 310 2829 in
338 2779 706 2830 aduocatione
729 2778 851 2830 fisci
884 2794 1104 2829 succes-

159 2849 234 2898 sit
272 2849 386 2910 172,
427 2850 511 2898 19.
581 2847 635 2897 S.
675 2847 876 2897 dicitur
920 2847 1106 2896 animo

1232 346 1357 398 fisci
1413 345 1839 397 aduocationem
1894 346 2184 412 delegerat

1232 416 1350 478 178,
1369 415 1453 464 14.
1491 412 1545 464 S.
1566 413 1775 464 dictum
1803 414 1871 464 de
1894 414 2037 465 Geta
2067 415 2182 466 filio
2229 415 2234 419 '

1233 483 1443 543 178,20.
1485 481 1679 534 consul
1704 479 2037 546 (a.941s189)
2066 485 2181 543 178,

1229 552 1314 602 31.
1387 549 1442 600 8.
1491 550 1695 600 Iuliam
1739 564 1963 600 uxorem
2010 550 2182 610 duxit,

1229 615 1373 683 quod
1409 632 1533 668 eam
1576 617 1635 666 in
1679 618 1939 682 genitura
1974 617 2183 669 habere

1229 689 1596 749 compererat,
1620 687 1683 735 ut
1706 700 1841 736 uxor
1864 687 2011 750 regis
2034 691 2184 737 esset
2246 715 2248 717 ·

1229 755 1345 815 179,
1376 755 1422 803 1.
1447 755 1568 816 231,
1593 755 1678 804 21.
1720 753 1865 817 quod
1887 753 2035 804 Iulia
2057 755 2183 805 ioco

1228 819 1465 879 dixerat,
1506 820 1559 872 S.
1586 821 1752 885 quasi
1776 837 1936 872 omen
1962 823 2181 888 accepit

1227 886 1409 938 Getae
1446 888 1739 939 occidendi
1776 891 1891 952 179,
1928 891 1979 940 8.
2050 888 2181 941 Seu.

1226 955 1566 1005 Antoninum
1589 955 1869 1020 plebeium
1903 956 2181 1008 hominem

1228 1022 1437 1073 occidit
1489 1037 1755 1089 responso
1802 1023 2038 1089 quodam
2082 1025 2181 1074 ha-

1228 1090 1467 1156 ruspicis
1501 1090 1759 1140 inductus
1796 1093 1909 1150 179,
1940 1094 2021 1146 14.
2058 1107 2185 1143 cum

1228 1158 1286 1210 S.
1322 1157 1571 1208 natalem
1608 1157 1787 1209 Getae
1834 1159 2179 1210 commenda-

1228 1228 1330 1284 ret,
1356 1240 1531 1276 omen·
1542 1224 1757 1275 factum
1784 1226 1963 1277 Getae
1988 1228 2179 1277 mortis

1230 1295 1349 1356 179,
1369 1295 1454 1346 20.
1492 1291 1549 1345 8.
1572 1293 1814 1358 partium
1838 1293 2183 1346 diuersarum

1227 1361 1378 1412 uiros
1403 1360 1660 1411 occidere
1687 1361 1919 1412 uolebat
1945 1363 2062 1426 179,
2087 1364 2171 1414 26.

1228 1427 1283 1479 S.
1331 1427 1685 1493 sepulchrum
1728 1429 1841 1480 sibi
1883 1429 2049 1480 uiuus
2092 1445 2183 1482 or·

1226 1501 1464 1547 naucrat
1500 1497 1615 1557 182,
1655 1499 1703 1548 7.
1764 1495 1818 1548 S.
1856 1511 1915 1548 sc
1951 1496 2183 1548 Antoni-

1225 1579 1357 1614 num
1397 1566 1627 1615 uocauit
1675 1565 1800 1629 185,
1839 1567 1889 1615 6.
1940 1567 2056 1629 199,
2096 1567 2181 1620 16.

1227 1647 1263 1682 a
1288 1631 1417 1687 Seu.
1445 1631 1593 1697 Opil.
1631 1634 1916 1698 relegatus
1952 1635 2011 1683 in
2033 1633 2180 1684 Afri-

1228 1715 1349 1750 cam
1390 1701 1505 1764 185,
1548 1703 1631 1752 23.
1692 1699 1748 1754 S.
1783 1700 1923 1750 duas
1959 1706 2178 1752 statuas
2284 1719 2289 1722 ·

1225 1767 1591 1832 triumphales
1615 1768 1867 1818 decernit
1890 1768 2037 1834 Opil.
2060 1769 2180 1832 188,

1225 1836 1275 1884 8.
1348 1835 1475 1886 Seu.
1512 1834 1829 1886 Pertinacis
1876 1835 2001 1884 Afri
2044 1851 2183 1886 uxor
2259 1849 2272 1863 ·

1224 1902 1375 1952 Iulia
1414 1903 1527 1964 189,
1567 1905 1651 1952 21.
1716 1902 1767 1952 8.
1808 1917 1941 1967 prae
1976 1903 2183 1954 ceteris

1225 1969 1498 2019 laudabat
1518 1968 1739 2034 Opilius
1764 1971 1879 2029 191,
1901 1973 1983 2021 20.
2019 1971 2195 2024 iuxta.

1226 2037 1603 2102 prouisionem
1653 2036 1780 2088 Seu.
1838 2041 1895 2086 et
1949 2038 2182 2088 Traiani

1227 2108 1440 2168 septem
1500 2119 1766 2154 annorum
1826 2120 2007 2156 canon
2067 2106 2180 2155 fru-

1227 2172 1533 2222 mentarius
1556 2172 1765 2224 Romae
1804 2177 1926 2223 erat
1947 2174 2065 2233 221,
2090 2175 2194 2228 28.4

1229 2238 1283 2289 S.
1307 2254 1342 2289 a
1364 2239 1633 2290 militibus
1653 2241 1953 2305 imperator
1977 2240 2183 2304 factus,

1233 2322 1357 2356 cum
1422 2308 1536 2356 iam
1594 2307 1872 2357 Iulianum
1950 2307 2184 2358 dixisset

1228 2377 1457 2425 senatus
1484 2377 1603 2439 229,
1618 2377 1665 2426 5.
1706 2374 1758 2428 S.
1774 2375 1977 2440 populo
1998 2375 2183 2426 oleum

1227 2441 1383 2491 dedit
1416 2445 1531 2501 242,
1564 2445 1644 2494 30.
1701 2442 1965 2493 clamides
2000 2443 2181 2494 hirtae

1227 2509 1283 2563 S.
1320 2512 1437 2566 250,
1473 2512 1557 2560 26.
1631 2509 1687 2563 S.
1724 2511 1965 2562 innotuit
1998 2511 2177 2560 Maxi-

1224 2579 1404 2629 minus
1430 2581 1485 2629 11
1508 2581 1655 2638 3‚15.
1681 2581 1732 2639 4,
1752 2581 1816 2640 9,
1845 2580 1934 2640 1ος
1965 2580 2055 2641 16,
2082 2581 2179 2640 213

1227 2647 1310 2698 27.
1358 2649 1408 2708 5,
1436 2649 1491 2708 1;
1536 2648 1601 2708 43
1638 2649 1690 2707 9;
1716 2649 1807 2698 ,30.
1855 2649 1905 2709 6,
1940 2647 2021 2696 18.
2083 2661 2182 2713 op-

1227 2713 1395 2762 timus
1430 2715 1559 2779 imp.
1588 2713 1647 2764 11
1673 2715 1787 2776 166,
1817 2715 1899 2764 18.
1948 2713 2001 2762 8.
2040 2711 2182 2763 dixit

1228 2780 1880 2913 {Spugssffirffige‘ffiff
1883 2780 1950 2898 ‘1¹5
1954 2780 2177 2898 3¹6²&

1300 2889 1311 2900 ι
2066 2886 2079 2910 ’
2167 2883 2195 2902 ἰ

157 2915 472 2976 uolutasse,
533 2919 597 2964 ut
643 2913 767 2968 Car.
824 2913 1108 2964 occideret
1159 2914 1383 2965 Seuerus
1410 2916 1671 2966 citatur
1697 2918 1810 2974 147,
1828 2918 1916 2977 12,
1958 2917 2038 2968 17.
2063 2918 2180 2976 159,

160 2986 277 3045 175,
303 2985 396 3044 23;
425 2984 508 3032 25.
559 2983 613 3032 8.
643 2981 840 3032 Getam
873 2982 1105 3032 Antoni-

160 3067 287 3101 num
323 3052 553 3101 uocauit
579 3051 694 3111 177,
718 3053 766 3103 6.
806 3051 866 3101 in
901 3049 1106 3100 somnis

158 3118 323 3182 uidit,
361 3120 697 3168 Antoninum
742 3118 852 3168 sibi
887 3131 1106 3167 succes-

1227 2983 1280 3034 8.
1320 2984 1436 3041 160,
1462 2985 1511 3034 5.
1543 2985 1659 3044 162,
1690 2986 1780 3044 13;
1806 2985 1887 3036 16.
1924 2983 1983 3032 in
2006 2983 2178 3033 histo-

1229 3049 1315 3099 ria
1390 3051 1543 3101 uitae
1597 3053 1854 3116 priuatae
1913 3049 2009 3114 (cf.
2059 3052 2176 3114 138,

1236 3117 1322 3178 10)
1361 3121 1474 3176 126,
1513 3120 1596 3172 28.

161 3202 341 3236 surum
379 3188 495 3249 177,
529 3188 576 3236 9.
618 3188 734 3249 199,
760 3187 858 3250 28;
919 3186 1110 3249 itaque
1163 3184 1351 3236 Seueri
1415 3187 1535 3236 uita
1606 3202 1639 3236 a
1698 3185 1879 3236 Mario
1936 3166 2196 3240 Maximo?

165 3254 363 3302 Getam
408 3253 746 3305 Antoninum
801 3251 1111 3319 appellauit

161 3323 346 3379 201,4.
396 3322 450 3374 8.
485 3323 543 3371 in
581 3322 763 3372 animo
799 3321 1014 3382 habuit,
1049 3325 1112 3370 ut

163 3403 348 3436 omnes
384 3390 622 3456 Augusti
657 3387 1110 3454 quemadmodum
1161 3391 1381 3440 seuirum
1451 3393 1646 3446 turmis

163 3456 423 3519 Augusti,
485 3458 564 3506 ita
618 3458 787 3508 etiam
842 3457 1110 3507 Antonini

162 3523 477 3573 dicerentur
519 3528 631 3588 178,
661 3529 708 3581 7.
776 3526 908 3576 Pius
945 3524 998 3575 S.
1040 3523 1110 3574 ad

1232 3254 1443 3318 scripta
1480 3256 1687 3305 citatur
1722 3256 1836 3317 178,
1862 3257 1913 3304 4.
1952 3257 2068 3316 231,
2095 3248 2181 3308 20.

1233 3320 1287 3369 S.
1300 3321 1418 3371 uita
1444 3321 1729 3388 Spartiani
1756 3323 1960 3372 citatur
1986 3323 2099 3383 167,
2126 3325 2177 3372 7.

1718 3391 1965 3454 equitum
2021 3390 2177 3440 Rom.

1230 3459 1343 3507 iam
1363 3459 1642 3510 consulem
1683 3459 2040 3524 designatum
2061 3473 2178 3507 cre-

1233 3527 1353 3576 auit
1386 3526 1521 3578 Pius
1555 3530 1639 3591 48,
1679 3529 1761 3576 20.

1418 3605 1423 3615 ’
1644 3608 1778 3672 22*
