2517 3884
8 1611 15 1804 L

7 1915 26 2326 ,

623 139 1018 198 ALEXANDER
1060 139 1373 197 SEVERVS.
1450 141 1505 198 C.
1537 143 1713 200 6-9.
2015 137 2146 203 233

198 307 418 376 lectet,
455 307 787 367 Antoninus
818 315 1086 368 uocetur.
1150 309 1591 369 Antoninorum
1631 309 1853 388 templa
1896 311 2141 370 Antoni-

195 411 318 454 nus
350 377 607 452 dedicet.
654 383 910 454 Parthos
942 400 1002 453 et
1030 393 1145 453 Pei
1149 411 1246 453 sas
1276 395 1611 454 Antoninus
1642 396 1858 456 uincat.
1906 413 2145 457 sacrum
2180 408 2217 456 6

197 495 428 538 nomen
461 485 726 538 sacratus
757 479 1023 556 accipiat
1089 495 1327 538 sacrum
1366 497 1589 539 nomen
1631 487 1830 541 castus
1872 483 2143 560 accipiat.

197 563 490 624 Antonini
516 581 740 624 nomen
787 563 846 623 di
878 570 1258 641 cognoscant,
1290 565 1729 626 Antoninorum
1761 563 2055 626 honorem
2086 566 2146 626 di

145 667 176 707 5
205 655 588 709 conseruent.
661 649 725 708 in
769 654 828 707 te
871 649 1098 718 omnia,
1142 666 1254 727 per
1286 653 1345 708 te
1388 651 1603 710 omnia.
1665 652 1999 720 Antonine,
2040 650 2143 711 ha—

201 741 419 794 ueas,“
477 733 554 796 Et
583 739 720 812 post
750 733 1212 794 adclamationes
1241 729 1521 795 Aureliu's
1550 733 1888 796 Alexander
1934 735 2147 799 Caesar
2180 737 2224 801 8

198 821 540 896 Augustus:
604 819 887 888 „Gratias
916 817 1117 894 uobis,
1151 836 1210 897 p.
1247 836 1321 888 c.,
1376 836 1499 879 non
1534 837 1695 880 nunc
1746 821 2009 900 primum
2043 821 2205 881 sed'

203 911 266 966 et
305 903 379 962 de
425 903 799 964 Caesareano
840 905 1086 964 nomine
1127 909 1186 964 et
1225 903 1301 963 de
1342 904 1465 964 uita
1508 911 1748 994 seruata
1794 912 1853 966 et
1898 907 2151 985 Augusti

199 989 450 1048 nomine
480 988 681 1049 addito
731 995 789 1048 et
830 989 906 1049 de
935 989 1284 1068 pontificatu
1326 965 1593 1049 maximo
1636 997 1695 1051 et
1724 991 1798 1050 de
1830 989 2149 1052 tribunicia

125 1093 176 1132 ιο
200 1079 506 1152 potestate
567 1082 628 1133 et
683 1073 1106 1152 proconsulari
1161 1074 1449 1152 imperio,
1514 1091 1666 1152 quae
1728 1077 1930 1136 omnia
1986 1093 2147 1137 nouo

206 1157 484 1246 exemplo
514 1175 636 1218 uno
667 1158 808 1218 die
792 1177 855 1220 1n
885 1177 982 1220 me
1014 1158 1417 1220 contulistisd‘
1474 1157 1549 1218 Et
1578 1177 1715 1219 cum
1756 1160 2011 1229 diceret,
2046 1161 2147 1220 ad·
2184 1175 2221 1222 2

206 1238 562 1304 clamatum:
622 1243 828 1314 „Haec
881 1245 1227 1324 suscepisti,
1283 1243 1565 1304 Antonini
1614 1261 1835 1304 nomen
1888 1246 2144 1324 suscipe.

203 1334 518 1389 mereatur
565 1335 843 1398 senatus,
897 1330 1178 1391 Antonini
1227 1332 1597 1390 mereantur.
1682 1331 1978 1391 Antonine
2029 1331 2146 1390 Au·
2186 1335 2223 1392 3

203 1421 401 1492 guste,
437 1413 588 1474 dite
620 1420 894 1483 seruent,
942 1414 1002 1474 di
1042 1421 1103 1475 te
1143 1415 1508 1474 Antoninum
1551 1421 1930 1476 conseruent.
2020 1433 2148 1474 mo-

123 1518 174 1559 15
203 1507 384 1560 netae
433 1516 660 1560 nomen
709 1500 992 1560 Antonini
1040 1499 1351 1560 reddatur.
1439 1499 1665 1579 templa
1713 1501 2151 1562 Antoninorum

201 1585 542 1645 Antoninus
602 1591 984 1646 consecret.“
1069 1583 1359 1645 Aurelius
1415 1583 1751 1646 Alexander
1811 1587 2145 1662 Augustus:
2184 1603 2225 1650 4

205 1669 338 1738 „Ne
371 1686 628 1746 quaeso,
661 1687 720 1748 p.
757 1687 844 1740 c.,
894 1687 972 1730 ne
1014 1685 1114 1730 me
1159 1668 1232 1730 ad
1263 1668 1419 1730 hanc
1450 1671 1793 1732 certaminis
1822 1672 2145 1732 necessita-

203 1763 330 1814 tem
359 1755 622 1824 uocetis,
657 1760 723 1814 ut
765 1771 878 1832 ego
911 1771 1090 1832 cogar
1120 1760 1287 1814 tanto
1317 1755 1547 1815 nomini
1578 1757 1721 1816 satis
1748 1755 1977 1826 facere,
2012 1773 2150 1817 cum

208 1840 387 1900 etiam
417 1837 535 1898 hoc
565 1840 762 1917 ipsum
807 1857 1024 1902 nomen
1069 1837 1208 1900 licet
1249 1841 1637 1918 peregrinum
1670 1847 1867 1900 tamen
1934 1857 2148 1900 rauare

127 1945 183 1984 20
209 1924 506 1985 uideatur.
539 2002 543 2008 Ι
572 1921 720 1984 haec
751 1925 908 1986 enim
941 1925 1180 1985 nomina
1210 1923 1467 2001 insignia
1498 1942 1752 1986 onerosa
1782 1943 1894 1986 sun
1926 1971 1940 1984 .
2016 1925 2149 2001 quis
2187 1944 2224 1990 5

202 2011 360 2069 enim
395 2009 750 2070 Ciceronem
795 2010 1024 2070 diceret
1059 2009 1337 2069 mutum?
1400 2010 1532 2084 quis
1584 2009 1892 2070 indoctum
1932 2009 2149 2069 Varro-

199 2095 376 2162 nem?
453 2095 593 2170 quis
641 2095 872 2173 inpium
925 2092 1272 2154 Metellum?
1348 2099 1433 2162 et,
1484 2100 1554 2154 ut
1594 2092 1710 2153 hoc
1752 2093 1813 2153 di
1855 2098 2147 2161 auertant,

204 2181 336 2254 quis
369 2197 493 2239 non
526 2186 882 2257 aequantem
913 2179 1157 2239 nomina
1187 2179 1346 2238 ferat
1376 2177 1697 2256 degentem
1726 2177 1791 2238 in
1822 2177 2148 2240 clarissima

201 2265 402 2342 specie
435 2263 874 2340 dignitatum?“
953 2261 1104 2324 Item
1136 2262 1495 2332 adclamata,
1542 2281 1693 2340 quae
1739 2281 1935 2343 supra.
1998 2261 2147 2324 Item
2180 2269 2226 2334 9

7 2387 32 2441 5
123 2368 178 2408 25
205 2349 536 2428 imperator
577 2347 754 2408 dixit:
818 2349 1307 2419 „Antoninorum
1349 2364 1593 2418 nomen,
1639 2347 1737 2408 uel
1778 2349 1893 2409 iam
1926 2365 2149 2408 numen

9 2532 22 2575 l

201 2436 408 2512 potius
439 2432 616 2510 quale
645 2433 856 2504 fuerit,
893 2435 1169 2494 meminit
1207 2440 1412 2494 uestra
1456 2433 1800 2527 clementia.
1865 2435 1915 2494 si
1957 2435 2147 2513 pieta-

201 2651 371 2702 BPM
394 2649 469 2716 (in
493 2653 544 2702 B
570 2656 684 2702 etet
712 2657 768 2702 et
793 2667 866 2702 an
889 2655 942 2702 in
964 2652 1096 2716 ras.)
1237 2657 1293 2702 et
1318 2655 1486 2704 delent·
1508 2652 1705 2717 (Iord.)
1842 2655 1876 2703 4
1898 2655 1961 2702 ut
1989 2668 2151 2717 cogn.

197 2721 302 2769 BP
332 2725 398 2770 ut
423 2724 736 2786 agnoscant
761 2721 828 2770 M
875 2721 932 2770 di
957 2737 1113 2786 cogn.
1137 2723 1332 2785 scripsi
1354 2720 1551 2784 (Iord.)
1690 2723 1721 2770 6
1747 2718 1866 2786 per]
1893 2723 1947 2770 in
1968 2721 2023 2769 P
2043 2735 2072 2769 e
2094 2722 2153 2770 in

197 2805 304 2838 ras·
457 2789 670 2841 habeas
692 2787 861 2838 BPM
880 2805 969 2841 em.
999 2789 1041 2838 S
1199 2790 1232 2837 6
1259 2789 1699 2838 adclamationes
1723 2815 1791 2824 —-
1814 2789 1975 2838 nobis
2008 2804 2061 2852 p.
2101 2803 2150 2837 c.

199 2873 292 2906 om.
321 2853 404 2905 Β1
566 2858 598 2907 8
625 2871 896 2906 saereano
920 2856 974 2906 B
1021 2868 1358 2906 caesereano
1382 2854 1517 2905 B²P
1562 2857 1839 2906 Caesareo
1862 2855 1929 2905 M
2086 2857 2149 2904 11

203 2923 458 2989 exempla
481 2923 533 2972 B
627 2927 690 2974 12
717 2925 899 2993 sucipi
921 2924 1086 2974 BPM
1110 2941 1200 2976 em.
1227 2925 1444 2988 Lipsius
1468 2939 1551 2988 ep.
1577 2931 1707 2974 cent.
1735 2924 1807 2972 II
1826 2925 1964 2976 misc.
1992 2925 2060 2972 18

203 2994 268 3040 14
291 2997 571 3042 mereatur
595 2989 663 3042 M
799 2994 862 3042 16
889 2993 1192 3043 antoninus
1215 2992 1518 3042 antomnus
1541 2989 1620 3040 P1
1737 2993 1799 3041 17
1825 3006 1893 3041 ne
1920 2991 1996 3040 mi
2018 2987 2158 3040 B²P

203 3059 275 3120 (in
298 3059 352 3109 B
369 3067 494 3125 post
515 3060 614 3108 mi:
641 3062 724 3110 nt'
752 3068 809 3110 ut
830 3062 935 3110 uid.
963 3060 1124 3124 erae.)
1219 3062 1285 3110 18
1310 3063 1527 3109 tantum
1550 3060 1697 3109 omni
1713 3057 1843 3108 ΒΡ1
1938 3061 2001 3109 19
2024 3057 2151 3108 sime
2186 3094 2189 3098 -

201 3126 252 3175 B
283 3143 483 3178 nomne
508 3129 561 3177 P
709 3130 776 3178 20
797 3130 971 3178 ultima
988 3129 1291 3178 Alex-andri
1308 3127 1469 3177 uerba
1489 3128 1609 3177 mihi
1625 3130 1889 3192 postulare
1912 3129 2155 3178 uidentur·

203 3202 256 3243 ut
277 3198 350 3246 ita
373 3195 664 3247 scribatur:
691 3197 816 3260 quis
839 3211 950 3246 non
963 3197 1291 3247 Ciceronem
1316 3195 1595 3246 derideret
1618 3197 1863 3246 mutum?
1891 3195 2013 3260 quis
2038 3211 2149 3246 non

203 3262 485 3322 indoctum
507 3265 848 3316 Varronem?
899 3265 1024 3329 quis
1044 3281 1156 3315 non
1178 3265 1393 3330 inpium
1415 3263 1742 3314 Metellum?
1910 3265 1973 3313 21
2002 3263 2149 3312 dice-

206 3336 292 3380 rat
315 3331 367 3380 B
393 3332 644 3384 diceraet
669 3333 722 3382 P
855 3335 922 3383 23
948 3333 1103 3397 equit
1125 3331 1196 3382 Β1
1234 3333 1552 3397 equiantem
1574 3331 1702 3382 B²P
1723 3333 1852 3396 equi
1876 3337 2007 3382 ante
2028 3348 2047 3380 1
2086 3331 2155 3380 Μ

305 3399 652 3464 digerentem
673 3399 843 3451 BPM
861 3417 952 3450 em.
985 3401 1074 3453 Gr.
1103 3405 1202 3452 a'ut
1228 3401 1661 3466 degenerantem
1682 3401 1837 3452 Iord.
1963 3399 2027 3450 25
2052 3414 2150 3448 no-

199 3481 323 3516 men
349 3483 442 3518 om.
467 3467 637 3518 BPM
767 3471 834 3519 26
860 3484 1021 3534 quam
1044 3468 1210 3519 BPM
