2517 3884
766 159 1120 220 PERTINAX.
1210 159 1269 218 G.
1316 163 1553 218 12-15,
2008 155 2131 221 115

186 328 376 388 riosus
421 327 568 397 suit,
607 345 742 388 eum
783 325 979 406 palam
1021 326 1435 389 citharoedum
1478 325 1576 387 illa
1627 325 1919 406 diligeret.
1993 331 2122 408 ipse

183 421 500 492 praeterea
533 413 909 474 Cornificiam
938 414 1328 474 infamissime
1360 412 1577 474 dicitur
1606 412 1901 474 dilexisse.
1936 412 2119 475 liber-
2159 433 2193 480 9

185 508 276 558 tos
305 497 542 559 aulicos
571 497 1100 560 uehementissime
1133 500 1486 579 conpressit,
1524 497 1681 560 unde
1712 498 1937 577 grande
1968 515 2116 576 quo-

187 600 298 660 que
329 583 556 645 odium'
576 586 886 645 contraxit.

141 683 162 719 5
352 669 545 747 Signa
602 670 882 730 interitus
941 667 1088 730 haec
1139 669 1417 730 suerunt:
1464 671 1595 748 ipse
1653 677 1791 730 ante
1852 668 2119 731 triduum
2143 668 2224 731 14

189 771 362 831 quam
397 753 782 815 occideretur
809 756 874 815 in
903 755 1132 833 piscina
1172 753 1289 815 sibi
1330 756 1499 814 uisus
1546 763 1637 815 est
1678 755 1887 815 uidere
1928 751 2119 815 homi-

186 857 317 898 nem
363 857 509 900 cum
548 838 744 917 gladio
781 840 1182 900 infestantem.
1262 847 1321 898 et
1362 857 1429 900 ea
1472 839 1567 900 die
1610 857 1727 917 qua
1756 842 1991 902 occisus
2032 847 2124 901 est
2160 849 2191 894 2

183 925 488 1003 negabant
517 925 579 985 in
612 924 798 985 oculis
831 926 956 986 eius
985 923 1242 1004 pupulas
1274 943 1409 984 cum
1434 924 1791 1002 imaginibus
1816 941 1963 1002 quas
1983 925 2122 986 r-ed-

188 1009 333 1070 dunt
361 1009 782 1090 spectantibus
811 1011 988 1070 uisaS.
1069 1017 1128 1070 et
1170 1028 1303 1070 cum
1346 1008 1505 1088 apud
1544 1009 1704 1070 lares
1742 1011 2122 1080 sacrificaret,
2162 1021 2195 1067 3

126 1109 168 1146 10
193 1094 496 1156 carbones
526 1097 889 1156 uiuacissimi
921 1096 1202 1156 exstincti
1225 1102 1385 1165 sunt,
1420 1113 1556 1155 cum
1585 1094 1945 1156 inflammari
1972 1095 2126 1156 sole-

193 1189 306 1240 ant.
391 1187 474 1249 et,
507 1189 575 1240 ut
605 1199 786 1259 supra
819 1180 1046 1241 dictum
1077 1186 1196 1249 est,
1233 1198 1337 1240 cor
1369 1188 1429 1240 et
1459 1187 1639 1258 caput
1666 1181 1729 1240 in
1760 1179 1975 1241 hostiis
2006 1201 2128 1242 non

189 1273 275 1325 est
303 1273 644 1346 repertum.
697 1265 904 1326 stellae
949 1266 1127 1326 etiam
1168 1264 1333 1326 iuxta
1379 1263 1566 1325 solem
1608 1281 1721 1343 per
1762 1264 1918 1326 diem
1962 1267 2127 1327 uisae

188 1360 324 1411 sunt
358 1351 745 1421 clarissimae,
780 1359 914 1412 ante
947 1350 1104 1412 diem
1139 1369 1317 1429 quam
1348 1349 1563 1410 obiret.
1596 1357 1653 1410 et
1680 1351 1813 1428 ipse
1844 1369 2019 1415 omen
2052 1349 2125 1411 de
2164 1359 2198 1404 4

186 1434 422 1498 Iuliano
481 1454 830 1497 successore
891 1434 1126 1496 dedisse
1184 1435 1417 1496 dicitur.
1496 1453 1636 1496 nam
1668 1453 1803 1496 cum
1836 1437 1891 1496 ei
1920 1436 2126 1497 Didius

121 1535 163 1572 15
185 1519 457 1583 Iulianus
489 1522 694 1582 fratris
737 1521 922 1582 filium
965 1520 1310 1590 obtulisset,
1357 1523 1452 1582 eui
1494 1518 1905 1599 despondebat
1944 1521 2127 1582 filiam

190 1605 756 1688 suam,‚adliortatus
789 1612 880 1667 est
908 1607 1193 1666 iuuenem
1226 1605 1298 1667 ad
1330 1607 1529 1686 patrui
1559 1606 2039 1668 obseruationem
2071 1609 2129 1667 ἐι

189 1691 438 1752 adiecit:
515 1691 832 1762 ‚,-Obserua
892 1689 1179 1770 collegam
1251 1697 1311 1752 et
1380 1708 1789 1753 successorem
1858 1700 2127 1752 meum.“

189 1795 326 1838 nam
362 1783 502 1838 ante
533 1775 798 1838 Iulianus
831 1778 886 1836 ei
919 1777 1069 1837 etin
1101 1775 1417 1836 consulatu
1461 1776 1688 1855 collega
1729 1777 1927 1838 fuerat
1966 1784 2025 1838 et
2063 1777 2124 1838 in
2164 1785 2197 1832 5

189 1861 623 1941 proconsulatu
653 1868 1042 1926 successerat.
1510 1939 1515 1942 Ι

127 1959 168 1999 20
366 1946 585 2008 Milites
616 1965 755 2008 eum
785 1954 844 2008 et
873 1946 1051 2007 aulici
1083 1945 1220 2007 odio
1251 1945 1620 2018 habuerunt,
1664 1945 1925 2025 populus
1963 1965 2121 2008 mor·
2164 1953 2197 2000 6

192 2039 314 2094 tem
350 2033 480 2093 eius
508 2031 922 2111 indignissime
953 2031 1103 2101 tulit,
1141 2033 1280 2108 quia
1317 2030 1563 2091 uidebat
1608 2033 1806 2091 omnia
1844 2048 1955 2110 per
1988 2049 2124 2091 eum

193 2119 438 2197 antiqua
483 2134 662 2197 posse
714 2119 968 2178 restitui.
1063 2126 1241 2196 caput
1302 2117 1431 2176 eius
1485 2121 1659 2176 conto
1689 2116 1872 2174 fixum
1903 2114 2123 2176 milites
2164 2124 2193 2172 7

194 2203 295 2280 qui
330 2221 468 2263 eum
501 2201 842 2262 occiderant
864 2220 976 2281 per
1009 2201 1220 2262 urbem
1249 2202 1312 2260 in
1344 2207 1536 2261 castra
1567 2199 1963 2279 pertulerunt.
2026 2219 2122 2260 re·
2164 2207 2199 2256 8

193 2287 414 2367 liquiae
447 2289 575 2348 eius
604 2293 962 2366 recuperato
995 2288 1186 2366 capite
1228 2288 1293 2346 in
1324 2284 1643 2364 sepulchro
1676 2287 1772 2346 aui
1804 2287 2007 2346 uxoris
2036 2285 2124 2346 lo-

127 2385 170 2426 25
196 2380 362 2433 eatae
393 2379 550 2433 sunt.
588 2379 648 2432 et
660 2371 943 2442 lulianuS,
975 2389 1289 2433 successor
1318 2370 1497 2441 illius,
1514 2389 1732 2449 corpus
1763 2372 1891 2431 eius
1904 2379 2124 2450 quanto
2163 2379 2195 2426 9

192 2459 390 2538 potuit
422 2456 654 2518 honore
684 2458 999 2518 funeratus
1033 2465 1149 2528 est,
1196 2476 1334 2518 cum
1375 2456 1435 2517 id
1476 2459 1539 2518 in
1569 2455 1794 2517 Palatio
1824 2458 2123 2536 repperis—

194 2551 302 2606 set.
341 2545 444 2622 qui
474 2559 798 2619 numquam
845 2545 974 2604 eius
1004 2542 1186 2604 ullam
1215 2543 1583 2603 mentionem
1615 2541 1714 2602 uel
1746 2541 1902 2620 apud
1931 2559 2123 2622 popu·
2165 2551 2231 2600 10

194 2628 319 2690 lum
350 2627 451 2708 uel
481 2626 639 2706 apud
673 2634 946 2688 senatum
976 2627 1215 2708 publice
1245 2629 1406 2698 fecit,
1441 2627 1547 2688 sed
1579 2645 1714 2687 cum
1742 2628 1871 2706 ipse
1887 2643 2125 2704 quoque

197 2735 227 2776 a
260 2712 554 2775 militibus
585 2713 860 2774 desertus
889 2715 1008 2774 iam
1038 2722 1224 2784 esset,
1280 2731 1391 2792 per
1434 2720 1707 2773 senatum
1749 2718 1809 2771 et
1835 2711 2123 2791 populum

131 2811 175 2851 ³0
199 2799 481 2861 Pertinax
513 2800 575 2858 in
608 2799 752 2859 deos
781 2798 1006 2860 relatus
1038 2807 1144 2860 est.
1224 2797 1336 2874 sub
1369 2798 1595 2858 Seuero
1639 2803 1837 2857 autem
1866 2797 2123 2875 impera·
2148 2791 2229 2856 15

203 2895 329 2946 tore
362 2903 499 2946 cum
533 2892 775 2945 senatus
804 2885 1016 2962 ingens
1046 2884 1455 2954 testimonium
1485 2881 1790 2942 habuisset
1819 2878 2120 2950 Pertinax,

198 2971 380 3032 funus
438 2971 854 3046 imaginarium
901 2971 955 3029 ei
999 2977 1056 3028 et
1100 2971 1437 3030 censorium
1482 2967 1726 3028 ductum
1774 2974 1890 3036 est,
1954 2973 2012 3026 et
2054 2965 2127 3026 ab

199 3057 330 3134 ipso
365 3055 597 3117 Seuero
628 3052 871 3116 funebri
901 3053 1240 3115 laudatione
1284 3060 1532 3114 ornatus
1576 3059 1679 3112 est.
1756 3053 1886 3131 ipse
1928 3059 2123 3113 autem
2166 3060 2196 3106 2

204 3141 469 3202 Seuerus
501 3158 704 3202 amore
735 3139 879 3202 boni
908 3141 1196 3219 principis
1227 3159 1263 3201 a
1292 3148 1503 3201 senatu
1552 3138 1880 3200 Pertinacis
1910 3153 2127 3198 nomen

1470 3234 1493 3255 0

300 3364 328 3412 1
359 3359 702 3413 citaroedum
725 3359 828 3410 BP
965 3361 994 3409 7
1021 3375 1146 3410 cum
1169 3350 1433 3423 gladio'z'n
1456 3359 1507 3408 P
1525 3375 1638 3422 sup.
1668 3361 1751 3410 lin.
1884 3359 1944 3407 11
1974 3357 2133 3407 ostiis

199 3427 248 3476 B
387 3433 450 3480 13
487 3433 616 3480 sunt
640 3445 734 3480 om.
759 3429 810 3477 P
947 3427 1066 3478 dies
1089 3426 1256 3476 BPM
1276 3443 1367 3477 em.
1402 3427 1442 3476 C
1472 3442 1540 3477 ex
1564 3427 1690 3490 Rey.
1830 3426 1891 3474 16
1927 3429 2013 3475 est
2037 3441 2131 3474 om.

189 3496 268 3544 M
402 3502 459 3547 et
485 3499 621 3564 quod
643 3515 734 3550 om.
763 3496 929 3548 BPM
947 3497 1130 3546 addidi

1626 3577 1662 3640 8
1689 3581 1721 3616 ἦε
