2517 3884
585 197 978 272 ALEXANDER
1023 199 1335 258 SEVERVS.
1425 200 1483 257 e.
1528 203 1765 257 37—39.
1980 194 2145 261 255

462 363 725 442 uulgari,
747 366 1105 436 miserande,
1141 366 1214 426 de
1247 365 1486 435 fabella,

461 452 512 510 si
540 469 752 524 uerum
781 459 958 529 putas
990 469 1142 521 esse,
1175 469 1297 512 non
1327 453 1575 512 irascor.

465 543 692 596 tantum
725 543 786 596 tu
818 536 1094 599 eomedas
1125 535 1307 596 uelim
1340 535 1660 615 lepusclos,

460 629 523 680 ut
553 621 658 682 fias
689 622 874 681 animi
902 621 1072 682 malis
1102 621 1379 700 repulsis,

144 719 173 757 5
385 735 390 744 ·
461 705 732 783 pulchris
761 724 838 766 ne
867 706 1138 766 inuideas
1167 706 1361 767 liuore
1392 708 1628 767 mentis,

328 789 477 850 Cum
519 792 742 852 amieos
803 783 1091 853 militares
1149 789 1489 861 habuisset,
1544 799 1613 852 ut
1652 810 1827 852 usum
1873 791 2130 862 Traiani,
2152 796 2243 860 39

195 893 374 954 quem
405 873 506 936 ille
535 881 672 954 post
703 876 1026 936 secundam
1057 894 1329 938 mensam
1358 877 1603 956 potandi
1636 895 1824 956 usque
1856 877 1930 936 ad
1962 879 2132 955 quin-

195 977 313 1036 que
343 959 559 1038 pocula
590 962 950 1032 instituerat,
983 968 1343 1028 reseruaret,
1375 981 1559 1022 unum
1591 969 1820 1022 tantum
1850 961 2133 1041 poculum

196 1046 403 1106 amieis
435 1045 757 1106 exhibebat
785 1045 848 1107 in
877 1046 1171 1108 honorem
1200 1046 1519 1108 Alexandri
1532 1047 1748 1124 Magni,
1780 1047 1962 1124 idque
1993 1047 2131 1108 bre·-

117 1145 169 1182 ιο
199 1131 368 1198 uius,
398 1132 518 1190 nisi
550 1133 602 1190 si
633 1133 798 1208 quiS,
835 1132 995 1208 quod
1025 1130 1275 1201 licebat,
1308 1132 1503 1193 maius
1531 1131 1720 1192 libere
1750 1132 2129 1210 postulasset.

197 1233 342 1275 usus
389 1217 636 1277 Veneris
678 1219 740 1276 in
771 1235 842 1276 eo
885 1216 1228 1278 moderatus
1269 1218 1407 1285 fuit,
1472 1215 1877 1278 exsoletorum
1916 1220 1999 1277 ita
2032 1236 2130 1276 ex·
2167 1233 2204 1281 2

193 1318 363 1378 pers,
427 1307 522 1370 ut,
571 1301 1086 1378 «quemadmodum
1128 1321 1309 1381 supra
1348 1302 1634 1370 diximuS,
1696 1301 1893 1380 legem
1936 1301 2008 1362 de
2039 1301 2133 1362 his

195 1385 538 1446 auferendis
578 1387 738 1447 ferre
774 1386 1050 1448 uoluerit.
1099 1386 1317 1448 horrea
1358 1388 1421 1448 in
1460 1386 1741 1448 omnibus
1782 1385 2132 1465 regionibus
2168 1403 2200 1452 3

193 1469 429 1549 publiea
459 1472 618 1543 fecit,
647 1471 718 1531 ad
742 1489 894 1552 quae
917 1473 1264 1534 conferrent
1284 1471 1484 1533 bonai
1514 1473 1617 1552 qui
1636 1473 1899 1552 priuatas
1932 1479 2131 1532 eusto-

0 1599 2 1618 !
116 1570 168 1610 15
197 1555 322 1616 dias
361 1575 483 1616 non
524 1555 834 1617 haberent.
911 1556 1123 1618 balnea
1168 1558 1445 1618 omnihus
1498 1556 1847 1637 regionibus
1888 1557 2127 1628 addidit,
2165 1572 2205 1620 4

0 1637 2 1652 '
195 1659 348 1720 quae
377 1643 534 1702 forte
566 1659 687 1702 non
713 1641 1037 1703 habebant.
1115 1661 1253 1704 nam
1297 1642 1593 1723 hodieque
1633 1642 1819 1704 multa
1848 1642 2131 1704 dicuntur

0 1655 6 1794 Ι
196 1724 538 1787 Alexandri.
616 1728 760 1787 feeit
791 1734 850 1787 et
881 1727 1092 1788 domos
1119 1727 1559 1806 pulcherrimas
1592 1728 1951 1808 easdemque
1980 1731 2129 1790 ami·
2167 1743 2203 1792 5

198 1813 283 1871 eis
313 1813 441 1872 suis
469 1813 728 1872 maxime
757 1813 1008 1890 integris
1041 1815 1184 1873 uiris
1216 1813 1482 1874 donauit.
1542 1812 1861 1891 Vectigalia
1889 1813 2131 1892 publiea
2166 1827 2199 1874 6

194 1897 256 1954 in
294 1896 356 1955 id
401 1899 726 1966 eontraxit,
789 1905 854 1957 ut
893 1899 997 1978 qui
1051 1898 1260 1959 decem
1313 1916 1531 1959 aureos
1590 1897 1701 1959 sub
1744 1897 2129 1976 Heliogabalo

115 1997 169 2036 20
195 1982 619 2058 praestiterant
657 1983 894 2042 tertiam
939 1990 1172 2061 partem
1214 1986 1383 2044 aurei
1426 1989 1831 2063 praestarent,
1893 1982 2007 2043 hoe
2040 1991 2131 2043 est

197 2067 599 2126 tricensimam
623 2075 876 2146 partem.
910 2075 1170 2146 tuncque
1191 2069 1457 2146 primum
1488 2069 1771 2128 semisses
1799 2083 2124 2129 aureorum
2162 2083 2192 2130 7

191 2151 433 2212 formati
471 2159 640 2221 sunt,
688 2161 834 2213 tune
865 2154 1060 2222 etiam,
1105 2171 1242 2214 eum
1286 2153 1361 2212 ad
1406 2155 1643 2213 tertiam
1685 2154 1854 2212 aurei
1892 2161 2125 2230 partem

193 2235 452 2314 uectigal
483 2236 832 2306 desidisset,
876 2240 1206 2306 tremisses,
1254 2237 1493 2300 dicente
1533 2237 1901 2307 Alexandro,
1950 2239 2127 2298 etiam

193 2322 529 2399 quartarios
569 2323 836 2392 futurOS,
899 2323 1060 2400 quod
1105 2325 1305 2384 minus
1346 2341 1469 2384 non
1496 2330 1719 2403 posset.
1799 2339 1950 2400 quos
1994 2325 2123 2401 qui·
2162 2331 2197 2379 8

115 2420 168 2460 25
196 2405 330 2466 dem
361 2408 479 2467 iam
509 2408 802 2469 formatos
831 2409 894 2468 in
924 2417 1164 2470 moneta
1195 2408 1449 2470 detinuit
1482 2415 1868 2488 exspectanS,
1928 2417 2020 2478 ut,
2076 2409 2127 2468 si

195 2491 448 2570 uectigal
481 2492 836 2554 contrahere
865 2495 1189 2572 potuisset,
1225 2501 1285 2555 et
1314 2494 1559 2555 eosdem
1592 2493 1816 2564 ederet,
1852 2492 1958 2554 sed
1988 2512 2125 2554 cum

193 2593 314 2636 non
346 2579 644 2655 potuisset
671 2597 782 2657 per
811 2578 1082 2657 publicas
1110 2581 1532 2650 necessitateS,
1578 2579 1827 2640 conflari
1870 2599 1973 2640 eos
2003 2580 2124 2640 ius·-

194 2663 270 2722 sit
301 2668 362 2722 et
390 2665 698 2724 tremisses
731 2670 962 2724 tantum
993 2665 1333 2744 solidosque
1362 2666 1627 2726 formari.
1705 2667 1929 2726 formas
1958 2664 2124 2725 bina·
2161 2674 2196 2722 9

192 2749 312 2808 rias
373 2749 664 2809 ternarias
708 2757 768 2809 et
821 2752 1230 2826 quaternarias
1283 2757 1343 2810 et
1384 2750 1665 2828 denarias⁴
1718 2752 1895 2810 etiam
1948 2756 2128 2829 atque

120 2847 168 2888 30
195 2831 450 2913 amplius
478 2851 670 2913 usque
703 2833 776 2894 ad
816 2833 1098 2896 libribres
1128 2852 1368 2914 quoque
1411 2843 1470 2898 et
1511 2837 1916 2903 centenariaS,
1968 2851 2127 2913 quas

291 2987 324 3034 2
351 2989 514 3050 putat
537 2986 641 3035 BP
659 3002 778 3038 exe.
925 2990 958 3037 3
982 2991 1045 3036 tu
1069 2989 1190 3038 add.
1216 2987 1353 3053 Eyn.
1498 2988 1651 3037 uelin
1673 2987 1776 3036 BP
1796 3001 1912 3036 eme.
2051 2985 2129 3036 le—

0 3017 11 3122 Ι
191 3052 453 3116 pusculos
477 3053 579 3102 BP
598 3071 713 3104 exe.
739 3055 808 3104 M
922 3057 953 3106 5
978 3055 1208 3120 pulcher
1231 3071 1301 3105 ne
1325 3056 1394 3105 M
1516 3055 1761 3105 inuidias
1783 3054 1887 3104 BP
1907 3070 2027 3104 exc.

188 3119 420 3171 liuorem
441 3121 546 3170 BP
603 3155 613 3164 -.
679 3125 710 3171 6
737 3139 860 3172 eum
884 3124 1094 3173 amicus
1117 3123 1376 3174 militaris
1400 3124 1670 3174 suasisset
1693 3123 2029 3174 Mommsenus

189 3189 222 3240 8
243 3189 586 3239 instatuerat
609 3189 736 3239 ΒΡ1
763 3207 879 3242 eme.
999 3193 1030 3242 9
1052 3192 1112 3241 id
1137 3207 1201 3242 as
1223 3192 1305 3242 br.
1330 3192 1436 3242 BP
1454 3208 1570 3244 eoec.
1594 3191 1653 3241 id
1678 3196 1864 3241 autem
1886 3191 1953 3241 M
1971 3207 2062 3244 em.
2088 3190 2132 3240 S

294 3259 360 3307 10
386 3257 434 3306 si
459 3257 606 3322 quod
627 3257 709 3307 B¹
747 3259 796 3308 si
829 3259 962 3324 quid
984 3258 1122 3309 B2P
1143 3277 1258 3311 exc.
1304 3277 1409 3324 pro
1434 3261 1621 3326 magni
1644 3260 1767 3310 idas
1791 3259 2130 3310 Mommsenus

182 3327 438 3389 proponit
459 3327 650 3390 magni
673 3326 813 3377 dans
947 3327 1138 3378 bibere
1162 3329 1230 3378 M
1250 3327 1456 3380 habere
1479 3331 1611 3394 woly.
1750 3327 2059 3394 postolasse
2078 3327 2130 3376 B

189 3393 506 3457 postulasse
529 3395 582 3442 P
601 3411 717 3446 exc.
866 3397 932 3446 14
955 3400 1124 3462 atque
1147 3395 1303 3446 B¹P¹
1450 3397 1511 3447 hi
1533 3398 1702 3447 BPM
1842 3397 1905 3446 16
1930 3397 2129 3460 dieque

187 3458 314 3511 B¹P
449 3463 516 3512 20
539 3465 905 3528 praestiterat
927 3463 1031 3513 BP
1139 3467 1207 3515 24
1231 3465 1379 3530 quod
1401 3465 1505 3516 BP
1612 3468 1680 3517 30
1702 3465 1775 3516 ad
1797 3464 1971 3515 libras
1998 3479 2128 3528 quo-

189 3544 295 3596 que
318 3531 388 3580 M
521 3546 658 3598 quos
679 3531 753 3582 B¹
