<?xml version="1.0" encoding="UTF-8"?>
<!DOCTYPE html PUBLIC "-//W3C//DTD XHTML 1.0 Transitional//EN"
    "http://www.w3.org/TR/xhtml1/DTD/xhtml1-transitional.dtd">
<html xmlns="http://www.w3.org/1999/xhtml" xml:lang="en" lang="en">
 <head>
  <title>
</title>
<meta http-equiv="Content-Type" content="text/html;charset=utf-8" />
  <meta name='ocr-system' content='tesseract 3.04.00' />
  <meta name='ocr-capabilities' content='ocr_page ocr_carea ocr_par ocr_line ocrx_word'/>
</head>
<body>
  <div class='ocr_page' id='page_1' title='image "./scriptoreshisto02petegoog_0079.png"; bbox 0 0 2517 3884; ppageno 0'>
   <div class='ocr_carea' id='block_1_1' title="bbox 404 189 1638 252">
    <p class='ocr_par' dir='ltr' id='par_1_1' title="bbox 404 189 1638 252">
     <span class='ocr_line' id='line_1_1' title="bbox 404 189 1638 252; baseline -0.002 0"><span class='ocrx_word' id='word_1_1' title='bbox 404 189 493 252; x_wconf 85' lang='lat'>42</span> <span class='ocrx_word' id='word_1_2' title='bbox 1097 194 1227 251; x_wconf 89' lang='lat' dir='ltr'>IVLI</span> <span class='ocrx_word' id='word_1_3' title='bbox 1269 193 1638 250; x_wconf 83' lang='lat' dir='ltr'>CAPITOLINI</span> 
     </span>
    </p>
   </div>
   <div class='ocr_carea' id='block_1_2' title="bbox 246 359 2495 2814">
    <p class='ocr_par' dir='ltr' id='par_1_2' title="bbox 408 359 2335 439">
     <span class='ocr_line' id='line_1_2' title="bbox 408 359 2335 439; baseline -0.002 -16"><span class='ocrx_word' id='word_1_4' title='bbox 408 363 632 430; x_wconf 86' lang='lat' dir='ltr'>stituit,</span> <span class='ocrx_word' id='word_1_5' title='bbox 688 379 755 422; x_wconf 93' lang='lat' dir='ltr'>ea</span> <span class='ocrx_word' id='word_1_6' title='bbox 810 366 1008 421; x_wconf 89' lang='lat' dir='ltr'>tamen</span> <span class='ocrx_word' id='word_1_7' title='bbox 1061 359 1193 438; x_wconf 85' lang='lat' dir='ltr'>lege</span> <span class='ocrx_word' id='word_1_8' title='bbox 1246 367 1312 420; x_wconf 91' lang='lat' dir='ltr'>ut</span> <span class='ocrx_word' id='word_1_9' title='bbox 1353 359 1439 420; x_wconf 91' lang='lat' dir='ltr'>illi</span> <span class='ocrx_word' id='word_1_10' title='bbox 1489 359 1960 439; x_wconf 85' lang='lat' dir='ltr'>prouincialibus</span> <span class='ocrx_word' id='word_1_11' title='bbox 1990 359 2335 428; x_wconf 78' lang='lat' dir='ltr'>redderent,</span> 
     </span>
    </p>

    <p class='ocr_par' dir='ltr' id='par_1_3' title="bbox 336 444 2339 524">
     <span class='ocr_line' id='line_1_3' title="bbox 336 444 2339 524; baseline -0 -19"><span class='ocrx_word' id='word_1_12' title='bbox 336 457 373 505; x_wconf 82' lang='grc'>8</span> <span class='ocrx_word' id='word_1_13' title='bbox 410 446 569 524; x_wconf 90' lang='lat' dir='ltr'>quod</span> <span class='ocrx_word' id='word_1_14' title='bbox 611 453 889 524; x_wconf 89' lang='lat' dir='ltr'>parentes</span> <span class='ocrx_word' id='word_1_15' title='bbox 932 452 1305 524; x_wconf 81' lang='lat' dir='ltr'>acceperant.</span> <span class='ocrx_word' id='word_1_16' title='bbox 1379 445 1452 505; x_wconf 91' lang='lat' dir='ltr'>ad</span> <span class='ocrx_word' id='word_1_17' title='bbox 1492 444 1894 524; x_wconf 82' lang='lat' dir='ltr'>indulgentias</span> <span class='ocrx_word' id='word_1_18' title='bbox 1935 445 2339 524; x_wconf 83' lang='lat' dir='ltr'>pronissimus</span> 
     </span>
    </p>

    <p class='ocr_par' dir='ltr' id='par_1_4' title="bbox 246 529 2419 862">
     <span class='ocr_line' id='line_1_4' title="bbox 246 529 2338 609; baseline -0 -19"><span class='ocrx_word' id='word_1_19' title='bbox 246 545 252 564; x_wconf 77' lang='grc'>’</span> <span class='ocrx_word' id='word_1_20' title='bbox 336 542 371 590; x_wconf 81' lang='grc'><strong>9</strong></span> <span class='ocrx_word' id='word_1_21' title='bbox 408 533 537 594; x_wconf 82' lang='lat' dir='ltr'>suit.</span> <span class='ocrx_word' id='word_1_22' title='bbox 586 531 757 592; x_wconf 83' lang='lat' dir='ltr'>Edita</span> <span class='ocrx_word' id='word_1_23' title='bbox 788 547 1053 599; x_wconf 86' lang='lat' dir='ltr'>munera,</span> <span class='ocrx_word' id='word_1_24' title='bbox 1087 532 1149 590; x_wconf 93' lang='lat' dir='ltr'>in</span> <span class='ocrx_word' id='word_1_25' title='bbox 1183 529 1403 608; x_wconf 90' lang='lat' dir='ltr'>quihus</span> <span class='ocrx_word' id='word_1_26' title='bbox 1434 529 1784 609; x_wconf 83' lang='lat' dir='ltr'>elephantos</span> <span class='ocrx_word' id='word_1_27' title='bbox 1816 537 1875 591; x_wconf 87' lang='lat' dir='ltr'>et</span> <span class='ocrx_word' id='word_1_28' title='bbox 1911 537 2245 590; x_wconf 87' lang='lat' dir='ltr'>corocottas</span> <span class='ocrx_word' id='word_1_29' title='bbox 2279 536 2338 589; x_wconf 89' lang='lat' dir='ltr'>et</span> 
     </span>
     <span class='ocr_line' id='line_1_5' title="bbox 407 614 2332 696; baseline -0.002 -19"><span class='ocrx_word' id='word_1_30' title='bbox 407 616 657 696; x_wconf 87' lang='lat' dir='ltr'>tigrides</span> <span class='ocrx_word' id='word_1_31' title='bbox 688 621 749 676; x_wconf 88' lang='lat' dir='ltr'>et</span> <span class='ocrx_word' id='word_1_32' title='bbox 777 614 1210 684; x_wconf 79' lang='lat' dir='ltr'>rhinoceroteS,</span> <span class='ocrx_word' id='word_1_33' title='bbox 1246 614 1608 676; x_wconf 84' lang='lat' dir='ltr'>crocodillos</span> <span class='ocrx_word' id='word_1_34' title='bbox 1632 617 1809 676; x_wconf 89' lang='lat' dir='ltr'>etiam</span> <span class='ocrx_word' id='word_1_35' title='bbox 1835 622 2012 692; x_wconf 89' lang='lat' dir='ltr'>atque</span> <span class='ocrx_word' id='word_1_36' title='bbox 2037 614 2332 694; x_wconf 86' lang='lat' dir='ltr'>hippopo-</span> 
     </span>
     <span class='ocr_line' id='line_1_6' title="bbox 404 699 2419 764; baseline -0.002 0"><span class='ocrx_word' id='word_1_37' title='bbox 404 711 597 764; x_wconf 89' lang='lat' dir='ltr'>tamos</span> <span class='ocrx_word' id='word_1_38' title='bbox 628 707 685 761; x_wconf 89' lang='lat' dir='ltr'>et</span> <span class='ocrx_word' id='word_1_39' title='bbox 716 701 911 760; x_wconf 88' lang='lat' dir='ltr'>omnia</span> <span class='ocrx_word' id='word_1_40' title='bbox 945 717 1019 760; x_wconf 85' lang='lat' dir='ltr'>ex</span> <span class='ocrx_word' id='word_1_41' title='bbox 1049 705 1173 760; x_wconf 91' lang='lat' dir='ltr'>toto</span> <span class='ocrx_word' id='word_1_42' title='bbox 1218 699 1366 760; x_wconf 86' lang='lat' dir='ltr'>orbe</span> <span class='ocrx_word' id='word_1_43' title='bbox 1395 707 1695 761; x_wconf 83' lang='lat' dir='ltr'>terrarum</span> <span class='ocrx_word' id='word_1_44' title='bbox 1728 699 2012 761; x_wconf 87' lang='lat' dir='ltr'>exhibuit.</span> <span class='ocrx_word' id='word_1_45' title='bbox 2091 706 2333 761; x_wconf 90' lang='lat' dir='ltr'>centum</span> <span class='ocrx_word' id='word_1_46' title='bbox 2391 711 2419 752; x_wconf 85' lang='lat'>5</span> 
     </span>
     <span class='ocr_line' id='line_1_7' title="bbox 408 783 2046 862; baseline -0.002 -15"><span class='ocrx_word' id='word_1_47' title='bbox 408 789 586 848; x_wconf 86' lang='lat' dir='ltr'>etiam</span> <span class='ocrx_word' id='word_1_48' title='bbox 617 785 825 846; x_wconf 88' lang='lat' dir='ltr'>leones</span> <span class='ocrx_word' id='word_1_49' title='bbox 856 803 990 845; x_wconf 87' lang='lat' dir='ltr'>cum</span> <span class='ocrx_word' id='word_1_50' title='bbox 1025 783 1341 862; x_wconf 83' lang='lat' dir='ltr'>tigridibus</span> <span class='ocrx_word' id='word_1_51' title='bbox 1375 803 1488 846; x_wconf 89' lang='lat' dir='ltr'>una</span> <span class='ocrx_word' id='word_1_52' title='bbox 1522 787 1809 846; x_wconf 85' lang='lat' dir='ltr'>missione</span> <span class='ocrx_word' id='word_1_53' title='bbox 1841 785 2046 846; x_wconf 87' lang='lat' dir='ltr'>edidit.</span> 
     </span>
    </p>

    <p class='ocr_par' dir='ltr' id='par_1_5' title="bbox 302 869 2335 1118">
     <span class='ocr_line' id='line_1_8' title="bbox 302 869 2335 948; baseline -0.001 -16"><span class='ocrx_word' id='word_1_54' title='bbox 302 869 385 932; x_wconf 82' lang='lat'>11</span> <span class='ocrx_word' id='word_1_55' title='bbox 533 871 753 933; x_wconf 87' lang='lat' dir='ltr'>Amicis</span> <span class='ocrx_word' id='word_1_56' title='bbox 784 871 909 930; x_wconf 89' lang='lat' dir='ltr'>suis</span> <span class='ocrx_word' id='word_1_57' title='bbox 949 871 1012 930; x_wconf 90' lang='lat' dir='ltr'>in</span> <span class='ocrx_word' id='word_1_58' title='bbox 1042 871 1296 948; x_wconf 79' lang='lat' dir='ltr'>im‘perio</span> <span class='ocrx_word' id='word_1_59' title='bbox 1338 889 1447 931; x_wconf 88' lang='lat' dir='ltr'>suo</span> <span class='ocrx_word' id='word_1_60' title='bbox 1489 888 1610 931; x_wconf 85' lang='lat' dir='ltr'>non</span> <span class='ocrx_word' id='word_1_61' title='bbox 1653 869 1824 930; x_wconf 86' lang='lat' dir='ltr'>aliter</span> <span class='ocrx_word' id='word_1_62' title='bbox 1856 888 1999 931; x_wconf 90' lang='lat' dir='ltr'>usus</span> <span class='ocrx_word' id='word_1_63' title='bbox 2032 875 2124 930; x_wconf 92' lang='lat' dir='ltr'>est</span> <span class='ocrx_word' id='word_1_64' title='bbox 2155 885 2335 947; x_wconf 89' lang='lat' dir='ltr'>quam</span> 
     </span>
     <span class='ocr_line' id='line_1_9' title="bbox 404 953 2335 1036; baseline -0.002 -19"><span class='ocrx_word' id='word_1_65' title='bbox 404 959 709 1036; x_wconf 87' lang='lat' dir='ltr'>priuatus,</span> <span class='ocrx_word' id='word_1_66' title='bbox 754 956 891 1032; x_wconf 90' lang='lat' dir='ltr'>quia</span> <span class='ocrx_word' id='word_1_67' title='bbox 936 963 997 1015; x_wconf 86' lang='lat' dir='ltr'>et</span> <span class='ocrx_word' id='word_1_68' title='bbox 1038 956 1157 1034; x_wconf 92' lang='lat' dir='ltr'>ipsi</span> <span class='ocrx_word' id='word_1_69' title='bbox 1198 971 1523 1033; x_wconf 87' lang='lat' dir='ltr'>numquam</span> <span class='ocrx_word' id='word_1_70' title='bbox 1554 954 1630 1016; x_wconf 90' lang='lat' dir='ltr'>de</span> <span class='ocrx_word' id='word_1_71' title='bbox 1661 974 1733 1017; x_wconf 90' lang='lat' dir='ltr'>eo</span> <span class='ocrx_word' id='word_1_72' title='bbox 1765 973 1899 1015; x_wconf 88' lang='lat' dir='ltr'>cum</span> <span class='ocrx_word' id='word_1_73' title='bbox 1945 953 2177 1015; x_wconf 84' lang='lat' dir='ltr'>libertis</span> <span class='ocrx_word' id='word_1_74' title='bbox 2223 971 2335 1033; x_wconf 90' lang='lat' dir='ltr'>per</span> 
     </span>
     <span class='ocr_line' id='line_1_10' title="bbox 404 1038 2334 1118; baseline -0.001 -16"><span class='ocrx_word' id='word_1_75' title='bbox 404 1043 635 1102; x_wconf 83' lang='lat' dir='ltr'>fumum</span> <span class='ocrx_word' id='word_1_76' title='bbox 665 1038 887 1118; x_wconf 88' lang='lat' dir='ltr'>aliquid</span> <span class='ocrx_word' id='word_1_77' title='bbox 917 1039 1348 1109; x_wconf 87' lang='lat' dir='ltr'>uendiderunt;</span> <span class='ocrx_word' id='word_1_78' title='bbox 1384 1042 1434 1101; x_wconf 90' lang='lat' dir='ltr'>si</span> <span class='ocrx_word' id='word_1_79' title='bbox 1465 1041 1706 1118; x_wconf 91' lang='lat' dir='ltr'>quidem</span> <span class='ocrx_word' id='word_1_80' title='bbox 1738 1038 1968 1101; x_wconf 85' lang='lat' dir='ltr'>libertis</span> <span class='ocrx_word' id='word_1_81' title='bbox 2001 1041 2126 1100; x_wconf 89' lang='lat' dir='ltr'>suis</span> <span class='ocrx_word' id='word_1_82' title='bbox 2159 1057 2334 1100; x_wconf 89' lang='lat' dir='ltr'>seue-</span> 
     </span>
    </p>

    <p class='ocr_par' dir='ltr' id='par_1_6' title="bbox 332 1123 2495 1374">
     <span class='ocr_line' id='line_1_11' title="bbox 332 1123 2495 1204; baseline -0 -19"><span class='ocrx_word' id='word_1_83' title='bbox 332 1137 369 1185; x_wconf 77' lang='grc'><strong>2</strong></span> <span class='ocrx_word' id='word_1_84' title='bbox 404 1127 643 1187; x_wconf 84' lang='lat' dir='ltr'>rissime</span> <span class='ocrx_word' id='word_1_85' title='bbox 673 1143 819 1186; x_wconf 87' lang='lat' dir='ltr'>usus</span> <span class='ocrx_word' id='word_1_86' title='bbox 852 1132 959 1185; x_wconf 90' lang='lat' dir='ltr'>est.</span> <span class='ocrx_word' id='word_1_87' title='bbox 1028 1125 1266 1186; x_wconf 89' lang='lat' dir='ltr'>Amauit</span> <span class='ocrx_word' id='word_1_88' title='bbox 1306 1123 1664 1186; x_wconf 85' lang='lat' dir='ltr'>histrionum</span> <span class='ocrx_word' id='word_1_89' title='bbox 1693 1131 1873 1186; x_wconf 87' lang='lat' dir='ltr'>artes.</span> <span class='ocrx_word' id='word_1_90' title='bbox 1949 1123 2238 1204; x_wconf 90' lang='lat' dir='ltr'>piscando</span> <span class='ocrx_word' id='word_1_91' title='bbox 2269 1143 2334 1185; x_wconf 92' lang='lat' dir='ltr'>se</span> <span class='ocrx_word' id='word_1_92' title='bbox 2362 1137 2419 1177; x_wconf 75' lang='lat'>10</span> <span class='ocrx_word' id='word_1_93' title='bbox 2494 1143 2495 1148; x_wconf 49' lang='lat'>¹</span> 
     </span>
     <span class='ocr_line' id='line_1_12' title="bbox 405 1208 2336 1290; baseline -0.001 -18"><span class='ocrx_word' id='word_1_94' title='bbox 405 1219 463 1272; x_wconf 88' lang='lat' dir='ltr'>et</span> <span class='ocrx_word' id='word_1_95' title='bbox 514 1210 790 1272; x_wconf 90' lang='lat' dir='ltr'>uenando</span> <span class='ocrx_word' id='word_1_96' title='bbox 842 1209 1095 1271; x_wconf 90' lang='lat' dir='ltr'>multum</span> <span class='ocrx_word' id='word_1_97' title='bbox 1148 1209 1471 1290; x_wconf 81' lang='lat' dir='ltr'>oblectauit</span> <span class='ocrx_word' id='word_1_98' title='bbox 1535 1217 1594 1270; x_wconf 91' lang='lat' dir='ltr'>et</span> <span class='ocrx_word' id='word_1_99' title='bbox 1651 1208 2132 1272; x_wconf 86' lang='lat' dir='ltr'>deambulatione</span> <span class='ocrx_word' id='word_1_100' title='bbox 2195 1228 2336 1270; x_wconf 90' lang='lat' dir='ltr'>cum</span> 
     </span>
     <span class='ocr_line' id='line_1_13' title="bbox 402 1295 2334 1374; baseline -0.001 -18"><span class='ocrx_word' id='word_1_101' title='bbox 402 1297 609 1357; x_wconf 86' lang='lat' dir='ltr'>amicis</span> <span class='ocrx_word' id='word_1_102' title='bbox 641 1302 819 1373; x_wconf 90' lang='lat' dir='ltr'>atque</span> <span class='ocrx_word' id='word_1_103' title='bbox 852 1313 1149 1356; x_wconf 85' lang='lat' dir='ltr'>sermone.</span> <span class='ocrx_word' id='word_1_104' title='bbox 1200 1295 1530 1357; x_wconf 89' lang='lat' dir='ltr'>uindemias</span> <span class='ocrx_word' id='word_1_105' title='bbox 1559 1297 1782 1374; x_wconf 86' lang='lat' dir='ltr'>priuati</span> <span class='ocrx_word' id='word_1_106' title='bbox 1811 1296 1992 1356; x_wconf 88' lang='lat' dir='ltr'>modo</span> <span class='ocrx_word' id='word_1_107' title='bbox 2020 1313 2157 1357; x_wconf 89' lang='lat' dir='ltr'>cum</span> <span class='ocrx_word' id='word_1_108' title='bbox 2183 1296 2334 1356; x_wconf 89' lang='lat' dir='ltr'>ami-</span> 
     </span>
    </p>

    <p class='ocr_par' dir='ltr' id='par_1_7' title="bbox 324 1379 2495 1627">
     <span class='ocr_line' id='line_1_14' title="bbox 324 1379 2334 1460; baseline -0.001 -17"><span class='ocrx_word' id='word_1_109' title='bbox 324 1394 366 1443; x_wconf 79' lang='grc'><strong>3</strong></span> <span class='ocrx_word' id='word_1_110' title='bbox 404 1383 487 1442; x_wconf 88' lang='lat' dir='ltr'>cis</span> <span class='ocrx_word' id='word_1_111' title='bbox 518 1380 747 1459; x_wconf 85' lang='lat' dir='ltr'>agebat.</span> <span class='ocrx_word' id='word_1_112' title='bbox 807 1379 1171 1441; x_wconf 88' lang='lat' dir='ltr'>Rhetoribus</span> <span class='ocrx_word' id='word_1_113' title='bbox 1203 1387 1264 1440; x_wconf 90' lang='lat' dir='ltr'>et</span> <span class='ocrx_word' id='word_1_114' title='bbox 1292 1379 1669 1460; x_wconf 89' lang='lat' dir='ltr'>philosophis</span> <span class='ocrx_word' id='word_1_115' title='bbox 1700 1399 1810 1460; x_wconf 88' lang='lat' dir='ltr'>per</span> <span class='ocrx_word' id='word_1_116' title='bbox 1841 1399 2050 1441; x_wconf 90' lang='lat' dir='ltr'>omnes</span> <span class='ocrx_word' id='word_1_117' title='bbox 2082 1382 2334 1458; x_wconf 85' lang='lat' dir='ltr'>prouin-</span> 
     </span>
     <span class='ocr_line' id='line_1_15' title="bbox 404 1463 2495 1545; baseline -0.001 -18"><span class='ocrx_word' id='word_1_118' title='bbox 404 1467 525 1527; x_wconf 84' lang='lat' dir='ltr'>cias</span> <span class='ocrx_word' id='word_1_119' title='bbox 554 1472 615 1526; x_wconf 90' lang='lat' dir='ltr'>et</span> <span class='ocrx_word' id='word_1_120' title='bbox 643 1463 903 1524; x_wconf 86' lang='lat' dir='ltr'>honores</span> <span class='ocrx_word' id='word_1_121' title='bbox 934 1471 994 1524; x_wconf 91' lang='lat' dir='ltr'>et</span> <span class='ocrx_word' id='word_1_122' title='bbox 1023 1465 1235 1524; x_wconf 87' lang='lat' dir='ltr'>salaria</span> <span class='ocrx_word' id='word_1_123' title='bbox 1266 1464 1495 1526; x_wconf 90' lang='lat' dir='ltr'>detulit.</span> <span class='ocrx_word' id='word_1_124' title='bbox 1546 1467 1848 1527; x_wconf 85' lang='lat' dir='ltr'>orationes</span> <span class='ocrx_word' id='word_1_125' title='bbox 1879 1464 2152 1545; x_wconf 85' lang='lat' dir='ltr'>plerique</span> <span class='ocrx_word' id='word_1_126' title='bbox 2185 1464 2333 1524; x_wconf 88' lang='lat' dir='ltr'>alie·</span> <span class='ocrx_word' id='word_1_127' title='bbox 2494 1511 2495 1540; x_wconf 40' lang='lat' dir='ltr'><strong>f</strong></span> 
     </span>
     <span class='ocr_line' id='line_1_16' title="bbox 403 1549 2495 1627; baseline -0.001 -16"><span class='ocrx_word' id='word_1_128' title='bbox 403 1569 508 1611; x_wconf 90' lang='lat' dir='ltr'>nas</span> <span class='ocrx_word' id='word_1_129' title='bbox 563 1550 871 1618; x_wconf 83' lang='lat' dir='ltr'>dixerunt,</span> <span class='ocrx_word' id='word_1_130' title='bbox 928 1565 1079 1627; x_wconf 89' lang='lat' dir='ltr'>quae</span> <span class='ocrx_word' id='word_1_131' title='bbox 1132 1549 1245 1610; x_wconf 88' lang='lat' dir='ltr'>sub</span> <span class='ocrx_word' id='word_1_132' title='bbox 1287 1551 1416 1610; x_wconf 92' lang='lat' dir='ltr'>eius</span> <span class='ocrx_word' id='word_1_133' title='bbox 1455 1552 1714 1611; x_wconf 89' lang='lat' dir='ltr'>nomine.</span> <span class='ocrx_word' id='word_1_134' title='bbox 1739 1552 2045 1618; x_wconf 81' lang='lat' dir='ltr'>feruntur3</span> <span class='ocrx_word' id='word_1_135' title='bbox 2109 1550 2334 1611; x_wconf 88' lang='lat' dir='ltr'>Marius</span> <span class='ocrx_word' id='word_1_136' title='bbox 2361 1562 2418 1603; x_wconf 84' lang='lat'>1⁵</span> <span class='ocrx_word' id='word_1_137' title='bbox 2494 1565 2495 1608; x_wconf 56' lang='lat'>3</span> 
     </span>
    </p>

    <p class='ocr_par' dir='ltr' id='par_1_8' title="bbox 322 1634 2495 1712">
     <span class='ocr_line' id='line_1_17' title="bbox 322 1634 2495 1712; baseline 0 -16"><span class='ocrx_word' id='word_1_138' title='bbox 322 1648 367 1696; x_wconf 74' lang='lat'>:4</span> <span class='ocrx_word' id='word_1_139' title='bbox 402 1635 691 1696; x_wconf 87' lang='lat' dir='ltr'>Maximus</span> <span class='ocrx_word' id='word_1_140' title='bbox 724 1635 853 1694; x_wconf 92' lang='lat' dir='ltr'>eius</span> <span class='ocrx_word' id='word_1_141' title='bbox 886 1635 1160 1712; x_wconf 89' lang='lat' dir='ltr'>proprias</span> <span class='ocrx_word' id='word_1_142' title='bbox 1188 1635 1376 1695; x_wconf 84' lang='lat' dir='ltr'>fuisse</span> <span class='ocrx_word' id='word_1_143' title='bbox 1409 1634 1566 1695; x_wconf 88' lang='lat' dir='ltr'>dicit.</span> <span class='ocrx_word' id='word_1_144' title='bbox 1637 1635 1923 1696; x_wconf 90' lang='lat' dir='ltr'>Conuiuia</span> <span class='ocrx_word' id='word_1_145' title='bbox 1958 1653 2095 1696; x_wconf 88' lang='lat' dir='ltr'>cum</span> <span class='ocrx_word' id='word_1_146' title='bbox 2127 1636 2336 1696; x_wconf 87' lang='lat' dir='ltr'>amicis</span> <span class='ocrx_word' id='word_1_147' title='bbox 2494 1639 2495 1642; x_wconf 74' lang='grc'>’</span> 
     </span>
    </p>

    <p class='ocr_par' dir='ltr' id='par_1_9' title="bbox 327 1717 2334 1799">
     <span class='ocr_line' id='line_1_18' title="bbox 327 1717 2334 1799; baseline -0 -17"><span class='ocrx_word' id='word_1_148' title='bbox 327 1733 365 1782; x_wconf 75' lang='lat'>5</span> <span class='ocrx_word' id='word_1_149' title='bbox 402 1729 461 1782; x_wconf 91' lang='lat' dir='ltr'>et</span> <span class='ocrx_word' id='word_1_150' title='bbox 489 1721 721 1799; x_wconf 85' lang='lat' dir='ltr'>priuata</span> <span class='ocrx_word' id='word_1_151' title='bbox 754 1720 1218 1780; x_wconf 88' lang='lat' dir='ltr'>communicauit</span> <span class='ocrx_word' id='word_1_152' title='bbox 1248 1726 1308 1780; x_wconf 91' lang='lat' dir='ltr'>et</span> <span class='ocrx_word' id='word_1_153' title='bbox 1339 1717 1574 1798; x_wconf 88' lang='lat' dir='ltr'>publica</span> <span class='ocrx_word' id='word_1_154' title='bbox 1604 1737 1716 1781; x_wconf 90' lang='lat' dir='ltr'>nec</span> <span class='ocrx_word' id='word_1_155' title='bbox 1751 1719 1935 1781; x_wconf 88' lang='lat' dir='ltr'>ullum</span> <span class='ocrx_word' id='word_1_156' title='bbox 1973 1720 2334 1781; x_wconf 80' lang='lat' dir='ltr'>sacrificium</span> 
     </span>
    </p>

    <p class='ocr_par' dir='ltr' id='par_1_10' title="bbox 322 1803 2335 1885">
     <span class='ocr_line' id='line_1_19' title="bbox 322 1803 2335 1885; baseline 0.001 -21"><span class='ocrx_word' id='word_1_157' title='bbox 322 1817 363 1864; x_wconf 79' lang='grc'>«6</span> <span class='ocrx_word' id='word_1_158' title='bbox 401 1823 511 1884; x_wconf 88' lang='lat' dir='ltr'>per</span> <span class='ocrx_word' id='word_1_159' title='bbox 540 1805 832 1866; x_wconf 88' lang='lat' dir='ltr'>uicarium</span> <span class='ocrx_word' id='word_1_160' title='bbox 858 1804 1020 1885; x_wconf 82' lang='lat' dir='ltr'>fecit,</span> <span class='ocrx_word' id='word_1_161' title='bbox 1054 1805 1335 1868; x_wconf 81' lang='lat' dir='ltr'>nisicum</span> <span class='ocrx_word' id='word_1_162' title='bbox 1365 1821 1546 1883; x_wconf 83' lang='lat' dir='ltr'>aeger</span> <span class='ocrx_word' id='word_1_163' title='bbox 1573 1805 1702 1867; x_wconf 84' lang='lat' dir='ltr'>fuit.</span> <span class='ocrx_word' id='word_1_164' title='bbox 1781 1824 1918 1866; x_wconf 90' lang='lat' dir='ltr'>cum</span> <span class='ocrx_word' id='word_1_165' title='bbox 1949 1804 2062 1866; x_wconf 91' lang='lat' dir='ltr'>sibi</span> <span class='ocrx_word' id='word_1_166' title='bbox 2108 1812 2168 1866; x_wconf 85' lang='lat' dir='ltr'>et</span> <span class='ocrx_word' id='word_1_167' title='bbox 2197 1803 2335 1866; x_wconf 84' lang='lat' dir='ltr'>filiis</span> 
     </span>
    </p>

    <p class='ocr_par' dir='ltr' id='par_1_11' title="bbox 324 1890 2334 1969">
     <span class='ocr_line' id='line_1_20' title="bbox 324 1890 2334 1969; baseline 0 -19"><span class='ocrx_word' id='word_1_168' title='bbox 324 1903 363 1950; x_wconf 79' lang='lat'>7</span> <span class='ocrx_word' id='word_1_169' title='bbox 401 1890 663 1950; x_wconf 86' lang='lat' dir='ltr'>honores</span> <span class='ocrx_word' id='word_1_170' title='bbox 692 1894 943 1968; x_wconf 87' lang='lat' dir='ltr'>peteret,</span> <span class='ocrx_word' id='word_1_171' title='bbox 978 1890 1173 1950; x_wconf 89' lang='lat' dir='ltr'>omnia</span> <span class='ocrx_word' id='word_1_172' title='bbox 1205 1891 1378 1967; x_wconf 86' lang='lat' dir='ltr'>quasi</span> <span class='ocrx_word' id='word_1_173' title='bbox 1407 1891 1678 1969; x_wconf 88' lang='lat' dir='ltr'>priuatus</span> <span class='ocrx_word' id='word_1_174' title='bbox 1707 1891 1867 1951; x_wconf 81' lang='lat' dir='ltr'>fecit.</span> <span class='ocrx_word' id='word_1_175' title='bbox 1931 1890 2334 1968; x_wconf 82' lang='lat' dir='ltr'>frequentauit</span> 
     </span>
    </p>

    <p class='ocr_par' dir='ltr' id='par_1_12' title="bbox 326 1973 2495 2560">
     <span class='ocr_line' id='line_1_21' title="bbox 326 1973 2416 2054; baseline -0.001 -17"><span class='ocrx_word' id='word_1_176' title='bbox 326 1987 367 2037; x_wconf 79' lang='grc'>8</span> <span class='ocrx_word' id='word_1_177' title='bbox 405 1983 465 2036; x_wconf 91' lang='lat' dir='ltr'>et</span> <span class='ocrx_word' id='word_1_178' title='bbox 494 1976 621 2054; x_wconf 89' lang='lat' dir='ltr'>ipse</span> <span class='ocrx_word' id='word_1_179' title='bbox 652 1975 982 2035; x_wconf 88' lang='lat' dir='ltr'>amicorum</span> <span class='ocrx_word' id='word_1_180' title='bbox 1012 1991 1259 2034; x_wconf 86' lang='lat' dir='ltr'>suorum</span> <span class='ocrx_word' id='word_1_181' title='bbox 1291 1976 1586 2035; x_wconf 86' lang='lat' dir='ltr'>conuiuia.</span> <span class='ocrx_word' id='word_1_182' title='bbox 1660 1976 1819 2036; x_wconf 91' lang='lat' dir='ltr'>inter</span> <span class='ocrx_word' id='word_1_183' title='bbox 1863 1974 1974 2036; x_wconf 87' lang='lat' dir='ltr'>alia</span> <span class='ocrx_word' id='word_1_184' title='bbox 2005 1976 2186 2036; x_wconf 88' lang='lat' dir='ltr'>etiam</span> <span class='ocrx_word' id='word_1_185' title='bbox 2216 1973 2332 2034; x_wconf 88' lang='lat' dir='ltr'>hoc</span> <span class='ocrx_word' id='word_1_186' title='bbox 2361 1987 2416 2028; x_wconf 81' lang='lat'>20</span> 
     </span>
     <span class='ocr_line' id='line_1_22' title="bbox 400 2059 2335 2139; baseline -0.001 -18"><span class='ocrx_word' id='word_1_187' title='bbox 400 2059 705 2121; x_wconf 88' lang='lat' dir='ltr'>ciuilitatis</span> <span class='ocrx_word' id='word_1_188' title='bbox 751 2060 878 2119; x_wconf 90' lang='lat' dir='ltr'>eius</span> <span class='ocrx_word' id='word_1_189' title='bbox 921 2061 1314 2138; x_wconf 84' lang='lat' dir='ltr'>praecipuum</span> <span class='ocrx_word' id='word_1_190' title='bbox 1355 2067 1773 2139; x_wconf 83' lang='lat' dir='ltr'>argumentum</span> <span class='ocrx_word' id='word_1_191' title='bbox 1817 2067 1908 2120; x_wconf 88' lang='lat' dir='ltr'>est</span> <span class='ocrx_word' id='word_1_192' title='bbox 1952 2059 2145 2136; x_wconf 86' lang='lat' dir='ltr'>quod,</span> <span class='ocrx_word' id='word_1_193' title='bbox 2194 2076 2335 2121; x_wconf 88' lang='lat' dir='ltr'>cum</span> 
     </span>
     <span class='ocr_line' id='line_1_23' title="bbox 402 2142 2330 2224; baseline -0.001 -18"><span class='ocrx_word' id='word_1_194' title='bbox 402 2145 643 2206; x_wconf 89' lang='lat' dir='ltr'>domum</span> <span class='ocrx_word' id='word_1_195' title='bbox 677 2142 937 2204; x_wconf 90' lang='lat' dir='ltr'>Homulli</span> <span class='ocrx_word' id='word_1_196' title='bbox 978 2145 1181 2204; x_wconf 90' lang='lat' dir='ltr'>uisens</span> <span class='ocrx_word' id='word_1_197' title='bbox 1216 2146 1558 2223; x_wconf 86' lang='lat' dir='ltr'>miransque</span> <span class='ocrx_word' id='word_1_198' title='bbox 1599 2145 1906 2207; x_wconf 89' lang='lat' dir='ltr'>columnas</span> <span class='ocrx_word' id='word_1_199' title='bbox 1947 2143 2330 2224; x_wconf 76' lang='lat' dir='ltr'>porphyreti-</span> 
     </span>
     <span class='ocr_line' id='line_1_24' title="bbox 398 2227 2332 2308; baseline -0.001 -18"><span class='ocrx_word' id='word_1_200' title='bbox 398 2249 500 2290; x_wconf 88' lang='lat' dir='ltr'>cas</span> <span class='ocrx_word' id='word_1_201' title='bbox 530 2230 901 2308; x_wconf 86' lang='lat' dir='ltr'>requisisset,</span> <span class='ocrx_word' id='word_1_202' title='bbox 935 2229 1093 2289; x_wconf 89' lang='lat' dir='ltr'>unde</span> <span class='ocrx_word' id='word_1_203' title='bbox 1124 2247 1224 2290; x_wconf 89' lang='lat' dir='ltr'>eas</span> <span class='ocrx_word' id='word_1_204' title='bbox 1253 2229 1535 2300; x_wconf 85' lang='lat' dir='ltr'>haberet,</span> <span class='ocrx_word' id='word_1_205' title='bbox 1569 2238 1748 2308; x_wconf 88' lang='lat' dir='ltr'>atque</span> <span class='ocrx_word' id='word_1_206' title='bbox 1790 2227 2108 2290; x_wconf 90' lang='lat' dir='ltr'>Homullus</span> <span class='ocrx_word' id='word_1_207' title='bbox 2152 2230 2208 2288; x_wconf 92' lang='lat' dir='ltr'>ei</span> <span class='ocrx_word' id='word_1_208' title='bbox 2239 2228 2332 2289; x_wconf 80' lang='lat' dir='ltr'>‹li-</span> 
     </span>
     <span class='ocr_line' id='line_1_25' title="bbox 399 2312 2495 2390; baseline 0 -16"><span class='ocrx_word' id='word_1_209' title='bbox 399 2316 613 2374; x_wconf 85' lang='lat' dir='ltr'>xisset:</span> <span class='ocrx_word' id='word_1_210' title='bbox 675 2331 853 2383; x_wconf 84' lang='lat' dir='ltr'>„cum</span> <span class='ocrx_word' id='word_1_211' title='bbox 899 2314 963 2371; x_wconf 90' lang='lat' dir='ltr'>in</span> <span class='ocrx_word' id='word_1_212' title='bbox 1006 2312 1251 2374; x_wconf 88' lang='lat' dir='ltr'>domum</span> <span class='ocrx_word' id='word_1_213' title='bbox 1301 2313 1549 2375; x_wconf 87' lang='lat' dir='ltr'>alienam</span> <span class='ocrx_word' id='word_1_214' title='bbox 1600 2316 1876 2383; x_wconf 85' lang='lat' dir='ltr'>ueneriS‚</span> <span class='ocrx_word' id='word_1_215' title='bbox 1923 2319 1981 2372; x_wconf 87' lang='lat' dir='ltr'>et</span> <span class='ocrx_word' id='word_1_216' title='bbox 2022 2319 2226 2372; x_wconf 88' lang='lat' dir='ltr'>mutus</span> <span class='ocrx_word' id='word_1_217' title='bbox 2273 2321 2335 2374; x_wconf 89' lang='lat' dir='ltr'>et</span> <span class='ocrx_word' id='word_1_218' title='bbox 2494 2367 2495 2390; x_wconf 23' lang='grc' dir='ltr'><strong>ἶ</strong></span> 
     </span>
     <span class='ocr_line' id='line_1_26' title="bbox 399 2394 2495 2475; baseline -0.002 -17"><span class='ocrx_word' id='word_1_219' title='bbox 399 2397 619 2458; x_wconf 87' lang='lat' dir='ltr'>surdus</span> <span class='ocrx_word' id='word_1_220' title='bbox 651 2405 841 2466; x_wconf 87' lang='lat' dir='ltr'>esto“,</span> <span class='ocrx_word' id='word_1_221' title='bbox 885 2398 1179 2475; x_wconf 87' lang='lat' dir='ltr'>patienter</span> <span class='ocrx_word' id='word_1_222' title='bbox 1220 2397 1372 2458; x_wconf 87' lang='lat' dir='ltr'>tulit.</span> <span class='ocrx_word' id='word_1_223' title='bbox 1451 2399 1622 2459; x_wconf 91' lang='lat' dir='ltr'>cuius</span> <span class='ocrx_word' id='word_1_224' title='bbox 1673 2395 1936 2459; x_wconf 89' lang='lat' dir='ltr'>Homulli</span> <span class='ocrx_word' id='word_1_225' title='bbox 1977 2394 2164 2457; x_wconf 90' lang='lat' dir='ltr'>multa</span> <span class='ocrx_word' id='word_1_226' title='bbox 2193 2397 2330 2459; x_wconf 88' lang='lat' dir='ltr'>ioca</span> <span class='ocrx_word' id='word_1_227' title='bbox 2358 2412 2414 2454; x_wconf 78' lang='lat'>25</span> <span class='ocrx_word' id='word_1_228' title='bbox 2493 2461 2495 2468; x_wconf 28' lang='lat'><strong>⁴</strong></span> 
     </span>
     <span class='ocr_line' id='line_1_27' title="bbox 398 2483 2495 2560; baseline -0 -18"><span class='ocrx_word' id='word_1_229' title='bbox 398 2499 638 2560; x_wconf 90' lang='lat' dir='ltr'>semper</span> <span class='ocrx_word' id='word_1_230' title='bbox 668 2483 961 2560; x_wconf 89' lang='lat' dir='ltr'>patienter</span> <span class='ocrx_word' id='word_1_231' title='bbox 994 2484 1241 2560; x_wconf 89' lang='lat' dir='ltr'>accepit.</span> <span class='ocrx_word' id='word_1_232' title='bbox 2494 2495 2495 2510; x_wconf 64' lang='lat'>¹</span> 
     </span>
    </p>

    <p class='ocr_par' dir='ltr' id='par_1_13' title="bbox 293 2565 2333 2731">
     <span class='ocr_line' id='line_1_28' title="bbox 293 2565 2333 2645; baseline -0.002 -14"><span class='ocrx_word' id='word_1_233' title='bbox 293 2565 379 2632; x_wconf 77' lang='lat'>12</span> <span class='ocrx_word' id='word_1_234' title='bbox 524 2565 707 2627; x_wconf 87' lang='lat' dir='ltr'>Multa</span> <span class='ocrx_word' id='word_1_235' title='bbox 736 2565 811 2626; x_wconf 90' lang='lat' dir='ltr'>de</span> <span class='ocrx_word' id='word_1_236' title='bbox 838 2567 971 2626; x_wconf 86' lang='lat' dir='ltr'>iure</span> <span class='ocrx_word' id='word_1_237' title='bbox 1003 2568 1197 2626; x_wconf 87' lang='lat' dir='ltr'>sanxit</span> <span class='ocrx_word' id='word_1_238' title='bbox 1240 2582 1506 2643; x_wconf 91' lang='lat' dir='ltr'>ususque</span> <span class='ocrx_word' id='word_1_239' title='bbox 1550 2573 1640 2626; x_wconf 88' lang='lat' dir='ltr'>est</span> <span class='ocrx_word' id='word_1_240' title='bbox 1679 2567 1828 2627; x_wconf 89' lang='lat' dir='ltr'>iuris</span> <span class='ocrx_word' id='word_1_241' title='bbox 1873 2567 2084 2645; x_wconf 86' lang='lat' dir='ltr'>peritis</span> <span class='ocrx_word' id='word_1_242' title='bbox 2114 2567 2333 2628; x_wconf 88' lang='lat' dir='ltr'>Vindio</span> 
     </span>
     <span class='ocr_line' id='line_1_29' title="bbox 400 2648 2331 2731; baseline 0.001 -19"><span class='ocrx_word' id='word_1_243' title='bbox 400 2652 584 2720; x_wconf 84' lang='lat' dir='ltr'>Vere,</span> <span class='ocrx_word' id='word_1_244' title='bbox 630 2649 831 2711; x_wconf 87' lang='lat' dir='ltr'>Saluio</span> <span class='ocrx_word' id='word_1_245' title='bbox 861 2648 1135 2720; x_wconf 86' lang='lat' dir='ltr'>Valente,</span> <span class='ocrx_word' id='word_1_246' title='bbox 1188 2651 1430 2712; x_wconf 90' lang='lat' dir='ltr'>Volusio</span> <span class='ocrx_word' id='word_1_247' title='bbox 1473 2651 1807 2721; x_wconf 90' lang='lat' dir='ltr'>Maeciano,</span> <span class='ocrx_word' id='word_1_248' title='bbox 1844 2651 2014 2731; x_wconf 90' lang='lat' dir='ltr'>leio</span> <span class='ocrx_word' id='word_1_249' title='bbox 2046 2651 2331 2714; x_wconf 86' lang='lat' dir='ltr'>Marcello</span> 
     </span>
    </p>

    <p class='ocr_par' dir='ltr' id='par_1_14' title="bbox 326 2735 2331 2814">
     <span class='ocr_line' id='line_1_30' title="bbox 326 2735 2331 2814; baseline 0 -19"><span class='ocrx_word' id='word_1_250' title='bbox 326 2747 361 2795; x_wconf 82' lang='lat'><strong>2</strong></span> <span class='ocrx_word' id='word_1_251' title='bbox 400 2744 459 2796; x_wconf 85' lang='lat' dir='ltr'>et</span> <span class='ocrx_word' id='word_1_252' title='bbox 488 2735 832 2798; x_wconf 89' lang='lat' dir='ltr'>Diauoleno.</span> <span class='ocrx_word' id='word_1_253' title='bbox 911 2735 1247 2798; x_wconf 79' lang='lat' dir='ltr'>seditiones</span> <span class='ocrx_word' id='word_1_254' title='bbox 1288 2736 1652 2814; x_wconf 88' lang='lat' dir='ltr'>ubicumque</span> <span class='ocrx_word' id='word_1_255' title='bbox 1685 2737 1870 2798; x_wconf 77' lang='lat' dir='ltr'>factas</span> <span class='ocrx_word' id='word_1_256' title='bbox 1915 2755 2036 2798; x_wconf 90' lang='lat' dir='ltr'>non</span> <span class='ocrx_word' id='word_1_257' title='bbox 2067 2737 2331 2798; x_wconf 89' lang='lat' dir='ltr'>crudeli-</span> 
     </span>
    </p>
   </div>
   <div class='ocr_carea' id='block_1_3' title="bbox 383 2903 2339 3443">
    <p class='ocr_par' dir='ltr' id='par_1_15' title="bbox 383 2903 2339 3443">
     <span class='ocr_line' id='line_1_31' title="bbox 430 2903 2339 2972; baseline -0.003 -12"><span class='ocrx_word' id='word_1_258' title='bbox 430 2957 434 2960; x_wconf 84' lang='lat'>.</span> <span class='ocrx_word' id='word_1_259' title='bbox 498 2907 530 2956; x_wconf 83' lang='lat'>2</span> <span class='ocrx_word' id='word_1_260' title='bbox 556 2906 883 2970; x_wconf 85' lang='lat' dir='ltr'>acciperant</span> <span class='ocrx_word' id='word_1_261' title='bbox 905 2905 957 2955; x_wconf 91' lang='lat' dir='ltr'><em>B</em></span> <span class='ocrx_word' id='word_1_262' title='bbox 1094 2904 1474 2972; x_wconf 64' lang='lat' dir='ltr'>indulgentias</span> <span class='ocrx_word' id='word_1_263' title='bbox 1499 2903 1570 2956; x_wconf 87' lang='lat' dir='ltr'>B¹</span> <span class='ocrx_word' id='word_1_264' title='bbox 1718 2908 1753 2956; x_wconf 84' lang='lat'>4</span> <span class='ocrx_word' id='word_1_265' title='bbox 1787 2906 2204 2957; x_wconf 81' lang='lat' dir='ltr'>rhinocerontes</span> <span class='ocrx_word' id='word_1_266' title='bbox 2229 2905 2339 2955; x_wconf 89' lang='lat' dir='ltr'>BP</span> 
     </span>
     <span class='ocr_line' id='line_1_32' title="bbox 502 2972 2332 3040; baseline -0.001 -18"><span class='ocrx_word' id='word_1_267' title='bbox 502 2973 857 3025; x_wconf 81' lang='lat' dir='ltr'>crocodrillos</span> <span class='ocrx_word' id='word_1_268' title='bbox 880 2973 931 3024; x_wconf 88' lang='lat' dir='ltr'><em>B</em></span> <span class='ocrx_word' id='word_1_269' title='bbox 980 2974 1309 3024; x_wconf 85' lang='lat' dir='ltr'>cocrodillos</span> <span class='ocrx_word' id='word_1_270' title='bbox 1341 2973 1418 3024; x_wconf 79' lang='lat'>1³1</span> <span class='ocrx_word' id='word_1_271' title='bbox 1555 2973 1998 3040; x_wconf 82' lang='lat' dir='ltr'>hyppopatomos</span> <span class='ocrx_word' id='word_1_272' title='bbox 2031 2972 2136 3022; x_wconf 87' lang='lat' dir='ltr'>BP</span> <span class='ocrx_word' id='word_1_273' title='bbox 2297 2974 2332 3021; x_wconf 84' lang='lat'>6</span> 
     </span>
     <span class='ocr_line' id='line_1_33' title="bbox 397 3039 2332 3108; baseline -0.001 -18"><span class='ocrx_word' id='word_1_274' title='bbox 397 3055 522 3090; x_wconf 89' lang='grc'>011111</span> <span class='ocrx_word' id='word_1_275' title='bbox 554 3041 851 3106; x_wconf 83' lang='lat' dir='ltr'>tigridibus</span> <span class='ocrx_word' id='word_1_276' title='bbox 886 3041 1134 3092; x_wconf 80' lang='lat' dir='ltr'>exhibuit</span> <span class='ocrx_word' id='word_1_277' title='bbox 1167 3042 1334 3092; x_wconf 88' lang='lat' dir='ltr'>BPM</span> <span class='ocrx_word' id='word_1_278' title='bbox 1469 3057 1593 3092; x_wconf 90' lang='lat' dir='ltr'>cum</span> <span class='ocrx_word' id='word_1_279' title='bbox 1637 3041 1934 3108; x_wconf 80' lang='lat' dir='ltr'>tigridibus</span> <span class='ocrx_word' id='word_1_280' title='bbox 1974 3047 2097 3105; x_wconf 73' lang='lat' dir='ltr'>post</span> <span class='ocrx_word' id='word_1_281' title='bbox 2136 3039 2332 3090; x_wconf 87' lang='lat' dir='ltr'>leones</span> 
     </span>
     <span class='ocr_line' id='line_1_34' title="bbox 396 3105 2332 3175; baseline -0.001 -17"><span class='ocrx_word' id='word_1_282' title='bbox 396 3112 709 3172; x_wconf 74' lang='lat' dir='ltr'>transposui.</span> <span class='ocrx_word' id='word_1_283' title='bbox 750 3127 817 3159; x_wconf 84' lang='lat' dir='ltr'>an</span> <span class='ocrx_word' id='word_1_284' title='bbox 842 3125 963 3159; x_wconf 88' lang='lat' dir='ltr'>cum</span> <span class='ocrx_word' id='word_1_285' title='bbox 992 3110 1032 3160; x_wconf 85' lang='lat'><em>0</em></span> <span class='ocrx_word' id='word_1_286' title='bbox 1051 3105 1387 3175; x_wconf 57' lang='lat' dir='ltr'>tigridibus?</span> <span class='ocrx_word' id='word_1_287' title='bbox 1493 3113 1525 3162; x_wconf 89' lang='grc'>8</span> <span class='ocrx_word' id='word_1_288' title='bbox 1551 3110 1648 3175; x_wconf 86' lang='lat' dir='ltr'>qui</span> <span class='ocrx_word' id='word_1_289' title='bbox 1671 3111 2004 3160; x_wconf 75' lang='lat' dir='ltr'>Mommsenus</span> <span class='ocrx_word' id='word_1_290' title='bbox 2107 3109 2138 3156; x_wconf 89' lang='grc'>9</span> <span class='ocrx_word' id='word_1_291' title='bbox 2162 3106 2332 3157; x_wconf 89' lang='lat' dir='ltr'>liber·—</span> 
     </span>
     <span class='ocr_line' id='line_1_35' title="bbox 393 3172 2335 3242; baseline 0 -18"><span class='ocrx_word' id='word_1_292' title='bbox 393 3176 475 3225; x_wconf 80' lang='lat' dir='ltr'>tis</span> <span class='ocrx_word' id='word_1_293' title='bbox 507 3177 622 3225; x_wconf 84' lang='lat' dir='ltr'>suis</span> <span class='ocrx_word' id='word_1_294' title='bbox 658 3177 721 3225; x_wconf 91' lang='lat' dir='ltr'><em>M</em></span> <span class='ocrx_word' id='word_1_295' title='bbox 862 3179 925 3226; x_wconf 95' lang='grc'>12</span> <span class='ocrx_word' id='word_1_296' title='bbox 960 3178 1168 3242; x_wconf 86' lang='lat' dir='ltr'>priuati</span> <span class='ocrx_word' id='word_1_297' title='bbox 1202 3179 1249 3227; x_wconf 90' lang='lat' dir='ltr'><em>P</em></span> <span class='ocrx_word' id='word_1_298' title='bbox 1269 3178 1490 3242; x_wconf 83' lang='lat' dir='ltr'>priuato</span> <span class='ocrx_word' id='word_1_299' title='bbox 1517 3179 1579 3230; x_wconf 92' lang='lat' dir='ltr'><em>M</em></span> <span class='ocrx_word' id='word_1_300' title='bbox 1686 3180 1748 3228; x_wconf 85' lang='lat'>13</span> <span class='ocrx_word' id='word_1_301' title='bbox 1773 3176 2084 3227; x_wconf 81' lang='lat' dir='ltr'>rethoribus</span> <span class='ocrx_word' id='word_1_302' title='bbox 2108 3172 2211 3224; x_wconf 90' lang='lat' dir='ltr'>BP</span> <span class='ocrx_word' id='word_1_303' title='bbox 2234 3173 2335 3236; x_wconf 76' lang='lat' dir='ltr'>(sic</span> 
     </span>
     <span class='ocr_line' id='line_1_36' title="bbox 383 3241 2332 3311; baseline -0.001 -18"><span class='ocrx_word' id='word_1_304' title='bbox 383 3244 507 3306; x_wconf 81' lang='lat' dir='ltr'>fere</span> <span class='ocrx_word' id='word_1_305' title='bbox 530 3243 753 3308; x_wconf 77' lang='lat' dir='ltr'>semper)</span> <span class='ocrx_word' id='word_1_306' title='bbox 894 3244 1249 3310; x_wconf 82' lang='lat' dir='ltr'>philosophas</span> <span class='ocrx_word' id='word_1_307' title='bbox 1273 3244 1348 3294; x_wconf 82' lang='lat' dir='ltr'>B²</span> <span class='ocrx_word' id='word_1_308' title='bbox 1481 3241 1550 3296; x_wconf 81' lang='grc'>’19</span> <span class='ocrx_word' id='word_1_309' title='bbox 1577 3243 1836 3311; x_wconf 78' lang='lat' dir='ltr'>petereslt</span> <span class='ocrx_word' id='word_1_310' title='bbox 1861 3245 1909 3294; x_wconf 91' lang='lat' dir='ltr'><em>P</em></span> <span class='ocrx_word' id='word_1_311' title='bbox 2041 3244 2108 3292; x_wconf 88' lang='grc'>20</span> <span class='ocrx_word' id='word_1_312' title='bbox 2132 3242 2190 3291; x_wconf 88' lang='lat' dir='ltr'>in</span> <span class='ocrx_word' id='word_1_313' title='bbox 2216 3242 2332 3292; x_wconf 82' lang='lat' dir='ltr'>alia</span> 
     </span>
     <span class='ocr_line' id='line_1_37' title="bbox 395 3310 2327 3376; baseline 0 -16"><span class='ocrx_word' id='word_1_314' title='bbox 395 3310 471 3360; x_wconf 91' lang='lat' dir='ltr'>P¹</span> <span class='ocrx_word' id='word_1_315' title='bbox 610 3313 675 3360; x_wconf 88' lang='grc'>22</span> <span class='ocrx_word' id='word_1_316' title='bbox 703 3311 889 3362; x_wconf 88' lang='lat' dir='ltr'>omulli</span> <span class='ocrx_word' id='word_1_317' title='bbox 912 3312 1016 3362; x_wconf 90' lang='lat' dir='ltr'>BP</span> <span class='ocrx_word' id='word_1_318' title='bbox 1058 3314 1240 3364; x_wconf 90' lang='lat' dir='ltr'>Omuli</span> <span class='ocrx_word' id='word_1_319' title='bbox 1265 3313 1330 3363; x_wconf 91' lang='lat' dir='ltr'><em>M</em></span> <span class='ocrx_word' id='word_1_320' title='bbox 1351 3330 1524 3364; x_wconf 82' lang='lat' dir='ltr'>uerum</span> <span class='ocrx_word' id='word_1_321' title='bbox 1547 3329 1724 3364; x_wconf 84' lang='lat' dir='ltr'>nomen</span> <span class='ocrx_word' id='word_1_322' title='bbox 1747 3313 1970 3362; x_wconf 76' lang='lat' dir='ltr'>restituit</span> <span class='ocrx_word' id='word_1_323' title='bbox 1992 3311 2327 3376; x_wconf 77' lang='lat' dir='ltr'>Marquardt.</span> 
     </span>
     <span class='ocr_line' id='line_1_38' title="bbox 497 3377 2330 3443; baseline 0.001 -14"><span class='ocrx_word' id='word_1_324' title='bbox 497 3381 563 3429; x_wconf 90' lang='grc'>23</span> <span class='ocrx_word' id='word_1_325' title='bbox 590 3378 824 3429; x_wconf 88' lang='lat' dir='ltr'>omullus</span> <span class='ocrx_word' id='word_1_326' title='bbox 848 3378 949 3429; x_wconf 90' lang='lat' dir='ltr'>BP</span> <span class='ocrx_word' id='word_1_327' title='bbox 972 3378 1077 3443; x_wconf 89' lang='lat' dir='ltr'>(M)</span> <span class='ocrx_word' id='word_1_328' title='bbox 1215 3383 1282 3432; x_wconf 86' lang='grc'>25</span> <span class='ocrx_word' id='word_1_329' title='bbox 1308 3381 1517 3431; x_wconf 86' lang='lat' dir='ltr'>omullii</span> <span class='ocrx_word' id='word_1_330' title='bbox 1537 3379 1662 3430; x_wconf 59' lang='grc' dir='ltr'>ΒΡςξ</span> <span class='ocrx_word' id='word_1_331' title='bbox 1686 3379 1873 3430; x_wconf 88' lang='grc' dir='ltr'>ο111111Ῑί</span> <span class='ocrx_word' id='word_1_332' title='bbox 1898 3377 1964 3429; x_wconf 78' lang='grc' dir='ltr'>Ρ1</span> <span class='ocrx_word' id='word_1_333' title='bbox 2077 3380 2142 3429; x_wconf 85' lang='grc'>27</span> <span class='ocrx_word' id='word_1_334' title='bbox 2169 3393 2330 3430; x_wconf 83' lang='lat' dir='ltr'>sanc-</span> 
     </span>
    </p>
   </div>
   <div class='ocr_carea' id='block_1_4' title="bbox 388 3439 2330 3580">
    <p class='ocr_par' dir='ltr' id='par_1_16' title="bbox 388 3439 2330 3580">
     <span class='ocr_line' id='line_1_39' title="bbox 396 3439 2330 3512; baseline 0.002 -18"><span class='ocrx_word' id='word_1_335' title='bbox 396 3447 478 3496; x_wconf 85' lang='lat' dir='ltr'>xit</span> <span class='ocrx_word' id='word_1_336' title='bbox 502 3446 555 3496; x_wconf 91' lang='lat' dir='ltr'><em>B</em></span> <span class='ocrx_word' id='word_1_337' title='bbox 666 3439 934 3497; x_wconf 54' lang='lat' dir='ltr'>&#39;Vmidius</span> <span class='ocrx_word' id='word_1_338' title='bbox 968 3447 1138 3498; x_wconf 80' lang='lat' dir='ltr'>Osann</span> <span class='ocrx_word' id='word_1_339' title='bbox 1172 3451 1244 3499; x_wconf 79' lang='lat' dir='ltr'>ad</span> <span class='ocrx_word' id='word_1_340' title='bbox 1267 3449 1443 3512; x_wconf 82' lang='lat' dir='ltr'>Pomp.</span> <span class='ocrx_word' id='word_1_341' title='bbox 1470 3450 1534 3498; x_wconf 85' lang='lat' dir='ltr'>de</span> <span class='ocrx_word' id='word_1_342' title='bbox 1569 3465 1644 3501; x_wconf 80' lang='lat' dir='ltr'>or.</span> <span class='ocrx_word' id='word_1_343' title='bbox 1663 3465 1720 3512; x_wconf 85' lang='lat' dir='ltr'>p.</span> <span class='ocrx_word' id='word_1_344' title='bbox 1750 3451 1848 3498; x_wconf 79' lang='lat'>106</span> <span class='ocrx_word' id='word_1_345' title='bbox 1983 3448 2050 3498; x_wconf 81' lang='lat'>28</span> <span class='ocrx_word' id='word_1_346' title='bbox 2075 3448 2330 3498; x_wconf 82' lang='lat' dir='ltr'>meciano</span> 
     </span>
     <span class='ocr_line' id='line_1_40' title="bbox 388 3513 1611 3580; baseline 0.003 -18"><span class='ocrx_word' id='word_1_347' title='bbox 388 3513 605 3580; x_wconf 88' lang='lat' dir='ltr'><em>BP(M)</em></span> <span class='ocrx_word' id='word_1_348' title='bbox 730 3517 795 3566; x_wconf 82' lang='lat'>29</span> <span class='ocrx_word' id='word_1_349' title='bbox 824 3514 1113 3565; x_wconf 86' lang='lat' dir='ltr'>diaboleno</span> <span class='ocrx_word' id='word_1_350' title='bbox 1138 3516 1244 3566; x_wconf 91' lang='lat' dir='ltr'>BP</span> <span class='ocrx_word' id='word_1_351' title='bbox 1260 3516 1525 3567; x_wconf 83' lang='lat' dir='ltr'>Iaboleno</span> <span class='ocrx_word' id='word_1_352' title='bbox 1553 3517 1611 3566; x_wconf 94' lang='lat' dir='ltr'><em>M</em></span> 
     </span>
    </p>
   </div>
  </div>
 </body>
</html>
