2517 3884
372 188 496 255 170
1058 194 1232 251 AELII
1276 191 1626 252 SPARTIANI

366 361 650 430 ediderat,
685 363 1006 422 interemit.
1087 359 1278 421 isdem
1320 359 1537 421 diebus
1578 361 1757 422 occisi
1802 369 1943 422 sunt
1977 362 2309 432 innumeri,

367 449 469 526 qui
522 448 723 508 fratris
785 448 913 518 eius
965 444 1237 524 partibus
1295 445 1581 506 fauerant.
1660 447 1841 506 occisi
1874 447 2053 506 etiam
2081 445 2304 517 liberti,
2356 469 2367 476 ·

295 546 331 594 4
367 533 468 610 qui
512 532 692 595 Getae
736 531 1319 592 administrauerant.
1400 530 1615 591 caedes
1658 530 1873 591 deinde
1914 533 1977 591 in
2020 531 2303 593 omnibus

361 617 528 678 lociS.
566 619 714 678 etin
746 615 974 677 balneis
1006 616 1161 676 facta
1191 615 1424 685 caedes,
1464 616 1765 693 occisique
1807 614 2079 681 nonnulli
2124 618 2305 681 etiam

363 708 674 771 cenantes,
719 703 876 762 inter
909 717 1058 776 quos
1085 701 1263 761 etiam
1308 700 1723 761 Sammonicus
1768 700 2061 772 SerenUS,
2124 703 2298 764 cuius
2352 713 2380 754 ⁵

293 800 326 850 5
360 786 501 848 libri
532 786 775 864 plurimi
805 785 878 845 ad
909 784 1240 846 doctrinam
1274 793 1495 846 extant.
1544 787 1607 845 in
1640 805 1942 846 summum
1973 786 2301 849 discrimen

363 873 541 932 etiam
572 869 695 931 Cilo
726 871 946 931 iterum
975 871 1317 948 praefectus
1350 877 1410 930 et
1441 870 1650 932 consul
1682 873 1849 932 uenit
1881 870 1958 941 ob
1990 871 2104 933 hoc
2136 872 2301 950 quod

291 969 324 1018 6
361 955 744 1017 concordiam
771 957 929 1016 inter
960 956 1178 1017 fratres
1215 964 1511 1027 suaserat.
1547 963 1607 1015 et
1636 975 1774 1017 cum
1806 956 1965 1018 idem
1996 957 2125 1018 Cilo⁴
2154 957 2297 1018 sub-

357 1041 476 1102 lata
533 1048 702 1101 ueste
744 1043 1044 1102 senatoria
1085 1041 1263 1101 nudis
1302 1041 1559 1120 pedibus
1598 1040 1671 1101 ab
1721 1040 2121 1104 urbanicianis
2151 1060 2293 1120 rap-

291 1139 321 1187 7
358 1133 456 1186 tus
489 1134 664 1194 esset,
701 1126 1032 1187 Antoninus
1065 1125 1420 1186 seditionem
1471 1127 1827 1205 conpressit.
1878 1125 2093 1186 multas
2116 1145 2293 1204 prae·
2322 1141 2379 1180 10

359 1222 524 1272 terea
553 1218 762 1292 postea
805 1211 1018 1272 caedes
1058 1214 1122 1271 in
1163 1211 1315 1272 urbe
1358 1211 1517 1281 fecit,
1552 1213 1775 1290 passim
1809 1213 1997 1290 raptis
2028 1231 2060 1272 a
2092 1211 2297 1272 militi-

359 1295 485 1358 bus'
521 1296 1222 1358 nonnullisahominibus
1284 1302 1344 1356 et
1402 1298 1645 1366 occisis,
1711 1297 1882 1374 quasi
1942 1295 2304 1358 seditionem

288 1393 322 1444 8
357 1381 687 1458 uindicans.
774 1381 1053 1442 Heluium
1122 1382 1523 1451 Pertinacem,
1588 1381 1903 1443 suffectum
1963 1381 2294 1450 consulem,

288 1480 320 1528 9
358 1466 435 1527 ob
478 1465 593 1526 hoc
635 1465 827 1526 solum
861 1466 1020 1542 quod
1051 1465 1204 1526 filius
1247 1474 1409 1527 esset
1447 1469 1831 1546 imperatoris
1874 1465 2107 1527 occidit.
2186 1475 2299 1526 ne-

357 1569 474 1630 que
506 1550 761 1610 cessauit
783 1565 1067 1627 umquam
1097 1550 1210 1610 sub
1242 1549 1499 1611 diuersis
1532 1551 1943 1612 occasionibus
1977 1570 2081 1611 eos
2101 1553 2293 1612 inter·
2325 1563 2383 1604 15

255 1649 320 1698 10
355 1636 554 1703 ficere,
588 1635 690 1713 qui
721 1634 926 1693 fratris
957 1634 1129 1694 amici
1159 1635 1431 1694 fuissent.
1505 1652 1683 1712 saepe
1714 1637 1777 1694 in
1810 1642 2081 1695 senatum
2114 1653 2300 1713 saepe

355 1721 419 1779 in
450 1717 738 1798 populum
770 1717 1030 1796 superbe
1083 1719 1359 1778 inuectus
1412 1725 1503 1777 est
1554 1726 1653 1778 aut
1706 1719 1915 1778 edictis
1966 1721 2300 1796 propositis

356 1811 456 1863 aut
515 1801 886 1862 orationibus
947 1801 1144 1872 editis,
1195 1802 1416 1882 Syllam
1466 1821 1531 1864 se
1592 1804 1767 1862 etiam
1829 1803 2155 1864 ostendens
2198 1804 2298 1864 fu-

353 1896 577 1952 turum.
1524 1902 1537 1920 ³
1801 1926 1806 1930 -

274 1969 319 2036 5
478 1972 584 2032 His
613 1973 796 2050 gestis
828 1971 1076 2032 Galliam
1109 1973 1258 2050 petit
1301 1979 1479 2050 atque
1524 1979 1588 2032 ut
1620 1973 1882 2050 primum
1924 1973 1988 2032 in
2022 1989 2151 2032 eam
2187 1992 2293 2033 ue·
2325 1985 2381 2026 20

283 2071 315 2121 2
351 2060 466 2126 nit,
512 2056 962 2118 Narbonensem
1011 2055 1457 2140 proconsulem
1491 2057 1723 2117 occidit.
1803 2059 2033 2117 cunctis
2077 2057 2301 2118 deinde

351 2142 606 2204 turbatis
635 2143 736 2222 qui
764 2143 826 2202 in
859 2140 1044 2202 Gallia
1075 2159 1173 2202 res
1205 2141 1493 2218 gerebant
1524 2141 1726 2202 odium
1758 2142 2131 2220 tYrannicum
2166 2160 2295 2202 me-

352 2230 492 2296 ruit,
529 2228 804 2304 quamuis
835 2224 1152 2304 aliquando
1185 2227 1437 2304 fingeret
1470 2233 1527 2287 et
1551 2225 1912 2304 benignum,
1962 2245 2097 2286 cum
2132 2235 2295 2288 esset

246 2368 262 2376 -
285 2325 315 2374 3
352 2319 564 2372 natura
624 2309 1014 2372 truculentus.
1093 2319 1150 2370 et
1205 2329 1343 2371 cum
1392 2311 1575 2371 multa
1636 2318 1845 2371 contra
1904 2310 2179 2370 homines
2232 2319 2294 2371 et

353 2403 562 2456 contra
592 2397 723 2455 iura
755 2397 1062 2455 ciuitatum
1097 2395 1365 2464 fecisset,
1430 2395 1642 2455 morbo
1685 2393 1990 2473 inplicitus
2020 2395 2289 2470 grauiter
2318 2408 2377 2450 25

350 2468 661 2541 laborauit.
725 2481 884 2538 circa
915 2498 1018 2540 eos
1049 2481 1153 2556 qui
1185 2497 1321 2538 eum
1355 2479 1643 2541 curabant
1676 2477 2123 2539 crudelissimus
2156 2479 2291 2540 fuit.

281 2582 316 2632 4
351 2563 491 2623 dein
523 2561 604 2624 ad
629 2564 922 2624 orientem
964 2565 1400 2642 profectionem
1442 2581 1660 2642 parans
1702 2563 1924 2623 omisso
1968 2564 2183 2624 itinere
2228 2566 2295 2626 in

350 2649 528 2709 Dacia
557 2647 798 2708 resedit.
879 2649 1036 2708 circa
1069 2648 1300 2708 Retiam
1331 2667 1451 2708 non
1484 2667 1708 2727 paucos
1744 2647 2032 2708 barbaros
2062 2650 2291 2708 intere-

354 2735 463 2794 mit
493 2733 831 2813 militesque
863 2749 1002 2794 suos
1045 2734 1214 2810 quasi
1246 2733 1439 2813 Syllae
1474 2733 1695 2794 milites
1729 2740 1787 2793 et
1819 2733 2167 2793 cohortatus
2200 2741 2294 2792 est

287 2838 318 2886 6
355 2825 413 2878 et
443 2818 706 2879 donauit.
750 2813 1048 2914 Qeorum
1090 2835 1233 2879 sane
1276 2837 1341 2878 se
1384 2818 1725 2879 nominibus
1761 2817 2046 2896 appellari
2080 2819 2285 2886 uetuit,
2318 2827 2375 2868 30

353 2903 512 2982 quod
545 2902 905 2964 Commodus
936 2903 1182 2972 fecerat,
1229 2921 1366 2964 cum
1394 2903 1483 2963 illi
1516 2923 1667 2972 eum,
1718 2903 1881 2981 quod
1911 2902 2146 2962 leonem
2180 2901 2287 2961 ali-

279 3005 315 3053 6
352 3006 536 3067 asque
566 2988 725 3050 feras
756 2987 1091 3058 occidisset,
1136 2987 1455 3050 Herculem
1498 2989 1783 3050 dicerent.
1863 2993 1920 3046 et
1970 3005 2110 3047 cum
2142 2985 2292 3046 Ger-

351 3089 557 3133 manos
589 3073 952 3152 subegisset,
1000 3074 1368 3136 Germanum
1410 3093 1474 3135 se
1507 3073 1834 3153 appellauit
1875 3071 1972 3132 uel
2012 3074 2146 3132 ioco
2191 3070 2293 3132 uel

454 3241 481 3288 1
506 3239 720 3291 hisdem
745 3241 847 3290 BP
981 3244 1010 3290 2
1038 3241 1263 3292 fuerant
1288 3241 1339 3290 B
1476 3242 1675 3292 liberte
1701 3241 1751 3290 B
1868 3243 1899 3289 3
1924 3239 2094 3289 aedes
2122 3239 2169 3288 B
2196 3237 2297 3288 ad-

349 3304 804 3358 ministrauerant
829 3307 997 3358 aedes
1022 3309 1170 3361 Jord.
1313 3313 1345 3358 4
1372 3310 1558 3359 factae
1585 3310 1635 3357 P
1753 3310 1782 3357 7
1812 3307 1957 3356 chilo
1985 3305 2102 3370 (bis)
2131 3306 2306 3356 BPM’

451 3377 484 3424 9
508 3375 706 3452 rapius
724 3381 873 3426 esset
899 3377 969 3425 ab
997 3377 1299 3427 antoninus
1323 3376 1397 3426 B1
1514 3379 1579 3426 ‘23
1606 3389 1663 3425 se
1688 3376 1812 3424 ben.
1842 3375 1905 3424 M
2026 3377 2090 3425 27
2119 3375 2294 3423 omiso

348 3441 400 3490 B
537 3439 615 3492 31
637 3443 784 3506 quod
809 3460 902 3495 om.
927 3442 1057 3493 BP¹
1219 3445 1303 3493 illi
1328 3447 1419 3494 uix
1441 3460 1632 3497 sanum.
1654 3443 1783 3506 fort.
1812 3441 1981 3492 aulici
2140 3438 2291 3505 eum]

347 3525 473 3561 cum
496 3508 622 3561 B¹P
753 3514 818 3561 33
855 3511 1243 3563 Germanicum
1268 3512 1328 3562 M
