2517 3884
331 176 458 240 248
1035 181 1209 236 AELII
1252 179 1586 236 LAMPRIDII

233 347 322 412 29
473 351 808 426 Antequam
840 347 912 407 de
945 346 1118 407 bellis
1151 349 1279 410 eius
1315 354 1374 407 et
1406 345 1886 428 expeditionibus
1916 355 1978 408 'et
2006 350 2280 410 uictoriis

341 436 576 514 loquar,
610 434 686 495 de
715 434 839 495 uita
869 432 1189 494 cottidiana
1231 440 1290 494 et
1332 433 1658 494 domestica
1700 451 1886 512 pauca
1930 434 2273 496 dissseram.

273 532 304 580 2
344 541 490 585 usus
512 518 761 581 uiuendi
783 517 978 578 eidem
1004 517 1100 577 hic
1123 519 1264 578 fuit:
1296 521 1561 598 primum
1578 517 1723 598 [ut],
1747 521 1797 579 si
1818 519 2069 582 facultas
2092 528 2273 590 esset,

338 607 398 668 id
461 614 554 669 est
614 607 666 666 si
707 622 829 664 non
873 621 1010 662 cum
1054 621 1242 664 uxore
1286 602 1635 674 cubuissem
1670 606 1976 665 matutinis
2015 603 2189 682 horis,
2212 607 2279 666 in

341 693 560 754 larario
593 705 722 759 suo,
755 691 818 749 in
851 703 970 764 quo
1003 695 1064 748 et
1095 689 1269 750 diuos
1290 690 1597 768 principes
1626 689 1731 750 sed
1762 692 2021 768 optimos
2054 689 2277 751 electos
2334 706 2369 748 5

341 785 399 839 et
441 779 668 838 animas
710 775 1069 842 sanctiores,
1129 775 1196 835 in
1249 776 1381 852 quis
1430 773 1811 853 Apollonium
1854 783 1942 845 et,
1990 782 2279 853 quantum

341 863 602 941 scriptor
645 877 894 920 suorum
938 864 1279 938 temporum
1324 859 1496 930 dicit,
1544 859 1845 921 Christum
1886 859 2185 921 Abraham
2218 866 2281 920 et

339 947 590 1010 Orfeum
635 952 694 1005 et
745 943 1158 1006 huiuscemodi
1212 951 1447 1006 ceteros
1526 943 1787 1008 habebat
1844 965 1912 1006 ac
1980 947 2281 1007 maiorum

269 1044 302 1094 3
340 1028 751 1110 effigies,·rem
781 1029 1048 1090 diuinam
1076 1028 1349 1091 faciebat.
1396 1031 1447 1091 si
1474 1029 1533 1089 id
1566 1049 1687 1090 non
1719 1037 1983 1108 poterat,
2016 1049 2128 1110 pro
2158 1030 2279 1090 loci

337 1117 619 1198 qualitate
663 1114 763 1178 uel
808 1113 1162 1175 uectabatur
1203 1114 1303 1176 uel
1345 1113 1690 1194 piscabatur
1728 1114 1827 1176 uel
1860 1115 2278 1178 deambulabat
2304 1134 2363 1172 lo

267 1214 303 1262 4
337 1202 439 1264 uel
469 1200 817 1262 uenabatur.
849 1198 1063 1260 dehinc
1093 1201 1144 1260 si
1173 1199 1320 1261 hora
1334 1201 1728 1280 permitteret,
1762 1200 1991 1262 actibus
2018 1200 2280 1280 publicis

337 1285 866 1368 postmeridianam
899 1302 1147 1364 operam
1179 1284 1373 1354 dabat,
1387 1285 1611 1347 idcirco
1626 1285 1785 1363 quod
1804 1293 1863 1346 et
1891 1305 1993 1346 res
2024 1285 2278 1347 bellicae
2347 1321 2355 1326 -

341 1382 400 1434 et
429 1371 657 1441 ciuileS,
683 1378 751 1430 ut
774 1372 1053 1450 superius
1077 1369 1444 1452 dictumest,
1471 1385 1583 1450 per
1609 1372 1833 1432 amicos
1848 1369 2275 1441 tractabantur,

339 1458 446 1519 sed
491 1465 728 1524 sanctos
773 1463 831 1516 et
861 1454 1053 1516 fidelis
1102 1464 1161 1516 et
1200 1472 1531 1534 numquam
1571 1455 1847 1526 uenaleS,
1895 1464 1954 1517 et
1991 1463 2278 1518 tractatae

275 1558 306 1606 5
342 1542 770 1610 firmabantur,
834 1543 949 1602 nisi
988 1541 1132 1618 quid
1173 1543 1322 1602 noui
1347 1544 1529 1609 etiam
1559 1543 1677 1619 ipsi
1704 1540 1987 1620 placeret.
2050 1559 2198 1602 sane
2228 1543 2280 1602 si
2306 1557 2363 1600 15

255 1624 260 1629 ’
339 1629 668 1689 necessitas
698 1631 968 1704 cogeret,
1031 1632 1169 1686 ante
1209 1625 1408 1687 lucem
1452 1626 1683 1687 actibus
1724 1645 1971 1705 operam
2012 1625 2189 1688 dabat
2220 1635 2281 1688 et

341 1715 406 1773 in
447 1712 689 1791 longam
751 1710 960 1772 horam
1013 1709 1389 1789 producebat
1429 1729 1627 1792 neque
1668 1729 1951 1790 umquam
1993 1711 2282 1774 taediauit

342 1804 445 1858 aut
502 1814 780 1860 morosus
839 1802 942 1858 aut
998 1797 1188 1857 iratus
1245 1797 1491 1867 resedit,
1536 1797 1735 1858 fronte
1778 1815 2018 1877 semper
2057 1799 2282 1877 pariet

276 1900 308 1946 6
343 1883 538 1944 laetus
598 1881 669 1942 ad
731 1883 946 1942 omnia.
1012 1889 1140 1944 erat
1183 1883 1341 1942 enim
1384 1883 1643 1960 ingentis
1683 1881 2039 1960 prudentiae
2094 1890 2151 1943 et
2184 1883 2281 1944 cui

341 1986 520 2029 nemo
550 1973 769 2046 ‘posset
807 1968 1098 2046 inponere
1143 1973 1202 2026 et
1240 1984 1421 2047 quem
1464 1969 1514 2029 si
1556 1966 1768 2046 aliquis
1808 1967 2037 2028 urbane
2080 1975 2277 2048 temp·
2306 1984 2361 2024 20

340 2059 468 2114 tare
499 2051 711 2121 uoluit,
744 2051 1082 2113 intellectus
1113 2051 1250 2112 tulit
1277 2070 1521 2131 poenas,

235 2143 324 2207 30
470 2137 614 2198 Post
643 2145 810 2198 actus
840 2136 1110 2216 publicos
1153 2156 1264 2198 seu
1293 2135 1539 2198 bellicos
1600 2155 1707 2198 seu
1768 2137 1976 2198 ciuiles
2034 2135 2283 2198 lectioni

343 2223 608 2284 Graecae
638 2241 885 2301 operam
916 2223 1206 2282 maiorem
1237 2221 1416 2283 dabat
1458 2223 1531 2284 de
1560 2241 1630 2284 re
1654 2221 1893 2302 publica
1923 2221 2111 2282 libros
2140 2221 2277 2283 Pla*

275 2327 305 2374 2
344 2309 502 2368 tonis
533 2307 760 2385 legens,
838 2306 1043 2367 Latina
1079 2325 1215 2368 cum
1246 2306 1495 2385 legeret,
1530 2327 1652 2368 non
1684 2307 1794 2368 alia
1826 2309 2013 2386 magis
2043 2306 2282 2384 legebat

345 2409 524 2469 quam
554 2391 630 2451 de
662 2392 876 2452 officiis
905 2391 1210 2452 Ciceronis
1243 2391 1399 2453 etde
1430 2411 1497 2453 re
1522 2392 1759 2472 publica
1778 2440 1791 2462 ‚
1826 2408 2275 2468 nonnumquam
2304 2409 2364 2448 25

346 2482 409 2536 et
450 2477 767 2536 orationes⁴
795 2483 854 2536 et
892 2485 1131 2554 poetaS,
1193 2479 1254 2536 in
1298 2479 1430 2554 quis
1474 2479 1767 2539 Serenum
1813 2477 2271 2544 Sammonicum,

275 2584 307 2632 3
347 2579 522 2639 quem
565 2563 696 2640 ipse
736 2568 991 2622 nouerat
1049 2568 1109 2621 et
1149 2561 1470 2633 dilexerat,
1528 2570 1589 2623 et
1626 2563 1955 2623 Horatium.
2032 2561 2173 2640 legit
2218 2568 2285 2620 et

347 2648 530 2708 uitam
561 2645 911 2716 Alexandri,
948 2662 1126 2723 quem
1155 2649 1481 2726 praecipue
1510 2649 1775 2709 imitatus
1808 2655 1927 2717 est,
1973 2648 2083 2708 etsi
2110 2648 2173 2706 in
2206 2665 2283 2706 eo

343 2730 781 2794 condemnabat
812 2730 1162 2792 ebrietatem
1187 2740 1245 2793 et
1278 2731 1690 2814 crudelitatem
1717 2735 1781 2793 in
1811 2733 2283 2809 amicoS,quam-

335 2970 680 3021 archiereum
706 2974 762 3020 et
790 2970 987 3034 Syrum
1008 2970 1347 3022 Mommsenus
1450 2974 1479 3020 2
1509 2971 1791 3022 cotidiana
1816 2971 1867 3019 B
1971 2973 2003 3021 3
2024 2973 2091 3020 ut
2114 2971 2288 3020 deleui

339 3035 406 3102 si]
436 3053 526 3088 om.
549 3037 600 3086 B
626 3037 734 3101 sess
752 3039 804 3088 P
826 3053 885 3088 se
911 3055 1026 3090 exe.
1167 3041 1198 3090 5
1222 3039 1364 3089 lario
1388 3039 1556 3089 BPM
1597 3038 1799 3088 solario
1824 3054 1942 3090 exc.
2057 3039 2089 3088 8
2112 3035 2285 3087 huius

338 3109 554 3156 ceteros
578 3105 682 3154 BP
701 3105 842 3159 exo-,¹
865 3106 1013 3156 modi
1037 3109 1156 3160 add.
1185 3105 1329 3158 eoec.²
1374 3107 1603 3157 huiusce
1631 3106 1766 3157 deos
1788 3105 1856 3156 M
1894 3105 2289 3156 huiuscemodi

338 3177 554 3223 ceteros
579 3173 728 3225 Iord.
871 3177 934 3224 11
959 3177 1272 3226 uenebatur
1294 3175 1399 3224 BP
1418 3191 1533 3226 exc.
1685 3175 1749 3224 12
1774 3179 1902 3239 post
1924 3173 2155 3224 multam
2177 3173 2291 3223 BP

335 3258 450 3292 exc.
479 3241 552 3291 M
571 3257 660 3292 em.
687 3242 869 3293 Haase
1018 3246 1082 3293 14
1109 3247 1337 3294 sanctus
1362 3241 1445 3292 B1
1592 3241 1787 3292 fideles
1808 3241 1955 3292 P²M
2091 3243 2156 3292 15
2182 3255 2283 3290 no-

333 3309 422 3359 bis
445 3307 548 3358 BP
683 3311 747 3360 18
772 3310 970 3361 residit
992 3305 1096 3362 BP
1240 3314 1303 3360 21
1330 3311 1650 3361 intellectos
1672 3309 1803 3360 BP¹
1830 3307 1970 3367 θηται
2116 3311 2181 3360 23
2210 3307 2282 3358 de

336 3392 449 3442 rep.
475 3375 580 3426 BP
721 3379 786 3428 26
813 3384 1060 3430 oratores
1085 3377 1225 3430 exc!
1247 3379 1311 3429 M
1473 3379 1520 3428 si
1546 3379 1670 3443 quis
1692 3377 1795 3428 BP
1816 3394 1931 3429 exc.
2074 3391 2285 3426 ammo-

334 3447 518 3496 nicum
542 3444 645 3496 BP
665 3463 782 3498 exc.
809 3447 878 3497 M
1028 3450 1096 3498 27
1125 3447 1342 3498 dixerat
1376 3446 1480 3496 BP
1490 3446 1505 3478 ¹
1542 3462 1657 3498 exc,
1694 3463 1783 3498 em.
1818 3444 1967 3496 P³M
2108 3444 2284 3496 orati·

331 3531 462 3566 uum
484 3513 536 3564 B
560 3517 796 3566 oratiam
817 3516 872 3564 P
