2517 3884
327 173 559 225 INDEX
595 171 942 224 NOMINVM
976 174 1073 224 ET
1112 173 1369 225 RERVM
1401 173 1985 234 MEMORABILIVM
2070 173 2203 238 305

170 358 282 407 que
357 343 607 407 regimen
677 341 896 407 accepit
973 342 1124 394 Pert.
1181 340 1250 390 ad
1286 341 1625 406 Mucaporem
1660 342 1899 408 epistula.
1942 342 2070 395 Aur.
2118 344 2221 408 in—⁴

174 412 290 470 106,
329 412 413 460 22.
1246 413 1400 460 serta
1454 409 1509 458 11
1576 412 1699 469 155,
1758 411 1808 460 8.
1888 410 1964 459 Μ.
2034 426 2202 459 manu

104 479 410 530 Moesiacos
436 476 680 542 legiones
700 477 1039 542 Ingenuum
1024 492 1124 526 im·
1245 477 1583 526 Aurelianus
1608 479 1973 542 interemptus
2000 478 2056 528 H
2083 480 2197 540 161,

171 550 483 612 potatorem
519 545 775 594 dixerunt
808 544 865 595 ΙΙ
900 546 1124 608 97,25.
1249 546 1330 594 13.
2219 597 2225 604 ,

101 616 160 663 ἰιι
199 613 495 664 Moesiacos
533 627 720 662 omnes
748 612 895 662 Gall.
936 627 1124 678 asper·
1179 611 1383 662 Mucius
1444 611 1606 664 Gord.
1654 612 1875 678 primus
1915 613 2097 664 dictus
2139 613 2201 664 11

173 682 311 730 rime
359 680 568 740 saeuit,
619 679 762 744 quod
821 680 1128 744 Ingenuum
1247 680 1453 742 31,15.

175 750 307 813 imp.
347 748 603 798 fecerant
636 747 694 798 11
729 748 932 810 98,10.
1178 749 1357 798 mulier
1391 763 1459 796 ne
1507 762 1767 812 umquam
1814 751 2067 799 senatum
2117 748 2203 796 in·

105 817 302 866 „Woesii
354 815 640 865 Gallicani
710 816 890 880 praef.
949 818 1126 880 praet.
1169 819 1172 824 '
1248 813 1595 879 grederetur‚
1645 820 1864 865 cantum
1913 821 2039 881 post
2072 816 2199 867 Hel
2276 825 2279 830 '

183 883 366 933 oratio
402 884 668 932 inserta
705 883 762 932 ΙΙ
800 885 914 947 176,
951 883 1034 932 26.
1249 884 1369 944 215,
1407 883 1489 932 25.

113 951 501 1015 Mogontiacum
534 950 590 999 II
628 952 865 1013 141,15.
1180 948 1405 999 Muluius
1443 949 1771 1000 Gallicanus
1807 949 1983 1016 praef.
2020 954 2198 1017 praet.

111 1019 344 1068 Moluius
377 1033 516 1099 pons
550 1018 607 1067 11
641 1017 726 1079 88,
763 1021 812 1068 3.
1251 1016 1552 1068 Valeriani
1585 1019 1642 1067 ΙΙ
1680 1019 1919 1078 188,11.

103 1088 462 1137 momentarias
506 1086 758 1150 piscinas
806 1085 872 1136 de
934 1071 1120 1135 rosato
1174 1084 1410 1134 Mummio
1472 1085 1755 1147 Quadrato
1816 1087 2021 1136 sororis
2080 1085 2198 1136 filio

175 1158 233 1204 et
268 1154 408 1204 rosis
445 1152 695 1204 exhibuit
727 1153 853 1205 Hel.
901 1154 1027 1212 219,
1071 1156 1120 1202 4.
1240 1152 1510 1202 bonorum
1556 1157 1925 1202 maternorum
1983 1158 2201 1218 partem

101 1227 306 1272 moneta
362 1222 629 1271 Antonini
683 1221 849 1270 Diad.
905 1220 1123 1271 nomine
1244 1219 1398 1269 dedit
1431 1220 1563 1270 Pius
1600 1220 1839 1270 moriens
1873 1222 1959 1284 49,
1996 1223 2080 1270 21.

175 1288 321 1352 apud
346 1289 694 1338 Antiochiam
716 1303 983 1353 percussa
1021 1293 1122 1350 est,
1176 1312 1244 1324 —
1282 1286 1627 1339 Secundinus
1666 1303 1700 1337 a
1737 1287 1942 1339 Seuero
1980 1289 2199 1338 occisus

175 1356 413 1406 Macrini
457 1372 629 1421 usque
680 1356 750 1406 ad
793 1357 1001 1406 iussum
1037 1369 1123 1406 se·
1249 1357 1366 1419 134,
1405 1358 1451 1404 5.

177 1429 340 1474 natus
384 1424 578 1474 dilata
607 1428 692 1474 est
752 1426 877 1487 196,
923 1427 1006 1476 27.
1067 1427 1131 1476 ut,
1177 1425 1496 1472 munerarius
1534 1417 1769 1474 libellus
1794 1424 1852 1474 11
1892 1423 2011 1483 126,
2049 1425 2134 1475 21.

177 1496 428 1541 monetae
465 1506 665 1541 nomen
699 1492 966 1542 Antonini
1001 1490 1123 1540 red·
1174 1506 1385 1540 munera
1420 1490 1793 1556 gladiatorum
1829 1506 1928 1555 per
1954 1506 2053 1542 sex
2078 1490 2197 1541 dies

175 1558 357 1618 datur,
388 1559 671 1609 adclamat
699 1562 930 1608 senatus
965 1559 1124 1610 Alex.
1247 1559 1538 1608 continuos
1596 1558 1850 1608 exhibuit
1909 1558 2081 1608 Hadr.
2144 1561 2195 1616 9,

175 1629 306 1693 imp.
345 1630 475 1690 233,
524 1630 603 1677 14.
654 1629 930 1677 monetam
981 1626 1123 1677 Ode·
1244 1627 1328 1677 25.
1357 1639 1583 1676 munera
1609 1626 1697 1675 Pii
1720 1629 1804 1689 42,
1832 1630 1881 1678 3.
1922 1631 2203 1692 sumptum.

177 1697 326 1756 nati,
390 1711 497 1758 qua
533 1697 737 1745 Persas
774 1699 971 1759 captos
1008 1698 1121 1744 tra·
1244 1694 1563 1745 muneribus
1631 1693 1979 1759 gladiatoriis
2041 1695 2199 1748 insti-

180 1763 361 1825 heret,
402 1762 528 1811 cudi
562 1762 727 1812 iussit
765 1762 911 1812 Gall.
948 1762 1006 1812 11
1039 1764 1123 1826 83,
1246 1765 1357 1811 tuit
1399 1763 1537 1812 Pius
1572 1765 1666 1822 43,
1702 1765 1756 1811 2.
1808 1765 1968 1825 quasi
2012 1763 2201 1827 priua-

178 1832 228 1879 9.
269 1845 338 1878 m.
377 1830 770 1880 Trebellianus
808 1830 865 1879 in
900 1830 1125 1894 Illyrico
1249 1834 1339 1878 tus
1377 1834 1641 1893 quaestor
1678 1828 1850 1878 edidit
1870 1830 2091 1878 Marcus
2116 1831 2202 1892 48,

178 1898 363 1946 factus
398 1898 698 1963 imperator
735 1897 861 1947 cudi
883 1897 1051 1947 iussit
1075 1897 1129 1946 11
1255 1898 1337 1949 15.
1409 1899 1467 1946 in
1535 1913 1604 1946 m.
1678 1896 1902 1962 publico
1982 1898 2203 1946 Marcus

180 1966 296 2026 114,
335 1966 418 2012 21.
537 1997 542 2002 -
999 1995 1004 2000 -
1252 1964 1639 2028 magnanimus
1677 1964 1785 2013 fuit
1828 1965 1923 2026 58,
1964 1965 2041 2014 19.
2090 1979 2204 2012 mn-

101 2033 503 2081 monetariorum
537 2030 742 2080 bellum
777 2029 1131 2082 Felicissimo
1253 2045 1356 2080 nus
1380 2031 1612 2080 funebre
1639 2031 1909 2081 dederunt
1930 2031 2037 2084 Pio,
2057 2033 2207 2080 Mar-

181 2097 448 2148 rationali
484 2100 712 2148 auctore
759 2098 859 2147 sub
907 2098 1039 2147 Aur.
1074 2099 1132 2148 Π
1255 2113 1351 2146 cus
1406 2102 1463 2148 et
1514 2099 1689 2149 Verus
1734 2098 1825 2159 50,
1889 2099 1969 2147 16.
2048 2098 2206 2150 Alex
2280 2111 2285 2116 ·

181 2166 294 2224 163,
336 2167 390 2227 13
435 2167 514 2214 10.
1254 2173 1585 2228 quaestores
1611 2181 1677 2216 ex
1702 2179 1806 2215 sua
1824 2166 2063 2230 pecunia
2088 2167 2204 2215 ius-

103 2233 360 2283 monobeli
394 2234 512 2294 209,
553 2233 596 2282 1.
1253 2233 1330 2281 sit
1374 2247 1603 2282 munera
1650 2233 1853 2314 populo
1901 2234 2031 2283 dare
2086 2235 2203 2290 259,

105 2301 408 2350 monolinum
464 2299 532 2349 de
603 2299 749 2350 albis
819 2315 1016 2350 nouem
1077 2299 1131 2350 11
1249 2302 1304 2349 4.
1340 2298 1499 2354 Alex.
1541 2299 1785 2351 arcarios
1813 2301 2079 2364 instituit,
2110 2303 2203 2365 qui

178 2370 262 2427 23,
302 2369 351 2417 1.
1201 2389 1207 2394 ·
1253 2366 1322 2416 de
1360 2383 1497 2417 arca
1534 2367 1657 2430 fisci
1702 2383 1931 2420 munera
1977 2369 2206 2419 ederent

109 2437 405 2499 monopodia·
437 2437 520 2497 97,
562 2437 641 2486 10.
1252 2437 1373 2498 259,
1412 2438 1457 2486 7.
1498 2451 1728 2486 munera
1764 2452 1862 2501 per
1898 2441 2070 2488 totum
2108 2451 2204 2486 an-

107 2504 390 2553 Montanus
435 2502 756 2568 decipiebat
800 2502 964 2555 Gord.
1018 2507 1129 2553 ter·
1251 2518 1381 2552 num
1417 2504 1737 2570 dispergere
1776 2505 2005 2555 uolebat
2048 2503 2204 2553 Alex.

185 2571 323 2620 tium
358 2570 414 2620 II
449 2573 532 2633 45,
570 2573 651 2621 29.
1250 2573 1387 2634 259,
1426 2572 1472 2622 7.
1534 2587 1631 2621 cur
1674 2571 2087 2637 proficiscentes
2136 2570 2208 2622 ad

107 2640 432 2686 monumentis
500 2639 739 2702 publicis
798 2638 916 2688 indi
979 2636 1127 2688 Com.
1251 2637 1456 2688 bellum
1501 2640 1864 2705 imperatores
1911 2640 2109 2690 darent
2153 2639 2206 2688 II

180 2703 372 2768 iussit,
433 2706 687 2768 quotiens
724 2707 908 2756 ludum
946 2707 1129 2772 ingre·
1251 2707 1339 2770 58,
1377 2707 1462 2756 28.

179 2771 403 2821 deretur
438 2773 768 2830 98,11.in
819 2788 1134 2823 monumen·
1183 2789 1360 2824 munus
1410 2773 1816 2824 uehicularium
1864 2774 1989 2826 Seu.
2029 2772 2099 2824 ad
2146 2772 2205 2821 fi

179 2846 295 2888 tum
327 2838 604 2888 Hadriani
632 2855 828 2905 corpus
856 2839 1136 2890 Commodi
1254 2855 1457 2890 souma
1481 2841 1716 2906 priuatis
1730 2841 1975 2890 traduxit
1989 2844 2105 2902 134,
2123 2843 2207 2892 28.

181 2906 516 2956 translatum
554 2912 640 2957 est
676 2910 790 2970 101,
829 2910 912 2958 30.
1187 2909 1419 2958 Murcus.
1456 2908 1670 2958 Nonius
1706 2934 1789 2958 —.
1828 2909 1938 2957 uid.
1978 2909 2206 2958 Nonius.

109 2989 277 3026 mores
314 2979 688 3025 matronarum
724 2975 1042 3026 diffluentes
1081 2978 1136 3026 et
1186 2975 1427 3026 Murena.
1472 2975 1745 3026 Ablauius
1778 3003 1849 3025 —.
1890 2975 2003 3025 uid.
2039 2975 2209 3026 Abla-

103 3055 108 3060 ·
183 3043 444 3092 iuuenum
503 3042 768 3094 nobilium
843 3042 1136 3109 conposuit
1256 3043 1399 3093 nius.
2208 3059 2216 3066 ·

177 3110 400 3159 Marcus
437 3111 522 3170 63,
561 3114 609 3161 9.
1185 3126 1355 3161 muros
1390 3111 1544 3162 urbis
1570 3103 2205 3162 dilatauit⁸Aurelianus

109 3180 362 3228 moriones
429 3178 633 3244 populo
691 3177 922 3230 donauit
979 3176 1134 3228 Alex.
1256 3179 1316 3228 H
1352 3179 1468 3242 152,
1508 3181 1555 3229 7.
1597 3181 1711 3239 163,
1752 3182 1833 3232 18.

177 3245 299 3308 251,
339 3246 388 3295 1.
1188 3246 1510 3298 Mem-entius
1558 3248 1867 3300 Mauricius
1893 3247 1963 3298 ad
1988 3248 2206 3312 Aegyp·

111 3313 289 3364 Moses
334 3317 554 3362 centum
600 3318 656 3362 et
708 3313 910 3379 uiginti
959 3328 1133 3364 annos
1254 3319 1370 3363 tum
1405 3314 1713 3372 destinatus
1750 3316 1807 3374 ΙΙ
1846 3315 2081 3378 146,14.

178 3379 325 3428 uixit
357 3380 413 3429 11
450 3382 690 3445 124,11.
1185 3381 1256 3430 ad
1292 3385 1529 3434 musicam
1562 3397 1765 3450 pronus
1789 3383 1949 3442 Alex.
1976 3383 2095 3444 246,
2123 3384 2209 3432 27.

113 3447 408 3498 Moeilenum
465 3449 644 3515 praef.
712 3453 889 3515 praet.
974 3448 1128 3502 Com.
1181 3452 1397 3502 musicos
1462 3452 1636 3506 Hadr.
1695 3451 1754 3506 in
1821 3420 2211 3506 familiaritate

179 3515 465 3566 interemit
497 3519 709 3582 96,13.
1249 3516 1445 3570 habuit
1480 3519 1651 3577 Hadr.
1692 3521 1871 3584 1¹1‚⁷;
1913 3520 1992 3577 14

187 3629 403 3667 scari-r.
437 3631 586 3668 mar.
612 3632 740 3670 Avo.
769 3615 840 3672 11.
1721 3600 1809 3673 20
