2517 3884
331 175 458 241 134
971 197 994 232 f
1032 180 1184 236 AELI
1226 179 1579 237 SPARTIANI

331 359 391 412 et
422 351 760 410 contionem
790 346 1068 418 laudauit,
1101 345 1285 408 deum
1313 345 1653 428 appellauit,
1688 348 2010 410 infamibus
2054 348 2263 430 displi-

261 443 296 494 9
332 437 528 496 cuisse
559 435 722 504 dixit,
755 441 822 494 ut
850 443 1196 514 appareret,
1242 452 1378 494 eum
1420 435 1797 514 apertissime
1838 435 2065 496 furere.
2124 443 2265 514 post

329 520 444 582 hoc
475 521 547 581 de
579 533 682 580 sua
727 519 1040 580 clementia
1081 519 1394 598 disseruit,
1428 538 1565 580 cum
1596 519 2041 580 crudelissimus
2084 521 2265 582 fuerit

331 615 390 667 et
421 613 728 666 senatores
757 605 912 665 infra
943 606 1202 684 scriptos
1235 605 1540 666 occiderit.

229 688 311 754 13
458 691 690 753 Occidit
719 696 916 750 autem
949 691 1076 751 sine
1109 709 1321 751 causae
1352 691 1611 750 dictione
1633 689 1743 750 hos
1773 690 2033 752 nobiles:
2070 691 2259 752 Mum·
2313 707 2338 748 5

329 779 516 838 mium
548 775 974 846 Secundinum,
1017 775 1301 837 Asellium
1334 775 1740 846 Claudianum,
1787 773 2096 838 Claudium
2136 776 2260 837 Ru-

259 873 292 922 2
317 863 474 938 pium,
507 861 782 921 Vitalium
813 863 1130 930 Victorem,
1164 861 1412 940 Papium
1427 862 1730 932 Faustum,
1763 860 1993 923 Aelium
2009 861 2262 931 Celsum,

326 945 539 1008 Iulium
581 947 818 1016 Rufum,
851 947 1105 1008 Lollium
1136 947 1497 1015 Professum,
1541 946 2005 1008 Aurunculeium
2037 947 2262 1008 Corne-

328 1033 580 1102 lianum,
626 1033 987 1093 Antoninum
1031 1032 1312 1101 Balbum,
1356 1033 1727 1093 Postumium
1769 1031 2078 1102 Seuerum,
2122 1033 2263 1094 Ser-

262 1127 294 1178 3
330 1120 494 1196 gium
535 1117 886 1187 Lustralem,
930 1118 1182 1180 Fabium
1221 1118 1552 1186 Paulinum,
1597 1117 1857 1179 Nonium
1901 1117 2261 1187 Gracchum,
2294 1135 2343 1174 10

329 1203 662 1266 Masticium
701 1203 1058 1274 Fabianum,
1104 1204 1452 1282 Casperium
1491 1204 1903 1282 Agrippinum,
1953 1203 2267 1264 Ceionium

261 1297 297 1348 4
331 1289 635 1359 Albinum,
700 1283 1007 1350 Claudium
1051 1289 1489 1368 Sulpicianum,
1553 1289 1895 1348 Memmium
1957 1287 2262 1357 Rufinum,
2308 1327 2312 1330 -

332 1374 678 1454 Casperium
711 1374 1121 1441 Aemilianum,
1169 1374 1485 1435 Cocceium
1516 1374 1753 1443 Verum,
1804 1373 2085 1433 Erucium
2131 1373 2263 1434 Cla·

261 1469 295 1519 5
330 1479 483 1528 rum,
517 1459 581 1519 L.
618 1458 926 1528 Stilonem,
971 1458 1240 1520 Clodium
1282 1459 1579 1527 Rufinum,
1613 1458 2029 1536 Egnatuleium
2060 1458 2263 1518 Hono-

261 1553 294 1601 6
329 1551 543 1612 ratum,
578 1544 925 1604 Petronium
951 1543 1273 1611 iuniorem,
1307 1543 1669 1603 Pescennios
1662 1503 1939 1603 Festum
1994 1551 2052 1603 et
2083 1545 2265 1604 Vera·
2296 1557 2347 1600 15

329 1631 556 1690 tianum
581 1635 648 1687 et
676 1627 1057 1689 Aurelianum
1091 1635 1148 1687 et
1179 1628 1572 1687 Materianum
1605 1635 1662 1686 et
1692 1627 1981 1686 Iulianum
2015 1636 2073 1687 et
2103 1626 2267 1688 Albi-

307 1731 501 1790 num,
550 1711 835 1774 Cerellios
877 1712 1206 1772 Macrinum
1266 1718 1324 1771 et
1365 1712 1807 1772 Faustinianum
1855 1719 1912 1770 et
1952 1711 2265 1780 Iulianum,

261 1809 294 1860 '7
329 1798 698 1869 Herennium
726 1797 1037 1876 Nepotem,
1082 1796 1351 1876 Sulpium
1382 1795 1625 1865 Canum,
1675 1795 1970 1856 Valerium
2027 1795 2268 1869 Catulli-

332 1902 492 1954 num,
524 1883 1045 1952 Nouium'Rufum,
1081 1881 1388 1943 Claudium
1410 1883 1789 1951 Arabianum,
1822 1881 2083 1942 Marcum
2102 1881 2267 1942 Asel-

262 1977 297 2030 8
331 1969 570 2030 lionem.
648 1967 864 2029 horum
903 1970 1083 2047 igitur
1127 1975 1429 2028 tantorum
1474 1987 1541 2028 ac
1585 1975 1705 2028 tam
1735 1968 2073 2027 inlustrium
2108 1969 2264 2027 uiro·
2294 1986 2345 2024 20

332 2073 498 2124 rum,
531 2073 669 2116 nam
700 2053 869 2114 multi
895 2055 958 2114 in
991 2055 1083 2114 his
1115 2054 1490 2123 consulareS,
1525 2051 1694 2113 multi
1723 2055 2026 2136 praetorii,
2062 2071 2271 2115 omnes

334 2148 498 2201 certe
529 2141 744 2201 summi
771 2141 887 2200 uiri
917 2141 1115 2210 fuere,
1185 2141 1538 2200 interfector
1580 2138 1652 2199 ab
1693 2139 1852 2200 Afris
1894 2146 1959 2198 ut
1990 2138 2134 2199 deus
2167 2137 2272 2198 ha-

265 2239 298 2289 9
334 2225 528 2286 betur.
600 2225 868 2290 Cincium
899 2225 1189 2286 Seuerum
1244 2225 1635 2286 calumniatus
1678 2232 1799 2292 est,
1864 2223 2021 2300 quod
2066 2240 2130 2282 se
2165 2241 2269 2284 ue·

237 2315 320 2380 14
339 2328 496 2370 neno
541 2309 894 2388 adpetisset,
951 2318 1128 2386 atque
1169 2312 1252 2370 ita
1292 2309 1606 2370 interfecit.
1713 2308 2055 2369 Narcissum
2106 2308 2264 2375 dein,

335 2393 648 2455 Commodi
699 2394 1216 2471 strangulatorem,
1249 2393 1521 2454 leonibus
1550 2392 1783 2452 obiecit.
1833 2390 2050 2451 multos
2080 2409 2255 2468 prae·
2286 2408 2337 2447 25

333 2486 500 2540 terea
531 2477 773 2538 obscuri
805 2478 919 2538 loci
949 2478 1222 2539 homines
1250 2479 1556 2538 interemit
1586 2483 1827 2554 praeter
1862 2493 1964 2535 eos
1996 2493 2143 2552 quos
2176 2477 2265 2536 uis

267 2579 300 2628 2
335 2562 552 2642 proelii
581 2563 928 2641 absumpsit.
992 2571 1127 2643 post
1157 2562 1337 2631 haec,
1372 2580 1508 2623 cum
1540 2579 1604 2622 se
1634 2558 1819 2621 uellet
1848 2560 2273 2621 commendare

335 2647 696 2717 hominibus,
725 2647 1159 2708 uehicularium
1199 2665 1414 2707 munus
1446 2666 1477 2707 a
1508 2647 1759 2726 priuatis
1800 2646 1874 2707 ad
1905 2647 2115 2708 fiscum
2145 2645 2335 2718 tra-‘³3-

267 2749 302 2798 3
339 2733 523 2794 duxit.
611 2733 926 2794 Caesarem
986 2733 1125 2794 dein
1166 2734 1518 2794 Bassianum
1577 2733 1939 2794 Antoninum
1984 2751 2018 2792 a
2060 2739 2271 2792 senatu

267 2835 304 2885 4
340 2816 628 2900 appellari
696 2819 838 2880 fecit
897 2817 1154 2880 decretis
1224 2819 1627 2898 imperatoriis
1708 2817 2060 2896 insignibus
2167 2836 2268 2877 ru·
2298 2831 2347 2872 30

235 2951 240 2958 .
338 2922 508 2965 more
567 2903 782 2966 deinde
841 2903 985 2966 belli
1023 2903 1285 2966 Parthici
1349 2905 1593 2970 extincti
1649 2903 1806 2982 patri
1844 2904 2022 2964 matri
2068 2919 2179 2963 auo
2212 2910 2271 2962 et

269 3004 304 3056 5
339 2991 512 3050 uxori
563 2992 753 3089 priori
802 3009 914 3070 per
964 3008 1030 3051 se
1082 2997 1305 3051 statuas
1351 2977 1731 3054 conlocauit.-
1777 2988 2149 3050 Plautianum
2200 3006 2273 3046 ex

338 3076 696 3136 amicissimo
729 3077 966 3154 cognita
997 3077 1122 3136 eius
1152 3077 1273 3137 uita
1303 3077 1383 3136 ita
1414 3075 1551 3135 odio
1583 3071 1804 3144 habuit,
1849 3081 1915 3133 ut
1946 3081 2006 3134 et
2036 3072 2273 3134 hostem

344 3277 355 3289 -
443 3246 474 3294 2
508 3250 744 3310 apparet
775 3243 895 3296 BP¹
921 3261 966 3296 c.
991 3244 1065 3295 P3
1226 3247 1291 3296 10
1315 3245 1577 3296 nonnium
1599 3242 1761 3292 BPM
1898 3257 2157 3307 graccum
2179 3240 2283 3290 BP

341 3310 614 3364 Graecum
637 3313 705 3363 M
837 3316 900 3364 11
925 3315 1190 3365 Mustium
1213 3313 1281 3364 M
1414 3315 1477 3363 13
1505 3312 1723 3376 casperi
1747 3309 1865 3360 BP¹
1992 3312 2055 3359 17
2082 3308 2281 3358 fausti-

337 3394 470 3429 num
491 3378 564 3429 B¹
721 3383 786 3433 18
811 3381 1118 3448 Sulpicium
1139 3383 1208 3432 M
1360 3383 1427 3431 24
1450 3381 1532 3428 ita
1558 3396 1648 3430 om.
1673 3379 1724 3427 B
1883 3380 1949 3428 26
1973 3379 2061 3428 ius
2085 3378 2152 3427 M

338 3449 403 3497 27
429 3448 740 3516 adsumpsit
762 3450 814 3500 B
950 3452 1116 3502 iussit
1139 3451 1207 3500 M
1217 3485 1222 3490 ,
1338 3452 1402 3502 31
1440 3448 1605 3498 extiti
1628 3447 1753 3515 BPx
1775 3445 2054 3498 exstincto
2080 3445 2146 3496 M
2188 3461 2282 3496 ex·

337 3515 506 3567 tincti
524 3519 718 3584 scripsi
739 3517 948 3596 (Iov-d.)
1077 3518 1201 3584 pari
1223 3518 1275 3567 B
