2517 3884
861 180 1158 238 TACl‘l'VS.
1246 182 1301 239 C'.
1348 180 2165 245 1--4.173

225 347 497 417 rettulit,
566 348 828 453 dumque
885 348 946 407 id
1005 349 1240 427 saepius
1298 348 1400 416 fit,
1474 357 1679 409 sextus
1738 359 2015 429 peractus
2076 360 2168 411 est

223 433 470 495 mensis,

283 544 288 551 ·
352 519 613 579 Interest
667 523 897 587 tamen,
951 525 1016 578 ut
1067 519 1317 585 sciatur,
1382 519 1883 596 quemadmodum
1930 520 2169 581 Tacitus
2198 518 2239 583 3

225 606 557 681 imperator
599 603 676 663 sit
705 609 968 663 creatus:
1015 602 1124 662 Die
1154 602 1257 663 Vll
1288 601 1402 663 kal.
1438 602 1645 664 Octob.
1682 604 1910 664 cumin
1942 607 2169 665 curiam
2201 619 2234 667 2

174 705 202 746 5
226 687 660 765 Pompilianam
703 686 854 747 ordo
888 686 1295 764 amplissimus
1324 688 1725 758 consedisset,
1782 688 1983 750 Velius
2022 690 2167 751 Cor-

227 773 462 833 nificius
491 771 830 832 Gordianus
860 770 1070 833 consul
1099 768 1326 841 dixitz,
1333 770 1706 841 ‚Referemus
1744 773 1818 833 ad
1842 792 1970 843 uos,
2005 793 2061 853 p.
2090 792 2163 844 c,
2202 788 2234 837 3

229 856 387 935 quod
439 874 623 935 saepe
660 856 1028 917 rettulimus:
1091 857 1423 935 imperator
1470 866 1561 917 est
1599 858 1979 936 deligendus,
2032 876 2169 920 cum

229 942 530 1002 exercitus
562 942 692 1001 sine
721 942 995 1020 principe
1035 948 1202 1001 recte
1232 941 1454 1001 diutius
1482 950 1643 1002 stare
1671 961 1793 1002 non
1823 946 2041 1021 possit,
2087 945 2167 1004 si-

227 1017 356 1087 mul
395 1026 541 1103 quia
576 1027 736 1103 cogit
777 1040 890 1086 nec
893 1026 1123 1085 essitaS.
1199 1044 1339 1085 nam
1386 1025 1637 1087 limitem
1679 1026 2166 1089 Transrenanum
2200 1042 2236 1090 4

152 1128 228 1179 ιο
231 1111 513 1172 Germani
541 1112 776 1189 rupisse
807 1109 1103 1178 dicuntur,
1151 1128 1480 1189 occupasse
1520 1110 1703 1171 urbes
1738 1110 1965 1171 ualidas
1994 1111 2166 1173 nobi-

228 1196 320 1255 les
361 1195 578 1255 diuites
619 1202 677 1255 et
717 1200 1012 1273 potentes.
1074 1196 1193 1254 iam
1235 1196 1287 1254 si
1328 1194 1474 1255 nihil
1515 1195 1591 1255 de
1619 1196 1879 1256 Persicis
1909 1196 2168 1257 motibus
2204 1209 2237 1259 5

229 1280 554 1349 nuntiatur,
615 1282 899 1357 cogitate,
961 1285 1084 1339 tam
1124 1278 1291 1339 leues
1334 1298 1469 1339 esse
1512 1287 1746 1342 mentes
1788 1280 2074 1359 Syrorum
2103 1290 2170 1341 ut

230 1382 488 1442 regnare
519 1363 617 1425 uel
657 1364 908 1424 fe'minas
955 1365 1198 1443 cupiant
1247 1365 1449 1443 potius
1500 1380 1677 1441 quam
1718 1374 1984 1425 nostram
2026 1382 2165 1443 per-

229 1446 360 1528 peti
390 1450 856 1513 sanctimoniam.
919 1449 1061 1528 quid
1103 1448 1399 1510 Africam?
1452 1449 1594 1525 quid
1634 1448 1973 1531 Illyricum?
2028 1449 2167 1527 quid
2204 1461 2237 1511 6

153 1552 208 1593 ιε
233 1535 563 1613 Aegyptum
595 1550 917 1611 earumque
963 1534 1229 1593 omnium
1270 1535 1525 1611 partium
1560 1536 1887 1595 exercitum
1917 1552 2036 1613 quo
2067 1553 2167 1595 us·

233 1635 354 1696 que
379 1620 508 1677 sine
529 1620 802 1697 principe
831 1617 1133 1679 credimus
1163 1636 1345 1696 posse
1375 1619 1744 1679 consistere?
1778 1635 1965 1695 quare
1988 1619 2165 1696 agite,
2204 1632 2237 1682 ’1

231 1722 294 1781 p.
327 1722 381 1762 c.
425 1710 486 1763 et
533 1704 870 1782 principem
921 1702 1121 1763 dicite.
1198 1709 1298 1763 aut
1349 1704 1623 1781 accipiet,
1654 1706 1815 1763 enim
1868 1706 2168 1773 exercitus

233 1803 412 1863 quem
443 1786 748 1864 elegeritis
779 1794 895 1855 aut,
931 1789 982 1847 si
1011 1788 1385 1868 refutauerit,
1417 1787 1669 1848 alterum
1699 1789 1943 1848 faciet.“

358 1872 503 1933 Post
532 1871 680 1933 haec
715 1890 850 1933 cum
890 1872 1160 1940 Tacitum,
1225 1874 1329 1948 qui
1382 1879 1509 1932 erat
1559 1874 1791 1950 primae
1839 1874 2169 1933 sententiae
2198 1873 2245 1936 4

153 1978 206 2017 ιο
233 1955 595 2025 consularis),
642 1958 997 2017 sententiam
1027 1958 1323 2017 incertum
1355 1972 1533 2032 quam
1561 1955 1745 2016 uellet
1773 1956 2004 2024 dicere,
2040 1974 2167 2015 om-

231 2043 327 2101 nis
359 2048 599 2101 senatus
631 2041 1013 2101 adclamauit:
1071 2042 1319 2110 „Tacite
1347 2041 1629 2117 Auguste,
1674 2040 1823 2100 deus
1853 2048 1912 2099 te
1945 2046 2165 2100 seruet.
2205 2056 2237 2103 2

232 2133 294 2185 te
323 2125 657 2204 deligimuS,
699 2135 758 2185 te
787 2126 1123 2205 principem
1155 2126 1435 2194 facimus,
1480 2124 1591 2185 tibi
1622 2142 1826 2184 curam
1859 2126 1949 2183 rei
1977 2143 2035 2203 p.
2070 2142 2169 2184 or-

233 2210 446 2287 bisque
475 2210 842 2271 mandamus,
905 2211 1148 2289 suscipe
1188 2211 1507 2287 imperium
1539 2226 1612 2268 ex
1642 2215 1880 2269 senatus
1911 2210 2165 2269 auctori·
2206 2226 2239 2275 3

231 2290 385 2363 tate,
431 2298 516 2355 tui
545 2294 690 2363 loci,
735 2301 870 2355 tuae
901 2297 1090 2364 uitae,
1137 2302 1275 2355 tuae
1320 2295 1535 2354 mentis
1578 2300 1671 2354 est
1706 2292 1862 2370 quod
1894 2294 2165 2355 mereriS.

157 2400 212 2441 25
236 2381 520 2459 princeps
580 2387 820 2440 senatus
878 2388 1043 2439 recte
1084 2383 1388 2455 Augustus
1430 2385 1697 2449 creatur,
1760 2379 1989 2456 primae
2033 2395 2168 2438 sen-

153 2492 160 2497 ·
234 2466 457 2525 tentiae
493 2467 589 2524 uir
627 2472 792 2525 recte
831 2466 1160 2542 imperator
1191 2470 1449 2524 creatur.
1510 2465 1718 2541 ecquis
1748 2463 1962 2523 melius
1992 2481 2169 2542 quam
2206 2480 2241 2529 4

236 2550 437 2627 grauis
476 2549 767 2629 imperat?
814 2549 1046 2626 ecquis
1086 2549 1299 2615 melius
1342 2564 1521 2625 quam
1554 2548 1849 2609 litteratus
1876 2550 2169 2627 imperat?

235 2633 399 2713 quod
430 2634 652 2694 bonum
682 2634 943 2693 faustum
977 2632 1349 2713 salutareque
1390 2634 1493 2702 sit,
1539 2633 1638 2693 diu
1680 2634 1951 2711 priuatus
1984 2634 2166 2691 fuisti.

236 2720 371 2788 scia
405 2717 904 2797 quemadmodum
937 2716 1158 2777 debeas
1186 2720 1506 2796 imperare,
1554 2718 1655 2793 qui
1685 2716 1835 2776 alios
1866 2716 2171 2794 principes

158 2822 210 2865 ao
237 2801 555 2883 pertulisti.
636 2804 783 2871 scie,
815 2801 1316 2880 quemadmodum
1346 2800 1565 2861 debeas
1594 2802 1923 2877 imperare,
1966 2801 2067 2878 qui
2096 2800 2170 2859 de

238 2887 369 2948 aliis
397 2887 775 2966 principibus
804 2886 1147 2946 iudicasti.“

364 2974 436 3033 At
475 2970 576 3032 ille
593 2992 616 3031 :-
661 2971 907 3040 „M1ror,
939 2989 998 3049 p.
1033 2989 1106 3040 c.,
1139 2988 1247 3030 uos
1275 2972 1340 3030 in
1368 2969 1567 3030 locum
1606 2968 1926 3036 Aureliani,
1968 2968 2186 3042 fortis·
2208 2986 2241 3036 5

371 3160 406 3206 4
431 3160 655 3207 creatur
677 3152 756 3205 B*
899 3158 932 3206 ὖ
958 3156 1062 3207 odo
1096 3152 1168 3207 Ρ1
1191 3154 1208 3169 “
1311 3152 1525 3220 Velius]
1556 3154 1782 3207 Vettius
1806 3155 1993 3205 dicitur
2014 3157 2068 3204 in
2084 3155 2173 3219 fa·

235 3227 332 3276 stis
467 3225 498 3274 6
522 3224 816 3275 referimus
839 3225 902 3275 M
1022 3226 1053 3275 7
1081 3238 1203 3274 cum
1225 3224 1408 3274 addidi
1518 3224 1550 3273 8
1575 3225 1764 3288 potest
1788 3222 1855 3273 M
1961 3224 1993 3273 9
2017 3226 2175 3273 trans

235 3293 490 3347 Rhenum
513 3292 581 3345 M
721 3294 785 3343 17
811 3308 935 3343 eum
958 3292 1024 3343 M
1161 3294 1229 3343 20
1250 3292 1524 3343 incertam
1544 3316 1611 3327 -—
1637 3290 1848 3340 diceret
1878 3290 2047 3341 BPM

236 3361 301 3410 21
329 3364 560 3410 senatur
580 3359 661 3410 B¹
766 3360 846 3410 dii
868 3365 924 3411 te
951 3364 1178 3411 seruent
1200 3358 1269 3410 M
1378 3360 1445 3410 24
1467 3360 1757 3411 merereris
1779 3357 1831 3408 B
1933 3360 2001 3410 25
2026 3360 2181 3425 prin·-

239 3427 398 3507 cipes
418 3427 472 3477 B
611 3428 828 3493 primae
851 3432 990 3480 sent
1016 3456 1083 3467 -
1108 3432 1333 3481 creatur
1354 3444 1447 3483 om.
1473 3424 1547 3478 Ρί
1700 3428 1771 3479 26
1795 3430 1852 3477 et
1877 3426 2001 3492 quis
2024 3454 2090 3463 —
2116 3432 2174 3477 et

237 3496 363 3560 quis
386 3495 548 3546 BPM
571 3496 763 3561 ecquis
774 3499 976 3563 scr-ipat

571 3658 607 3689 X
