2517 3884
542 207 896 265 COMMODVS
940 207 1336 267 ANTONINVS.
1425 211 1480 266 C.
1528 215 1768 268 14-17,
2009 211 2126 275 101

188 375 273 434 dis
302 373 602 435 Ianuariis
635 373 864 436 oborta.
942 383 1001 436 et
1030 384 1165 436 ante
1195 375 1394 438 lucem
1423 379 1665 439 fuerant
1697 377 1873 441 etiam
1915 383 2124 443 incen-

187 460 407 520 diariae
436 477 584 520 aues
616 477 684 519 ac
716 460 899 521 dirae.
977 461 1050 521 de
1083 461 1308 522 Palatio
1352 464 1484 542 ipse
1527 464 1601 524 ad
1644 464 1908 526 Caelium
1948 485 2120 528 mon·
2159 481 2191 527 3

186 554 301 606 tem
331 546 395 605 in
429 543 789 606 Vectilianas
830 545 1012 606 aedes
1052 549 1336 625 migrauit
1373 567 1632 626 negans,
1681 568 1745 610 se
1787 551 1850 611 in
1891 551 2115 613 Palatio

182 647 361 710 posse
392 629 679 701 dormire.
745 631 924 692 Ianus
954 633 1229 710 geminus
1263 651 1369 694 sua
1401 641 1614 713 sponte
1645 643 1886 714 apertus
1919 645 2025 707 est,
2060 646 2122 699 et
2154 649 2188 696 4

141 731 162 769 5
184 714 409 777 Anubis
442 714 831 777 simulacrum
862 734 1272 779 marmoreum
1300 721 1536 780 moueri
1557 722 1762 782 uisum
1796 729 1902 781 est.
1965 721 2118 784 Her·
2156 734 2188 781 5

185 800 329 862 culis
362 803 605 878 signum
638 819 891 862 aeneum
921 802 1159 864 sudauit
1197 805 1259 865 in
1290 804 1546 865 Minucia
1578 823 1688 884 per
1729 805 1934 885 plures
1967 807 2112 870 dies.

182 886 339 947 bubo
384 887 581 947 etiam·
620 905 806 966 supra
848 887 1190 948 cubiculum
1246 890 1376 948 eius
1431 888 1804 968 deprehensa
1858 899 1950 952 est
1997 899 2120 953 tam

182 972 405 1032 Romae
450 987 629 1049 quam
672 970 944 1033 Lanuuii.
1020 974 1149 1052 ipse
1196 980 1396 1034 autem
1436 975 1778 1054 prodigium
1821 995 1943 1038 non
1982 976 2118 1038 leue
2155 989 2187 1034 6

183 1057 293 1117 sibi
322 1057 499 1117 fecit:
555 1074 692 1116 nam
728 1075 862 1118 cum
894 1059 957 1117 in
998 1057 1344 1136 gladiatoris
1387 1061 1569 1120 occisi
1610 1060 1834 1121 uulnus
1875 1080 2121 1124 manum

118 1159 157 1194 10
182 1143 475 1210 misisset,
523 1141 597 1200 ad
640 1149 819 1220 caput
861 1140 975 1203 sibi
1016 1142 1267 1203 detersit
1299 1150 1356 1204 et
1388 1152 1592 1205 contra
1624 1147 2120 1208 consuetudinem

182 1226 539 1306 paenulatos
567 1227 742 1287 iussit
772 1234 1141 1306 spectatores
1172 1247 1294 1288 non
1322 1236 1555 1306 togatos
1606 1230 1680 1290 ad
1723 1249 1944 1292 munus
1977 1251 2119 1292 con-

182 1314 421 1382 uenire,
459 1311 620 1388 quod
651 1311 1007 1374 funebribus
1040 1313 1298 1383 solebat,
1329 1315 1460 1392 ipse
1490 1316 1551 1374 in
1582 1314 1761 1394 pullis
1792 1318 2118 1378 uestimen-

182 1400 253 1458 tis
295 1396 675 1476 praesidens,
749 1396 917 1484 galea
961 1399 1090 1458 eius
1121 1398 1214 1458 bis
1256 1416 1366 1478 per
1405 1406 1642 1478 portam
1684 1399 2116 1463 Libitinensem
2158 1413 2187 1460 7

184 1483 336 1543 elata
368 1489 479 1542 est.
546 1477 925 1582 Congiarium
956 1482 1118 1542 dedit
1156 1482 1381 1562 populo
1424 1484 1674 1563 singulis
1717 1485 1994 1547 denarios
2025 1505 2120 1547 se·
2159 1498 2192 1544 8

118 1585 159 1622 15
182 1570 506 1647 ptingenos
540 1568 783 1627 uicenos
813 1569 1045 1647 quinos.
1112 1571 1271 1629 circa
1303 1568 1450 1630 alios
1482 1589 1691 1631 omnes
1732 1573 2120 1650 parcissimus

180 1654 319 1722 fuit,
369 1651 535 1729 quod
577 1651 850 1713 luxuriae
894 1653 1233 1732 sumptibus
1278 1657 1576 1716 aerarium
1619 1657 1936 1718 minuerat.
1999 1659 2116 1718 cir·
2157 1669 2188 1716 9

184 1755 393 1799 censes
437 1737 659 1797 multos
704 1736 928 1797 addidit
970 1757 1043 1798 ex
1086 1737 1333 1800 libidine
1374 1741 1574 1819 potius
1613 1759 1791 1820 quam
1831 1741 2120 1842 religione

186 1833 238 1883 et
266 1833 335 1884 ut
366 1823 645 1883 dominos
674 1823 997 1884 factionum
1030 1823 1262 1884 ditaret.

304 1907 415 1969 His
445 1908 693 1977 incitati,
725 1907 868 1968 licet
897 1910 1077 1970 nimis
1108 1927 1264 1978 ser0,
1299 1909 1553 1981 Quintus
1584 1910 1868 1972 Aemilius
1899 1910 2115 1972 Laetus
2142 1914 2218 1976 17

31 2073 33 2078 λ
118 2011 159 2049 20
183 1993 365 2072 praef.
418 2003 479 2053 et
519 1993 735 2054 Marcia
782 1993 1115 2055 concubina
1175 1996 1302 2056 eius
1341 1996 1604 2056 inierunt
1644 1998 2114 2075 coniurationem

31 2083 33 2086 ’
184 2079 253 2140 ad
286 2078 683 2138 occidendum
718 2095 871 2138 eum.
922 2081 1320 2158 primumque
1354 2080 1406 2139 ei
1450 2098 1750 2140 uenenum
1783 2080 2110 2149 dederunt3
2153 2094 2184 2140 2

184 2163 341 2241 quod
394 2182 535 2224 cum
586 2164 784 2224 minus
836 2173 1223 2243 operaretur,
1280 2183 1390 2242 per
1441 2164 1750 2233 athletam,
1807 2183 1942 2225 cum
1997 2183 2115 2244 quo

186 2250 457 2309 exerceri
491 2247 738 2316 solebat,
774 2266 906 2310 eum
941 2249 1408 2327 strangularunt.

308 2334 451 2394 Fuit
478 2335 673 2394 forma
705 2333 947 2410 quidem
978 2336 1249 2413 corporis
1280 2337 1466 2404 iusta,
1509 2333 1679 2395 uultu
1709 2333 2019 2405 insubido‚
2052 2343 2116 2395 ut
2154 2352 2184 2396 3

118 2436 161 2472 ‘25
186 2417 406 2480 ebriosi
440 2417 663 2488 solent,
711 2426 770 2479 et
810 2437 1089 2480 sermone
1117 2420 1452 2490 incondito,
1499 2419 1710 2499 capillo
1753 2439 1992 2499 semper
2022 2421 2114 2481 fu-

184 2513 312 2565 cato
348 2511 409 2564 et
438 2506 571 2564 auri
594 2506 889 2564 ramentis
918 2504 1303 2574 inluminate,
1339 2505 1597 2566 adurens
1629 2521 1859 2566 'comam
1892 2513 1950 2566 et
1979 2505 2116 2566 bar-

182 2589 319 2649 bam
350 2590 565 2649 timore
597 2591 879 2649 tonsoris

310 2673 545 2754 Corpus
576 2675 705 2734 eius
736 2681 801 2734 ut
830 2692 987 2734 unco
1018 2661 1357 2735 traheretur
1388 2681 1564 2752 atque
1594 2677 1657 2736 in
1679 2675 1946 2736 Tiberim
1979 2676 2115 2735 mit·
2154 2691 2186 2737 4

184 2765 442 2829 teretur,
490 2767 731 2820 senatus
774 2767 831 2820 et
858 2759 1119 2838 populus
1147 2760 1500 2838 postulauit,
1549 2759 1651 2820 sed
1695 2767 1906 2839 postea
1947 2762 2115 2820 iussu

123 2859 164 2897 30
184 2843 515 2906 Pertinacis
545 2846 609 2903 in
640 2851 1095 2905 monumentum
1126 2843 1409 2906 Hadriani
1439 2845 1792 2906 translatum
1824 2852 1930 2906 est.

313 2929 514 3010 Opera
545 2931 674 2989 eius
702 2936 945 3008 praeter
974 2928 1308 3000 lauacrum,
1353 2930 1510 3007 quod
1544 2929 1834 2991 Cleander
1875 2930 2116 2989 nomine
2155 2947 2186 2996 5

190 3016 375 3093 ipsius
406 3017 660 3084 fecerat,
694 3014 857 3075 nulla
900 3022 1117 3076 extant.
1183 3015 1290 3077 sed
1320 3033 1538 3075 nomen
1572 3017 1702 3075 eius
1733 3014 1940 3075 alienis
1973 3032 2116 3094 ope-
2155 3032 2186 3077 6

192 3100 356 3160 ribus
384 3101 644 3161 incisum
677 3107 915 3161 senatus
949 3101 1147 3161 erasit.
1212 3118 1326 3161 nec
1365 3102 1552 3179 patris
1583 3107 1782 3180 autem
1814 3101 1908 3162 sui
1936 3117 2118 3178 opera
2155 3117 2184 3164 7

288 3271 321 3318 2
349 3269 551 3318 celium
574 3267 625 3317 B
650 3268 861 3318 caelum
889 3269 955 3318 P¹
1093 3271 1123 3320 7
1150 3268 1527 3334 deprehensus
1552 3270 1612 3319 M
1735 3272 1798 3320 13
1821 3269 2121 3319 libitinem-

196 3351 303 3386 sem
328 3337 378 3385 B
526 3338 590 3386 16
613 3336 861 3386 luxoriae
885 3337 937 3386 B
1071 3338 1341 3387 minueret
1364 3337 1529 3387 BPM
1683 3339 1744 3388 17
1770 3337 2048 3402 relegione
2071 3336 2124 3384 B

292 3408 360 3454 19
382 3405 629 3470 quintius
647 3405 749 3453 BP
885 3405 1099 3454 emilius
1130 3405 1278 3456 letus
1311 3405 1362 3454 B
1385 3405 1575 3455 Aelius
1600 3405 1666 3454 M
1796 3408 1862 3455 20
1887 3404 2124 3454 conubia

198 3471 243 3518 B
378 3475 445 3522 24
468 3473 625 3522 iuxta
650 3473 752 3521 BP
852 3496 865 3510 0
884 3474 950 3522 26
976 3475 1119 3523 aurii
1145 3475 1193 3522 P
1294 3473 1616 3523 radimentis
1640 3471 1709 3521 P³
1846 3474 1912 3522 29
1937 3475 2124 3536 posto-

198 3538 335 3590 lauit
364 3543 409 3590 P
434 3549 465 3591 t.
494 3541 643 3591 Iord.
782 3542 947 3592 iussit
973 3542 1023 3590 B
