2517 3884
213 291 220 299 ο
327 206 448 271 182
535 208 709 265 Astu
755 204 1103 262 SPARTIANI
1145 201 1517 259 ANTONINVS
1563 182 1754 258 GETA.
1843 200 1896 257 c,
1932 205 1980 258 6.
2013 208 2063 260 7.

257 396 288 445 8
327 397 505 459 supra
536 378 756 437 dictum
794 380 901 441 est,
936 373 1157 451 passim
1190 378 1249 430 et
1280 372 1503 447 inique.
1540 368 1819 430 Heluium
1852 376 2049 430 autem
2083 371 2266 431 etiam

327 470 672 543 suspectum
724 458 932 520 habuit
983 456 1309 517 adfectatae
1353 453 1715 533 tyrannidiS,
1774 454 1930 532 quod
1986 462 2148 516 esset
2198 457 2266 515 in

328 568 530 612 amore
563 547 831 607 omnium
863 548 922 602 et
951 541 1108 601 filius
1138 542 1467 602 Pertinacis
1497 542 1897 619 imperatoris.
1962 559 2115 619 quae
2160 558 2265 601 res

328 634 478 696 nulli
507 631 678 693 facile
711 630 949 709 priuato
986 628 1128 687 satis
1159 633 1283 686 tuta
1317 632 1425 686 est.

257 722 292 784 7
453 720 658 780 Funus
689 716 872 776 Getae
905 712 1238 773 accuratius
1284 712 1468 771 fuisse
1500 710 1718 771 dicitur
1761 728 1937 788 quam
1984 712 2109 771 eius
2157 712 2263 789 qui
2319 734 2347 775 5

261 823 290 869 2
331 805 500 866 fratri
529 801 837 862 uideretur
878 799 1132 858 occisus,
1196 794 1540 873 inlatusque
1587 803 1677 857 est
1718 799 2014 859 maiorum
2060 796 2261 875 sepul-

332 889 504 957 chro,
551 886 666 946 hoc
708 891 800 944 est
845 883 1075 952 Seueri,
1112 881 1271 959 quod
1306 884 1485 941 estin
1517 883 1704 960 Appia
1750 884 1841 942 uia
1878 880 2161 942 euntibus
2192 881 2266 942 ad

333 981 564 1053 portam
579 971 804 1038 dextra,
833 970 1033 1046 specie
1059 967 1385 1046 Septizonii
1417 974 1807 1035 exstructum,
1831 966 1988 1043 quod
2023 966 2135 1027 sibi
2166 966 2268 1027 ille

264 1076 296 1122 3
332 1062 507 1119 uiuus
539 1061 878 1116 ornauerat.
957 1052 1250 1113 Occidere
1298 1051 1486 1112 uoluit
1525 1054 1589 1111 'et
1618 1059 1867 1112 matrem
1901 1053 2114 1123 Getae,
2159 1070 2267 1112 no-

331 1161 574 1204 uercam
604 1159 802 1209 suam,
853 1137 1010 1215 quod
1053 1138 1300 1198 fratrem
1344 1136 1610 1214 lugeret,
1658 1143 1717 1197 et
1758 1136 2071 1205 mulieres,
2119 1153 2267 1213 quas
2294 1160 2349 1199 10

266 1245 299 1291 4
334 1236 470 1308 post
511 1227 768 1287 reditum
815 1224 887 1284 de
933 1224 1099 1285 curia
1139 1221 1351 1282 flentes
1406 1223 1694 1300 repperit.
1785 1222 1900 1283 fun
1953 1228 2269 1301 praeterea

336 1316 461 1375 eius
501 1312 866 1372 inmanitatis
905 1309 1272 1376 Antoninus,
1318 1314 1382 1367 ut
1424 1308 1838 1385 ispraecipue
1892 1306 2267 1367 blandiretur

335 1416 485 1475 quos
516 1398 590 1457 ad
620 1414 831 1455 necem
873 1392 1237 1462 destinabat,
1288 1400 1351 1452 ut
1393 1394 1521 1452 eius
1564 1394 1751 1470 magis
1793 1391 2268 1453 blandimentum

266 1498 298 1546 5
334 1487 644 1544 timeretur
676 1497 851 1557 quam
884 1477 1209 1538 iracundia.
1273 1478 1492 1537 mirum
1522 1478 1681 1537 sane
1712 1477 1988 1538 omnibus
2018 1477 2264 1537 uideba-

334 1577 434 1629 tur
467 1565 624 1643 quod
657 1573 910 1624 mortem
943 1562 1127 1622 Getae
1159 1564 1381 1622 totiens
1414 1564 1589 1622 etiam
1621 1564 1750 1641 ipse
1780 1562 1953 1622 fleret
1986 1564 2261 1639 quotiens
2290 1583 2342 1623 15

334 1653 592 1712 nominis
623 1650 752 1709 eius
785 1649 1007 1707 mentio
1041 1647 1242 1716 fieret,
1279 1648 1558 1726 quotiens
1587 1648 1788 1724 imago
1825 1647 2133 1708 uideretur
2164 1654 2265 1707 aut

268 1752 300 1800 6
337 1744 545 1797 statua.
589 1736 849 1794 uarietas
881 1739 1079 1792 autem
1111 1738 1273 1792 tanta
1305 1732 1418 1792 fuit
1448 1733 1729 1792 Antonini
1760 1732 2048 1801 Bassiani,
2081 1733 2264 1791 immo

336 1828 498 1882 tanta
530 1821 658 1880 sitis
689 1818 907 1886 caediS,
944 1826 1009 1878 ut
1038 1816 1214 1877 modo
1244 1816 1513 1877 fautores
1546 1816 1747 1885 Getae,
1784 1816 1962 1876 modo
1994 1818 2269 1877 inimicos

337 1905 655 1972 occideret,
692 1920 844 1981 quos
876 1904 1000 1963 sors
1033 1901 1364 1963 obtulisset.
1432 1910 1549 1979 quo
1583 1903 1738 1963 sacto
1770 1903 1955 1979 magis
1986 1901 2133 1963 Geta
2166 1901 2268 1962 ‹le-

340 1990 734 2052 siderabatur.
2296 2005 2349 2045 20

441 2178 472 2226 8
499 2174 750 2225 dextram
773 2173 938 2223 BPM
963 2172 1157 2222 dextra
1181 2174 1373 2235 scripsi
1394 2172 1591 2235 (Iord.)
1752 2170 2024 2236 sepizodii
2046 2170 2151 2220 BP

345 2247 407 2300 12
432 2244 518 2292 his
543 2243 704 2292 BPM
845 2244 907 2291 13
935 2241 1253 2290 destinebat
1278 2239 1329 2287 B
1471 2242 1533 2289 15
1558 2241 1677 2303 ipse
1705 2240 1873 2288 etiam
1898 2240 1961 2288 M
2109 2241 2171 2288 17
2198 2239 2284 2287 in-

343 2318 490 2361 mota
519 2326 560 2360 s,
587 2311 692 2359 BP
805 2312 868 2359 18
895 2306 1040 2372 sitis]
1069 2310 1120 2355 in
1144 2309 1194 2356 P
1209 2309 1359 2370 prius
1382 2308 1402 2354 i
1427 2309 1477 2355 in
1504 2323 1607 2356 ras.
1728 2309 1792 2355 20
1818 2302 2119 2355 antoninus
2144 2312 2278 2371 geta

345 2379 574 2443 explicit
599 2377 702 2427 BP
749 2374 996 2441 [sequitur-
1020 2379 1071 2423 in
1097 2374 1147 2422 B
1172 2382 1222 2423 et
1247 2375 1299 2421 P
1318 2377 1425 2423 uita
1450 2371 1797 2437 Heliogabali]
