2517 3884
331 129 463 196 220
1045 129 1264 187 FLAVII
1304 128 1559 185 VOPISCI

333 301 622 370 dictabat,
676 299 856 362 talem
915 298 984 358 ad
1033 261 1401 376 praefectum
1455 294 1627 356 urbis
1668 313 1851 374 super
1889 305 2090 358 morte
2141 296 2272 358 Cari

335 386 648 467 epistulam
679 383 854 444 dedit.

172 505 178 512 -
266 485 300 534 5
461 471 624 532 Inter
669 474 895 530 cetera:
958 466 1164 536 ‚‚Cum·,
1208 465 1423 542 inquit,
1470 465 1683 535 Carus,
1738 467 2035 545 princeps
2066 474 2275 527 noster

334 575 480 617 uere
513 573 706 624 caruS,
740 556 1095 630 aegrotaret,
1126 553 1278 610 tanti
1306 548 1563 610 turbinis
1594 550 1787 610 subito
1814 559 2026 612 exorta
2039 557 2273 630 tempe·

333 648 456 702 stas
500 648 590 701 est
631 645 698 700 ut
739 636 1062 715 caligarent
1111 636 1329 704 omnia,
1363 651 1560 712 neque
1590 633 1740 696 alter
1769 635 2027 696 alterum
2059 655 2271 697 nosce·
2322 651 2348 690 5

333 733 456 794 ret3
493 724 971 786 coruscationum
1002 718 1218 781 deinde
1249 737 1318 779 ac
1349 721 1680 781 tonitruum
1709 721 1771 780 in
1791 720 2047 781 ‘modum
2076 720 2273 799 fulgu-

333 819 467 871 rum
530 809 701 886 igniti
763 806 980 868 sideris
1021 806 1395 882 ,continua-ta
1446 805 1703 865 uibratio
1762 805 2041 866 omnihus
2067 828 2075 837 ·
2100 805 2275 866 nobis

267 907 298 955 6
334 896 602 955 ueritatis
635 892 939 953 scientiam
975 889 1230 950 sustulit.
1268 887 1465 949 subito
1498 891 1659 949 enim
1689 888 2128 950 conclamatum
2160 898 2273 958 est,

331 982 756 1057 imperatorem
786 982 1107 1044 mortuum,
1164 983 1224 1034 et
1250 985 1388 1053 post
1416 971 1563 1034 illud
1592 975 1913 1052 praecipue
1942 975 2275 1035 tonitruum

266 1075 296 1126 '7
335 1081 451 1141 quo
482 1069 696 1124 cuncta
725 1063 936 1122 territa
967 1065 1154 1120 erant.
1189 1057 1283 1118 his
1312 1059 1563 1120 accessit
1594 1059 1754 1134 quod
1784 1057 2139 1120 cubicularii
2162 1059 2268 1119 do·
2300 1073 2349 1112 10

333 1147 526 1209 lentes
556 1147 845 1226 principis
874 1152 1128 1206 mortem
1153 1143 1551 1204 incenderunt
1582 1139 1924 1204 tentorium.
1966 1144 2123 1205 unde
2136 1151 2275 1224 post

331 1234 489 1294 fama
521 1232 782 1300 emersit,
826 1228 1074 1291 fulmine
1115 1230 1543 1308 interemptum
1582 1245 1717 1288 eum
1748 1244 1946 1306 quem,
1980 1235 2274 1309 quantum

333 1320 489 1380 scire
519 1319 835 1396 possimuS,
870 1312 1240 1394 aegritudine
1260 1319 1493 1374 constat
1516 1310 1963 1391 absumptumf

261 1401 302 1465 9
458 1401 628 1462 Hanc
671 1418 780 1478 ego
823 1397 1138 1478 epistulam
1177 1396 1403 1458 idcirco
1444 1397 1632 1457 indidi
1672 1396 1832 1474 quod
1872 1395 2151 1476 plerique
2181 1398 2271 1458 di-

335 1495 494 1554 cunt,
529 1488 651 1547 uim
684 1484 789 1545 fati
820 1483 1115 1564 quandam
1147 1501 1299 1552 esse,
1331 1487 1398 1542 ut
1426 1480 1730 1542 Romanus
1758 1483 2049 1562 princeps
2078 1481 2319 1544 Ctesi-1

331 1561 560 1632 fontem
601 1571 859 1630 transire
901 1587 1022 1629 non
1062 1569 1270 1647 possit,
1312 1565 1568 1642 ideoque
1612 1566 1828 1627 Carum
1870 1565 2125 1628 fulmine
2166 1566 2268 1627 ab·

333 1663 634 1732 sumptum
675 1652 837 1733 quod
881 1671 984 1712 eos
1027 1652 1174 1712 lines
1219 1651 1554 1728 transgredi
1595 1658 1845 1731 cuperet
1875 1653 1981 1729 qui
2008 1651 2268 1712 fataliter

263 1751 296 1800 2
334 1739 642 1799 constituti
671 1745 826 1798 sunt.
871 1735 977 1797 sed
1020 1735 1134 1796 sibi
1173 1734 1390 1795 habeat
1432 1746 1591 1796 artes
1632 1754 1770 1798 suas
1811 1735 2117 1807 timiditas,
2150 1735 2265 1797 cai-

264 1835 296 1884 3
333 1823 518 1885 canda
547 1821 886 1885 uirtutibus,
952 1819 1092 1881 licet
1119 1820 1297 1899 plane
1329 1838 1397 1882 ac
1427 1819 1669 1890 licebit„
1692 1827 1759 1880 ut
1793 1838 1904 1899 per
1934 1822 2267 1882 sacratissi-

331 1927 492 1970 mum
527 1907 840 1970 Caesarem
870 1905 1290 1966 Maximianum
1321 1905 1613 1975 constitit,
1659 1905 1875 1966 Persas
1904 1907 2150 1966 uincere
2180 1913 2262 1966 at·
2293 1920 2345 1960 20

333 2011 450 2070 que
472 1992 628 2053 ultra
660 2010 762 2052 eos
790 1989 1093 2069 progredi,
1129 1999 1188 2052 et
1217 1989 1483 2050 futurum
1516 2007 1676 2060 reor,
1731 1991 1782 2050 si
1823 2008 1855 2050 a
1886 1992 2117 2051 nostris
2146 2009 2263 2052 non

331 2078 644 2138 deseratur
676 2075 1012 2156 promissus
1041 2076 1354 2135 numinum
1381 2074 1572 2135 fauor.

260 2174 296 2222 4
456 2163 688 2222 Bonum
728 2160 1063 2238 principem
1093 2159 1311 2221 Carum
1354 2159 1555 2229 fuisse,
1600 2177 1737 2219 cum
1778 2157 1965 2220 multa
2003 2158 2267 2221 indicant

330 2255 457 2306 tum
516 2242 663 2305 illud
724 2245 902 2304 etiam
952 2243 1112 2324 quod
1153 2245 1350 2304 statim
1390 2250 1457 2303 ut
1499 2249 1589 2303 est
1633 2243 1883 2322 adeptus
1922 2244 2261 2322 imperium,

331 2329 632 2390 Sarmatas
683 2328 832 2390 adeo
875 2337 1068 2390 morte
1098 2328 1281 2390 Probi
1321 2329 1555 2389 feroces
1596 2335 1662 2388 ut
1690 2329 2007 2390 inuasuros
2048 2348 2116 2389 se
2146 2346 2262 2389 non
2290 2346 2341 2386 25

329 2413 520 2474 solum
552 2410 853 2494 Illyricum
885 2413 989 2475 sed
1021 2413 1308 2475 Thracias
1329 2429 1569 2492 quoque
1592 2411 1941 2491 Italiamque
1962 2413 2260 2474 minaren-

328 2507 446 2568 tur,
478 2499 559 2559 ita
587 2495 744 2584 †sic
775 2499 932 2558 inter
974 2496 1130 2559 bella
1169 2496 1441 2576 pariendi
1470 2498 1757 2567 contudit,
1796 2504 1859 2558 ut
1889 2499 2263 2577 paucissimis

329 2581 539 2643 diebus
567 2575 903 2644 Pannonias
935 2583 1254 2642 securitate
1286 2581 1599 2643 donauerit
1630 2583 1841 2644 occisis
1854 2583 2275 2644 Sarmatarum

329 2668 590 2730 sedecim
620 2666 880 2737 milibus,
916 2667 1102 2746 captis
1131 2665 1357 2726 diuersi
1388 2685 1569 2728 sexus
1600 2668 1816 2745 uiginti
1846 2666 2109 2728 milibus.

324 2903 452 2952 nius
475 2903 579 2952 BP
597 2910 634 2955 t.
661 2903 812 2954 Iord.
847 2901 1204 2967 calphurnius
1226 2900 1306 2951 ΡΒ
1454 2905 1489 2952 4
1512 2907 1569 2952 et
1593 2903 1742 2953 tanti
1764 2902 1927 2954 BPM
2072 2906 2105 2954 ὅ
2131 2902 2259 2954 cali·

325 2975 486 3034 garet
509 2971 578 3021 M
707 2970 853 3019 alter
875 2966 1128 3035 alterum]
1157 2970 1487 3021 alterutrum
1509 2970 1614 3019 BP
1755 2972 1787 3020 9
1811 2970 2079 3021 tonitrum
2103 2969 2267 3020 BPM

308 3065 311 3069 -
463 3040 526 3088 10
551 3041 744 3086 contra
767 3034 844 3086 1²1
871 3041 1073 3088 cuncta
1098 3036 1176 3087 Ρ2
1303 3042 1619 3088 terrauerat
1640 3037 1693 3088 B
1715 3042 1995 3088 terruerat
2018 3039 2133 3089 PM
2154 3044 2255 3088 ter·

323 3103 434 3152 rita
461 3107 620 3153 erant
642 3105 835 3168 ser-ipsi
948 3107 1008 3154 11
1038 3105 1147 3155 fuit
1169 3104 1275 3155 BP
1294 3121 1388 3156 om.
1415 3105 1483 3154 M
1501 3110 1629 3169 post
1650 3107 1842 3170 scripsi
1978 3107 2044 3156 13
2069 3120 2257 3171 possu-

320 3184 442 3220 mus
465 3171 525 3220 M
667 3172 733 3222 14
755 3170 922 3221 inditi
938 3170 1090 3223 B¹P¹
1227 3175 1293 3222 19
1316 3177 1381 3222 ut
1404 3174 1588 3224 addidi
1720 3175 1787 3224 20
1811 3173 2068 3224 constitit
2093 3189 2183 3224 om.
2199 3172 2257 3222 M

456 3238 643 3287 uicere
667 3238 740 3287 B¹
857 3241 924 3290 24
947 3244 1010 3290 ut
1033 3242 1215 3293 addidi
1328 3241 1395 3290 25
1420 3240 1679 3290 sarmatis
1701 3240 1805 3290 BP
1916 3243 1979 3290 27
2005 3241 2089 3290 ita
2114 3243 2259 3290 inter

319 3302 469 3354 bella
493 3305 763 3371 patiendo
781 3309 911 3373 uoly.
934 3310 1032 3358 sed
1053 3306 1321 3375 patiendo
1346 3323 1446 3358 non
1468 3309 1707 3360 conuenit
1723 3324 1831 3358 cum
1852 3323 1995 3374 seqq.
2130 3309 2254 3371 fort.

318 3368 402 3419 ita
427 3373 672 3423 scienter
692 3373 909 3424 bellum
922 3377 1174 3443 gerendo
1209 3374 1464 3425 contudit
1626 3378 1691 3426 29
1715 3375 1985 3426 militibus
2016 3374 2147 3425 BP¹
2182 3371 2257 3438 (ut

316 3437 446 3504 uid.)
587 3454 785 3493 sexsus
806 3441 910 3492 BP
