2517 3884
295 138 426 204 232
1013 147 1188 204 AELII
1227 147 1559 204 LAMPRIDH

303 313 502 390 Magni
533 313 795 374 delatum
835 313 952 374 sibi
995 333 1024 374 a
1069 321 1277 376 senatu
1312 316 1632 376 recusauit.
1686 330 1863 391 quam
1892 315 2248 394 priusquam

303 399 662 478 praeferam,
695 401 954 461 inseram
986 400 1162 460 etiam
1205 397 1665 460 adclamationes
1706 406 1979 469 senatuS,
2024 400 2249 478 quibus

237 494 270 542 2
305 483 367 544 id
412 484 722 547 decretum
768 490 877 545 est.
971 484 1058 546 Ex
1102 486 1248 545 actis
1294 483 1488 545 urbis:
1551 486 1658 555 „A.
1707 485 1764 545 d.
1820 485 2012 564 pridie
2052 504 2247 547 nonas

305 569 572 630 Martias,
637 588 773 630 cum
807 575 1053 630 senatus
1081 570 1368 648 frequens
1397 571 1461 632 in
1492 572 1741 640 curiam,
1785 569 1901 633 hoc
1932 578 2025 632 est
2052 573 2115 632 in
2136 588 2251 630 ae-

307 654 445 714 dem
477 654 848 716 Concordiae
889 653 1304 734 templumque
1345 657 1793 734 inaugmentum,
1841 657 2245 725 conuenisset,
2304 673 2339 713 5

305 746 674 818 rogatusque
713 747 873 804 esset
900 740 1179 802 Aurelius
1208 739 1546 802 Alexander
1576 741 1794 803 Caesar
1822 740 2145 818 Augustus,
2178 747 2250 802 ut

306 843 377 885 eo
409 825 680 895 ueniret,
730 843 798 884 ac
825 827 1025 904 primo
1069 832 1439 896 recusasset,
1474 826 1634 906 qnod
1666 825 1967 888 sciret-de
1998 825 2247 887 honori-

302 909 418 970 bus
449 911 574 970 suis
605 908 930 986 agendum,
975 910 1190 971 deinde
1239 917 1449 990 postea
1482 913 1773 982 uenisset,
1824 910 2249 972 adclamatum:

234 1005 268 1053 3
306 995 622 1072 „Auguste
651 996 970 1062 innocens,
1016 995 1078 1056 di
1107 1003 1166 1056 te
1197 1002 1464 1057 seruent.
1524 996 1859 1058 Alexander
1890 999 2250 1076 imperator,

309 1079 370 1140 di
399 1087 459 1138 te
505 1086 772 1140 seruent.
847 1080 909 1140 di
950 1089 1010 1140 te
1052 1079 1227 1142 nobis
1269 1081 1598 1150 dederunt,
1643 1081 1703 1141 di
1744 1087 2123 1141 conseruent.
2187 1081 2248 1141 di
2277 1099 2337 1138 10

235 1176 270 1222 4
306 1175 366 1225 te
411 1183 483 1224 ex
525 1165 802 1226 manibus
845 1167 1050 1244 inpuri
1081 1167 1464 1245 eripuerunt,
1510 1166 1572 1226 di
1614 1173 1669 1226 te
1712 1173 2093 1245 perpetuent.
2154 1167 2249 1226 in·-

305 1267 526 1330 purum
561 1257 877 1331 tyrannum
910 1257 968 1310 et
995 1257 1062 1311 tu
1091 1269 1420 1331 perpessus
1452 1269 1545 1322 eS,
1578 1252 1865 1330 inpurum
1908 1257 1969 1311 et
1998 1268 2245 1331 opscae-

305 1353 450 1396 num
495 1341 554 1394 et
593 1327 662 1396 tu
703 1337 912 1396 uiuere
959 1335 1222 1397 doluisti.
1312 1337 1372 1398 di
1410 1336 1577 1397 illum
1624 1335 2039 1405 eradicarunt,
2084 1335 2145 1396 di
2188 1343 2251 1395 te

236 1434 268 1480 5
308 1426 648 1480 seruarunt.
710 1421 950 1481 infamis
979 1422 1308 1500 imperator
1337 1423 1453 1482 rite
1484 1421 1817 1483 damnatus.
1890 1421 2251 1482 felices-nos

301 1506 560 1584 imperio
595 1512 716 1574 tuo,
749 1504 986 1566 felicem
1014 1524 1146 1566 rem
1175 1526 1234 1585 p.
1298 1508 1539 1568 infamis
1568 1525 1727 1567 unco
1769 1514 1999 1584 tractus
2041 1514 2133 1566 est
2172 1505 2245 1566 ad
2276 1521 2335 1562 15

305 1588 648 1669 exemplum
697 1590 952 1650 timoris,
1037 1591 1387 1652 luxuriosus
1438 1593 1766 1670 imperator
1806 1595 1941 1653 iure
1992 1592 2249 1671 punitus

305 1682 416 1744 est,
451 1675 888 1737 contaminator
916 1673 1216 1736 honorum
1245 1677 1380 1736 iure
1419 1677 1669 1754 punitus
1712 1683 1824 1736 est.
1896 1675 1958 1735 di
1999 1678 2251 1736 immor-

302 1757 455 1819 tales
496 1758 836 1820 Alexandro
882 1760 1086 1822 uitam.
1159 1760 1383 1822 iudicia
1422 1761 1675 1822 deorum
1714 1760 1855 1821 hinc
1896 1767 2255 1840 apparent.“

236 1842 271 1905 7
303 1844 379 1904 Et
409 1862 548 1904 cum
579 1845 800 1922 egisset
829 1846 1050 1922 gratias
1078 1845 1443 1915 Alexander,
1478 1845 1871 1908 adclamatum
1892 1848 2023 1906 est:
2086 1846 2252 1916 „An-

303 1931 512 1990 tonine
542 1928 908 1999 Alexander,
954 1930 1014 1990 di
1061 1937 1118 1990 te
1163 1937 1428 1992 seruent.
1492 1931 1788 1991 Antonine
1819 1930 2049 1999 Aureli,
2099 1930 2161 1990 di
2187 1939 2249 1990 te·
2276 1949 2333 1988 20

312 2023 578 2076 seruent.
652 2017 948 2079 Antonine
987 2016 1126 2086 Pie,
1173 2016 1233 2079 di
1276 2026 1335 2076 te
1378 2022 1638 2076 seruent.
1701 2017 1985 2076 Antonini
2025 2032 2253 2076 nomen

236 2114 268 2160 2
307 2101 603 2180 suscipias
633 2117 936 2178 rogamus.
999 2107 1239 2181 praesta
1282 2100 1457 2162 bonis
1496 2099 1989 2180 imperatoribuS,
2035 2107 2103 2162 ut
2128 2101 2250 2162 An-

303 2187 551 2246 toninus
596 2185 836 2248 dicaris,
899 2205 1122 2247 nomen
1165 2187 1607 2248 Antoninorum
1649 2192 1714 2246 tu
1755 2185 2024 2265 purifica.
2090 2184 2252 2262 quod

307 2269 409 2329 ille
438 2271 750 2331 infamauit
783 2277 844 2331 tu
876 2272 1144 2350 purifica.
1205 2271 1393 2333 redde
1436 2274 1500 2332 in
1539 2274 1839 2349 integrum
1880 2288 2100 2330 nomen
2128 2273 2247 2330 An·-

240 2372 272 2416 3
308 2355 676 2414 toninorum.
739 2358 982 2434 sanguis
1011 2359 1451 2418 Antoninorum
1486 2375 1549 2417 se
1582 2359 1919 2434 cognoscat.
1966 2356 2246 2415 iniuriam
2274 2372 2333 2412 25

306 2439 492 2498 Marci
545 2445 612 2499 tu
653 2439 910 2500 uindica.
987 2442 1272 2502 iniuriam
1324 2443 1464 2502 Veri
1517 2449 1580 2502 tu
1634 2440 1889 2502 uindica.
1967 2441 2247 2502 iniuriam

238 2539 272 2586 4
307 2522 579 2590 Bassiani
608 2530 669 2584 tu
706 2524 960 2584 uindica.
1024 2527 1197 2604 peior
1229 2525 1553 2586 Commodo
1600 2521 1764 2586 solus
1804 2523 2243 2603 Heliogabalus,

307 2625 422 2668 nec
452 2610 786 2687 imperator
827 2627 939 2669 nec
971 2610 1309 2670 Antoninus
1349 2629 1461 2670 nec
1506 2611 1654 2671 ciuis
1696 2629 1809 2671 nec
1850 2616 2090 2671 senator
2134 2626 2249 2669 nec

237 2710 270 2758 5
307 2691 523 2754 nobilis
553 2711 667 2754 nec
696 2693 1020 2755 Romanus,
1081 2695 1146 2754 in
1181 2701 1236 2754 te
1279 2695 1471 2764 salus,
1513 2696 1577 2756 in
1618 2702 1692 2755 te.
1728 2697 1863 2755 uita.
1929 2701 1996 2754 ut
2036 2695 2249 2755 uiuere

305 2777 592 2849 delectet,
639 2779 1076 2842 Antoninorum
1123 2779 1459 2842 Alexandro
1514 2781 1721 2841 uitam.
1783 2782 1851 2839 ut
1890 2780 2102 2840 uiuere
2144 2777 2246 2839 de·
2276 2797 2332 2837 ao

408 3001 440 3049 2
464 3001 707 3050 inseram
729 3000 934 3050 addidit
954 2999 1233 3050 IordanuS.
1271 2999 1469 3051 addam
1496 3004 1627 3066 uoly.
1752 3002 1783 3050 3
1808 2998 1880 3048 ad
1904 2997 2072 3048 BPM
2091 3013 2181 3048 em.
2209 2996 2252 3047 S

409 3069 440 3117 5
464 3068 728 3132 templum
751 3069 816 3119 M
950 3068 1343 3134 inaugoratum
1364 3069 1467 3118 BP
1601 3070 1632 3117 6
1654 3071 1717 3117 ut
1744 3067 2063 3117 concineret
2085 3065 2257 3115 BPM

307 3135 929 3188 consideretMommsen.
958 3137 1329 3202 ap.Huebner-.
1352 3139 1400 3187 d.
1421 3153 1463 3187 s.
1480 3137 1614 3202 p.R.
1635 3138 1766 3185 actis
1778 3153 1835 3199 p.
1850 3137 1950 3184 614
1972 3139 2036 3183 ut
2063 3149 2127 3183 eo
2151 3148 2250 3182 ue-

305 3204 454 3252 niret
477 3205 667 3268 scripsi
679 3211 904 3269 propter
927 3221 1005 3270 sq.
1056 3204 1256 3255 deinde
1292 3189 1489 3270 ssostea
1522 3203 1773 3254 uenisset
1912 3204 1941 3252 7
1970 3217 2074 3266 que
2110 3203 2163 3250 in
2196 3200 2250 3250 B

303 3288 346 3322 8.
377 3273 408 3320 l.
515 3271 903 3336 inaugoratum
925 3272 1029 3322 BP
1140 3275 1171 3323 9
1198 3273 1256 3322 di
1279 3271 1331 3322 B
1357 3272 1435 3322 dii
1459 3269 1542 3322 ,Β2
1568 3269 1703 3336 (fere
1727 3270 1929 3335 ubique)
2060 3271 2124 3319 13
2152 3267 2249 3318 do-

304 3339 463 3390 luisti
486 3341 538 3389 in
561 3339 613 3388 B
635 3341 689 3390 in
711 3357 820 3394 ras.
914 3343 979 3390 14
1005 3345 1230 3390 seruent
1253 3340 1323 3390 M
1410 3343 1475 3392 15
1497 3341 1655 3390 iunto
1678 3337 1757 3388 B¹
1783 3341 1973 3388 iuncto
1998 3336 2081 3386 B²
2106 3334 2250 3390 eme-¹

411 3409 474 3456 16
497 3407 809 3459 luxoriosus
831 3407 936 3457 BP
956 3424 1074 3458 ecre.
1229 3409 1292 3459 17
1322 3405 1756 3458 contraminator
1778 3405 1829 3455 B
1844 3405 1861 3438 ¹
2008 3407 2073 3454 22
2100 3404 2249 3454 aeci—

305 3476 432 3526 nias
454 3475 506 3525 B
609 3478 675 3526 27
701 3481 860 3540 petor
881 3475 986 3524 BP
1086 3478 1152 3528 28
1177 3473 1287 3542 ἰωῇ
1308 3475 1413 3524 BP
1502 3478 1567 3526 30
1593 3475 1839 3523 delectet
1864 3477 1923 3525 et
1947 3473 2252 3523 antoninus
