2517 3884
600 201 992 259 ALEXANDER
1037 200 1349 259 SEVERVS.
1438 202 1494 259 C.
1540 205 1775 257 20-—23.
2030 196 2159 262 243

207 368 358 449 pulo
403 368 654 431 dederat
697 369 978 445 quodque
1020 368 1444 447 Heliogabalus
1483 370 1843 431 inminuerat
1884 372 2155 450 turpissi-

209 456 332 515 mis
385 453 733 515 hominibus
781 454 1223 533 praefecturam
1276 473 1547 516 annonae
1595 454 1949 524 tribuendo,
2002 458 2155 516 inte·

212 558 392 618 grum
426 541 711 601 restituit.
783 542 878 599 ius
920 540 1197 600 conferre
1239 542 1533 609 rationes,
1582 540 1741 617 quod
1771 542 2025 619 inpurus
2057 540 2155 601 ille
2192 557 2222 601 3

211 624 574 693 sustulerat,
617 624 714 685 hic
745 624 1024 685 omnibus
1063 624 1280 685 reddit.
1344 624 1686 687 mechanica
1719 642 1902 705 opera
1932 624 2156 686 Romae
2192 640 2257 688 4.

165 726 190 765 5
213 708 481 791 plurima
509 710 788 772 instituit.
849 709 1087 770 Iudaeis
1119 709 1439 789 priuilegia
1467 712 1823 772 reseruauit.
1874 708 2156 771 Christia-
2256 716 2260 727 “

214 813 328 856 nos
361 813 497 856 esse
526 813 742 873 passus
773 801 880 855 est.
943 794 1327 873 pontificibus
1356 801 1587 856 tantum
1622 795 1833 857 detulit
1880 802 1939 856 et
1980 798 2152 875 quin·
2192 808 2223 856 5

218 878 410 940 decim
441 881 592 940 uiris
619 886 796 957 atque
827 879 1172 959 auguribus,
1195 887 1257 942 ut
1290 880 1574 957 quasdam
1606 899 1814 943 causas
1843 900 2155 943 sacrorum

217 984 252 1026 a
283 984 347 1025 se
377 965 575 1025 finitas
603 966 806 1025 iterari
839 972 899 1024 et
928 965 1100 1025 aliter
1131 966 1416 1043 distingui
1454 972 1782 1044 pateretur.
1846 966 2155 1045 praesides
2192 979 2221 1025 6

216 1051 688 1129 prouinciarum,
724 1066 874 1126 quos
907 1068 1050 1110 uere
1083 1068 1204 1110 non
1245 1051 1605 1111 factionibus
1643 1050 1873 1112 laudari
1916 1070 2153 1131 compe-

139 1150 190 1189 ιο
217 1137 327 1204 rit,
375 1142 436 1193 et
476 1138 540 1195 in
583 1134 898 1195 itineribus
939 1153 1142 1208 secum
1187 1148 1429 1214 semper
1457 1138 1521 1194 in
1556 1134 1831 1196 uehiculo
1864 1134 2071 1197 babuit
2100 1148 2157 1196 et

214 1218 572 1279 muneribus
602 1219 832 1280 adiuuit
859 1220 1097 1289 dicens,
1134 1227 1192 1282 et
1222 1222 1389 1282 fures
1418 1239 1453 1281 a
1482 1239 1550 1281 re
1575 1220 1817 1299 publica
1844 1219 2155 1299 pellendos

213 1324 286 1365 ac
314 1304 733 1383 pauperandos
765 1312 824 1365 et
851 1306 1120 1383 integros
1153 1324 1287 1367 esse
1318 1305 1703 1366 redimendos
1750 1311 1928 1382 atque
1960 1306 2149 1367 ditan-

217 1388 344 1449 dos.
409 1408 548 1450 cum
581 1388 872 1451 uilitatem
903 1390 1161 1470 populus
1202 1389 1511 1452 Romanus
1542 1388 1615 1451 ah
1649 1409 1719 1451 eo
1748 1397 2039 1469 peteret:
2059 1393 2150 1452 in·
2189 1405 2217 1453 7

213 1476 552 1553 terrogauit
579 1494 691 1554 per
723 1477 1063 1545 curionem,
1097 1492 1275 1556 quam
1310 1478 1572 1554 speciem
1604 1494 1803 1547 caram
1846 1483 2148 1555 putarent.

135 1572 189 1614 15
213 1559 618 1643 illi-‚continuo
649 1560 1152 1630 exclamauerunt‚
1189 1578 1433 1621 carnem
1463 1560 1745 1622 bubulam
1792 1570 1969 1641 atque
2010 1581 2152 1641 por-

215 1647 429 1706 cinam.
493 1652 638 1706 tuno
666 1644 768 1705 ille
794 1664 918 1706 non
951 1645 1192 1723 quidem
1225 1646 1516 1707 uilitatem
1545 1649 1863 1725 proposuit
1892 1648 1997 1707 sed
2027 1649 2147 1707 ius-
2190 1661 2221 1709 8

215 1731 323 1799 sit,
356 1748 435 1791 ne
468 1732 604 1807 quis
637 1732 994 1792 suminatam
1025 1730 1357 1801 occideret,
1402 1749 1479 1791 ne
1510 1734 1647 1809 quis
1676 1731 2025 1801 lactantem,
2074 1750 2151 1792 ne

214 1817 644 1892 quis'uaccam,
677 1833 756 1874 ne
788 1818 920 1891 quis
952 1816 1366 1885 damalionem,
1400 1823 1753 1893 tantumque
1795 1820 1950 1877 intra
1980 1817 2147 1877 bien-

213 1900 381 1959 nium
425 1900 525 1960 uel
567 1916 756 1979 prope
797 1918 1017 1961 annum
1060 1902 1346 1979 porcinae
1389 1904 1584 1963 carnis
1615 1902 1727 1962 fuit
1769 1908 1828 1962 et
1868 1900 2147 1971 bubulae,

135 1999 188 2039 20
213 1990 306 2054 ut,
361 2002 500 2046 cum
545 1986 757 2045 fuisset
787 1985 1230 2046 octominutalis
1277 1986 1461 2056 libra,
1517 1986 1591 2047 ad
1644 1986 1794 2047 duos
1844 2003 2151 2063 unumque

211 2072 530 2147 utriusque
561 2071 762 2130 carnis
789 2068 944 2130 libra
976 2069 1373 2148 redigeretur.

341 2155 567 2217 Causas
595 2154 850 2216 militum
883 2164 1092 2216 contra
1124 2155 1401 2216 tribunos
1432 2157 1519 2215 sic
1550 2154 1781 2216 audiuit
1808 2163 1902 2224 ut,
1960 2157 2009 2217 si
2041 2155 2143 2215 ali·
2164 2155 2248 2221 23

209 2257 390 2319 quem
419 2241 793 2319 repperisset
818 2240 1202 2301 tribunorum
1231 2243 1295 2300 in
1328 2242 1608 2309 crimine,
1643 2259 1756 2320 pro
1786 2241 1934 2301 facti·
1958 2239 2143 2317 quali-

215 2331 330 2385 tate
363 2326 494 2386 sine
539 2324 940 2402 indulgentiae
969 2326 1283 2405 proposito
1312 2327 1573 2404 puniret.
1624 2324 1697 2385 de
1729 2324 2007 2387 omnibus
2037 2324 2144 2386 ho·
2183 2342 2213 2387 2

129 2426 184 2466 25
209 2410 476 2471 minibus
536 2428 646 2489 per
691 2410 895 2471 fideles
939 2410 1214 2473 homines
1270 2430 1412 2471 suos
1454 2428 1693 2489 semper
1726 2412 2040 2488 quaesiuit,
2088 2417 2147 2471 et

204 2512 317 2573 per
351 2512 455 2555 eos
489 2512 638 2571 quos
667 2514 844 2556 nemo
875 2504 1082 2557 nosset
1112 2496 1229 2556 hoc
1259 2513 1457 2574 agere,
1494 2514 1629 2557 cum
1660 2496 1903 2567 diceret,
1938 2515 2145 2558 omnes

205 2580 434 2660 praeda
463 2581 774 2659 corrumpi
802 2598 1002 2659 posse.
1081 2600 1293 2642 seruos
1324 2600 1466 2643 suos
1498 2596 1739 2661 semper
1770 2600 1905 2643 cum
1939 2582 2143 2643 seruili
2180 2599 2211 2645 3

205 2671 378 2726 ueste
437 2664 676 2734 habuit,
739 2664 990 2727 libertos
1043 2684 1180 2728 cum
1226 2669 1647 2745 ingenuorum.
1726 2667 2029 2729 eunuchos
2071 2667 2146 2727 de
2180 2683 2215 2729 4

206 2752 545 2811 ministerio
605 2768 715 2811 suo
777 2749 992 2812 abiecit
1035 2758 1094 2813 et
1135 2753 1313 2813 uxori
1340 2759 1407 2811 ut
1438 2771 1650 2813 seruos
1681 2753 1917 2813 seruire
1947 2753 2137 2812 iussit.

131 2851 180 2891 30
210 2843 270 2894 et
298 2854 436 2897 cum
466 2834 889 2913 Heliogabalus
917 2838 1283 2915 mancipium
1329 2836 1744 2897 eunuchorum
1783 2838 2023 2905 fuisset,
2068 2836 2143 2897 ad
2181 2851 2213 2901 5

209 2928 438 2981 certum
500 2938 818 2981 numerum
879 2940 980 2983 eos
1026 2920 1260 2999 redegit
1304 2940 1415 2981 nec
1466 2924 1787 3001 quicquam
1826 2923 1887 2981 in
1919 2920 2143 2981 Palatio

209 3024 420 3067 curare
451 3006 596 3066 Fecit
634 3006 752 3084 nisi
793 3005 1051 3067 balneas
1082 3007 1467 3068 feminarum.‘
1509 3025 1645 3067 cum
1685 3006 2009 3086 plerosque
2042 3024 2143 3065 eu·
2182 3022 2213 3069 6

306 3195 335 3242 1
363 3206 588 3259 quoque
611 3190 781 3241 BPM
841 3251 847 3256 ,
909 3196 940 3243 3
967 3193 1093 3242 eoni
1118 3192 1265 3243 ferre
1288 3189 1340 3242 B
1366 3191 1691 3243 conferendi
1713 3192 1781 3243 M
1908 3194 1943 3242 4
1966 3193 2151 3243 reddi·

208 3259 290 3310 dit.
311 3261 380 3311 M
539 3262 572 3311 8
599 3260 839 3326 discingi
863 3260 1026 3311 BPM
1186 3264 1250 3311 10
1276 3261 1336 3310 in
1358 3264 1455 3312 ‘om-
1478 3262 1585 3311 BP
1740 3263 1803 3311 12
1829 3276 2150 3326 paupaupe-

206 3328 410 3379 randos
434 3326 510 3378 1²¹
671 3330 736 3379 13
759 3329 979 3395 populis
1004 3330 1244 3379 romanis
1268 3326 1395 3379 BP1
1424 3346 1540 3381 exc.
1545 3326 1561 3360 ¹
1719 3331 1785 3379 14
1810 3344 1996 3379 curam
2019 3329 2123 3378 BP
2132 3328 2148 3361 ¹

203 3412 320 3446 exc.
463 3398 530 3447 16
556 3396 784 3447 seiussit
806 3395 938 3447 BP¹
960 3414 1076 3451 eoec.
1217 3399 1281 3448 17
1308 3412 1461 3448 suem
1486 3412 1619 3448 sum.
1648 3396 1690 3447 0
1810 3400 1877 3449 20
1902 3402 2029 3448 octo
2052 3398 2150 3447 mi-

203 3463 421 3531 nutulis
444 3465 783 3516 Mommsenus
918 3481 1358 3531 unumquemque
1378 3466 1547 3517 BPM
1568 3482 1635 3517 an
1656 3480 2025 3551 unaquaeque
2038 3468 2063 3515 ‘2’

202 3534 267 3582 21
292 3534 520 3598 utrique
543 3533 669 3583 BP¹
697 3550 810 3587 eme.
949 3536 1016 3585 26
1041 3537 1237 3601 ageret
1259 3533 1421 3584 BPM

1596 3616 1675 3679 16
1702 3622 1735 3656 ²³⁶
