2517 3884
0 624 5 662 l

679 173 988 231 GoRmANi
1027 175 1211 232 Tuas,
1271 174 1355 256 pc.
1401 179 1643 233 20—23.
2051 171 2137 236 43

673 337 1206 405 eoRmAst
1266 307 1658 406 TER'Tws

323 510 468 574 Post
498 518 754 572 mortem
798 511 1054 572 duorum
1088 511 1529 574 Gordianorum
1574 521 1819 578 senatus
1862 513 2131 594 trepidus
2148 511 2235 576 22

195 603 257 656 et
286 595 674 661 Maximinum
709 596 1124 658 uehementius
1156 599 1379 659 timens
1410 616 1482 658 ex
1514 599 1727 676 uiginti
1760 601 1937 670 uiris,
1984 619 2133 680 quos

195 680 268 742 ad
301 699 432 744 rem
468 700 526 762 p.
562 681 844 742 tuendam
877 681 1198 760 delegerat,
1241 681 1617 763 Puppienum
1648 686 1779 746 sine
1808 685 2132 746 Maximum

138 785 168 826 5
197 771 258 826 et
289 765 558 827 Clodium
589 765 902 828 Balbinum
935 771 1236 846 Augustos
1268 766 1610 847 appellauit,
1644 770 1851 846 ambos
1884 789 1957 831 ex
1989 789 2130 832 con-

195 850 448 912 sulibus.
517 857 666 920 tunc
705 851 966 931 populus
1013 859 1074 914 et
1115 851 1335 914 milites
1380 853 1749 916 Gordianum
1788 854 2127 932 paruulum,
2167 864 2199 912 2
2286 913 2293 920 .

194 955 386 998 annos
415 943 689 1014 agentem
721 945 787 998 ut
815 937 1090 1018 plerique
1123 937 1411 1001 adserunt
1436 939 1732 1010 undecim,
1766 948 1833 1000 ut
1862 940 2132 1004 nonnulli

194 1021 504 1091 tredecim,
539 1028 606 1083 ut
633 1021 838 1084 Iunius
869 1022 1100 1084 Cordus
1129 1023 1275 1084 dicit
1304 1023 1585 1093 sedecim,
1612 1025 1767 1104 (nam
1801 1027 2131 1088 uicensimo

193 1114 255 1168 et
284 1107 551 1171 secundo
583 1125 738 1170 anno
771 1125 907 1169 eum
937 1110 1170 1188 perisse
1201 1106 1443 1188 adserit)
1476 1112 1853 1189 petiuerunt,
1887 1119 1953 1171 ut
1984 1112 2128 1174 Cae-

111 1213 164 1253 10
194 1211 293 1253 sar
335 1191 798 1273 appellaretur;‚
821 1201 1148 1273 raptusque
1207 1194 1281 1256 ad
1340 1202 1610 1256 senatum
1670 1201 1848 1272 atque
1890 1195 2031 1256 inde
2068 1198 2131 1256 in
2168 1205 2201 1253 3

193 1281 474 1342 contione
505 1280 734 1357 positus
763 1279 1115 1341 indumento
1145 1280 1540 1358 imperatorio
1563 1286 1757 1341 tectus
1788 1280 2007 1342 Caesar
2038 1288 2132 1341 est

192 1372 592 1442 nuncupatus,
666 1363 777 1428 Hic
819 1371 994 1426 natus
1025 1372 1144 1434 est,
1206 1371 1273 1426 ut
1316 1363 1521 1444 plures
1563 1364 1851 1426 adserunt
1895 1383 1967 1426 ex
2010 1365 2129 1426 filia
2165 1375 2201 1423 4

193 1448 512 1518 Gordiani,
575 1455 641 1510 ut
684 1467 838 1510 unus
883 1457 984 1512 aut
1027 1449 1146 1510 duo
1181 1449 1339 1530 (nam
1380 1449 1637 1530 amplius
1684 1451 1961 1513 inuenire
2008 1469 2127 1512 non

191 1533 380 1614 potui)
439 1551 512 1594 ex
552 1534 702 1605 filio,
765 1536 868 1613 qui
908 1537 972 1595 in
1013 1536 1208 1598 Africa
1251 1537 1428 1616 perit.
1506 1534 1845 1597 Gordianus
1904 1536 2131 1598 scilicet
2167 1545 2201 1595 5

108 1638 162 1678 15
193 1620 410 1682 Caesar
437 1619 634 1692 factus
666 1619 824 1699 apud
854 1628 1110 1682 matrem
1140 1619 1427 1684 educatus
1456 1627 1549 1682 est
1580 1628 1653 1689 et,
1690 1639 1826 1682 cum
1854 1623 2131 1684 extinctis

192 1703 526 1766 Maximinis
556 1705 848 1766 Maximus
893 1707 1068 1768 etiam
1114 1712 1174 1766 et
1217 1704 1503 1767 Balbinus
1552 1705 1795 1768 mili-tari
1836 1706 2131 1768 seditione

189 1790 538 1869 interempti
599 1798 819 1860 essent,
881 1791 980 1868 qui
1036 1791 1285 1852 hiennio
1342 1793 1813 1870 imperauerant,
1876 1792 2128 1853 Gordia·

191 1893 306 1938 nus
365 1873 749 1946 adulescens,
821 1877 924 1953 qui
967 1875 1183 1937 Caesar
1238 1881 1485 1937 eatenus
1544 1876 1765 1945 suerat,
1810 1883 1869 1936 et
1910 1895 1944 1937 a
1974 1876 2130 1938 mili-

191 1960 354 2023 tibus
378 1965 440 2020 et
459 1960 680 2040 populo
711 1969 769 2022 et
799 1980 835 2022 a
859 1969 1068 2022 senatu
1101 1969 1159 2021 et
1193 1960 1268 2021 ab
1290 1945 1569 2022 omnibus
1598 1960 1873 2038 gentibus
1902 1961 2130 2040 ingenti

0 2123 1 2126 Ἴ
104 2064 162 2104 20
192 2063 426 2114 amore,
487 2047 715 2124 ingenti
759 2046 956 2108 studio
1002 2053 1062 2106 et
1101 2048 1289 2124 gratia
1319 2049 1621 2124 Augustus
1653 2054 1743 2106 est
1772 2045 2125 2125 appellatus,

191 2119 502 2193 amabatur
531 2138 730 2202 autem
761 2132 978 2192 merito
1020 2132 1118 2192 aui
1151 2139 1208 2191 et
1249 2131 1529 2191 auunculi
1578 2132 1709 2192 siue
1747 2133 1966 2210 patris,
2028 2133 2131 2210 qui
2166 2141 2198 2189 6

191 2216 378 2278 ambo.
429 2233 542 2295 pro
584 2223 794 2278 senatu
840 2224 900 2277 et
929 2234 1039 2296 pro
1069 2235 1128 2295 p.
1164 2215 1234 2276 R..
1283 2224 1487 2276 contra
1534 2215 1917 2276 Maximinum
1965 2233 2127 2276 arma

181 2308 582 2381 *sumpserunt
613 2310 671 2362 et
702 2301 990 2362 militaris-
1019 2301 1120 2362 uel
1161 2307 1358 2362 morte
1402 2298 1498 2362 uel
1529 2301 1894 2362 necessitate
1928 2302 2127 2380 perie-

189 2394 379 2450 runt.
427 2386 710 2466 posthoc
739 2388 1013 2448 ueterani
1051 2386 1124 2447 ad
1169 2387 1398 2447 curiam
1430 2391 1760 2455 uenerunt,
1827 2392 1893 2446 ut
1936 2385 2125 2446 disce-
2166 2397 2196 2445 7

103 2489 162 2529 25
189 2479 346 2541 rent,
393 2471 530 2548 quid
563 2479 760 2534 actum
794 2479 970 2532 esset.
1049 2490 1120 2532 ex
1165 2469 1382 2548 quibus
1426 2471 1543 2533 duo
1587 2471 1849 2550 ingressi
1890 2471 2127 2550 Capito·
2164 2482 2199 2532 8

188 2557 372 2628 lium,
435 2575 568 2617 cum
628 2555 749 2618 illic,
807 2564 1047 2618 senatus
1107 2562 1419 2634 ageretur,
1482 2565 1618 2619 ante
1676 2558 1865 2636 ipsam
1900 2573 2063 2618 aram
2096 2575 2129 2617 a

191 2640 494 2702 Gallicano
551 2659 624 2702 ex
683 2641 1024 2703 consulibus
1069 2650 1128 2706 et
1158 2639 1496 2703 Maecenate
1544 2660 1616 2702 ex
1648 2640 1901 2703 ducibus
1938 2643 2128 2702 inter—

192 2727 380 2805 empti
421 2735 592 2796 sunt3
671 2733 847 2805 atque
889 2724 1114 2788 bellum
1160 2727 1513 2788 intestinum
1556 2734 1757 2788 ortum
1802 2731 1925 2794 est,
1990 2744 2127 2786 cum
2164 2739 2195 2787 9
2296 2750 2301 2756 ’

191 2819 396 2873 essent
435 2813 647 2872 armati
705 2812 880 2872 etiam
941 2819 1280 2880 senatores,
1341 2811 1759 2888 ignorantibus
1804 2807 2127 2891 ueteranis,

103 2913 163 2954 30
192 2896 352 2973 quod
385 2896 720 2958 Gordianus
751 2896 1102 2959 adulescens
1133 2895 1296 2957 solus
1327 2902 1560 2956 teneret
1590 2895 1928 2974 imperium.
1983 2893 2128 2974 [De-
2146 2895 2233 2960 23

123 2990 129 2996 '
190 2983 411 3062 xippus
456 2983 698 3063 quidem
729 2981 1074 3052 adseuerat,
1120 3001 1192 3044 ex
1235 2981 1357 3042 filio
1388 2979 1671 3042 Gordiani
1703 2981 1941 3040 tertium
1977 2978 2128 3039 Gor·

331 3172 359 3218 1
387 3169 699 3220 Gordianus
724 3170 924 3220 tertius
949 3171 1002 3220 in
1025 3169 1128 3218 BP
1159 3156 1443 3220 atramento
1468 3171 1614 3234 nigro
1642 3175 1825 3219 tenore
1851 3183 1951 3217 non
1972 3167 2133 3216 inter-

188 3244 344 3302 rupto
376 3239 566 3302 pictum
703 3241 734 3288 3
760 3242 816 3287 et
841 3237 911 3286 Βι
1057 3239 1092 3287 4
1119 3237 1380 3302 diligerat
1401 3235 1553 3286 B¹P¹
1702 3238 1733 3287 8
1757 3250 1860 3315 nar
1884 3236 1935 3285 P
2069 3236 2133 3285 10

189 3305 322 3386 inde
349 3307 496 3356 deest
516 3307 571 3356 in
592 3307 644 3354 P
665 3313 699 3358 t.
725 3306 895 3386 I⁰Td‘·
977 3371 994 3405 1
1041 3307 1103 3355 12
1131 3304 1548 3424 ἓξρὲᾒῗέἑιὲἰίἷ
1690 3306 1765 3422 12ιξ
1780 3302 2019 3421 Ἑὲξέῃξ
2034 3319 2139 3418 szlrg

187 3372 1100 3506 {iggoenazlllsauungghssgli'ppus
1132 3467 1198 3477 ——
1231 3445 1424 3490 natum
1466 3442 1564 3490 del.
1602 3439 1807 3490 Becker·
1840 3439 2041 3490 obs-ern.
2078 3443 2133 3486 in

185 3514 372 3576 script.
397 3511 512 3562 hist.
540 3510 606 3560 A.
631 3527 682 3574 p.
710 3513 793 3560 20.
819 3511 954 3573 effe.
985 3513 1050 3559 19
