<?xml version="1.0" encoding="UTF-8"?>
<!DOCTYPE html PUBLIC "-//W3C//DTD XHTML 1.0 Transitional//EN"
    "http://www.w3.org/TR/xhtml1/DTD/xhtml1-transitional.dtd">
<html xmlns="http://www.w3.org/1999/xhtml" xml:lang="en" lang="en">
 <head>
  <title>
</title>
<meta http-equiv="Content-Type" content="text/html;charset=utf-8" />
  <meta name='ocr-system' content='tesseract 3.04.00' />
  <meta name='ocr-capabilities' content='ocr_page ocr_carea ocr_par ocr_line ocrx_word'/>
</head>
<body>
  <div class='ocr_page' id='page_1' title='image "./scriptoreshisto02petegoog_0346.png"; bbox 0 0 2517 3884; ppageno 0'>
   <div class='ocr_carea' id='block_1_1' title="bbox 771 138 2181 249">
    <p class='ocr_par' dir='ltr' id='par_1_1' title="bbox 771 138 2181 249">
     <span class='ocr_line' id='line_1_1' title="bbox 771 138 2181 249; baseline 0.003 -12"><span class='ocrx_word' id='word_1_1' title='bbox 771 138 1075 237; x_wconf 50' lang='lat' dir='ltr'><strong>coaciam</strong></span> <span class='ocrx_word' id='word_1_2' title='bbox 1120 180 1304 249; x_wconf 78' lang='lat' dir='ltr'><strong>TRE8.</strong></span> <span class='ocrx_word' id='word_1_3' title='bbox 1393 151 1447 238; x_wconf 66' lang='lat' dir='ltr'><strong>c,</strong></span> <span class='ocrx_word' id='word_1_4' title='bbox 1494 186 1666 240; x_wconf 82' lang='lat'><strong>3—6.</strong></span> <span class='ocrx_word' id='word_1_5' title='bbox 2099 177 2181 241; x_wconf 84' lang='lat'><strong>31</strong></span> 
     </span>
    </p>
   </div>
   <div class='ocr_carea' id='block_1_2' title="bbox 154 348 2256 3156">
    <p class='ocr_par' dir='ltr' id='par_1_2' title="bbox 237 348 2183 513">
     <span class='ocr_line' id='line_1_2' title="bbox 237 348 2183 429; baseline 0.001 -20"><span class='ocrx_word' id='word_1_6' title='bbox 237 349 401 429; x_wconf 87' lang='lat' dir='ltr'><strong>apud</strong></span> <span class='ocrx_word' id='word_1_7' title='bbox 430 349 816 427; x_wconf 78' lang='lat' dir='ltr'><strong>praesectum</strong></span> <span class='ocrx_word' id='word_1_8' title='bbox 858 350 1075 409; x_wconf 87' lang='lat' dir='ltr'><strong>aerarii</strong></span> <span class='ocrx_word' id='word_1_9' title='bbox 1117 366 1288 408; x_wconf 89' lang='lat' dir='ltr'><strong>more</strong></span> <span class='ocrx_word' id='word_1_10' title='bbox 1317 348 1587 409; x_wconf 89' lang='lat' dir='ltr'><strong>Romano</strong></span> <span class='ocrx_word' id='word_1_11' title='bbox 1631 350 1944 428; x_wconf 82' lang='lat' dir='ltr'><strong>professus</strong></span> <span class='ocrx_word' id='word_1_12' title='bbox 1999 349 2183 411; x_wconf 85' lang='lat' dir='ltr'><strong>filium</strong></span> 
     </span>
     <span class='ocr_line' id='line_1_3' title="bbox 238 433 1446 513; baseline -0.002 -19"><span class='ocrx_word' id='word_1_13' title='bbox 238 433 506 513; x_wconf 87' lang='lat' dir='ltr'><strong>publicis</strong></span> <span class='ocrx_word' id='word_1_14' title='bbox 538 436 687 495; x_wconf 90' lang='lat' dir='ltr'><strong>actis</strong></span> <span class='ocrx_word' id='word_1_15' title='bbox 720 435 849 494; x_wconf 89' lang='lat' dir='ltr'><strong>eius</strong></span> <span class='ocrx_word' id='word_1_16' title='bbox 879 452 1101 494; x_wconf 89' lang='lat' dir='ltr'><strong>nomen</strong></span> <span class='ocrx_word' id='word_1_17' title='bbox 1130 435 1446 495; x_wconf 89' lang='lat' dir='ltr'><strong>insereret.</strong></span> 
     </span>
    </p>

    <p class='ocr_par' dir='ltr' id='par_1_3' title="bbox 237 516 2256 684">
     <span class='ocr_line' id='line_1_4' title="bbox 371 516 2256 598; baseline 0.002 -18"><span class='ocrx_word' id='word_1_18' title='bbox 371 519 519 581; x_wconf 86' lang='lat' dir='ltr'><strong>Post</strong></span> <span class='ocrx_word' id='word_1_19' title='bbox 548 518 921 579; x_wconf 84' lang='lat' dir='ltr'><strong>consulatum</strong></span> <span class='ocrx_word' id='word_1_20' title='bbox 944 518 1270 598; x_wconf 87' lang='lat' dir='ltr'><strong>proconsul</strong></span> <span class='ocrx_word' id='word_1_21' title='bbox 1300 520 1532 579; x_wconf 85' lang='lat' dir='ltr'><strong>Africae</strong></span> <span class='ocrx_word' id='word_1_22' title='bbox 1563 520 1756 580; x_wconf 80' lang='lat' dir='ltr'><strong>factus</strong></span> <span class='ocrx_word' id='word_1_23' title='bbox 1789 526 1880 580; x_wconf 91' lang='lat' dir='ltr'><strong>est</strong></span> <span class='ocrx_word' id='word_1_24' title='bbox 1911 520 2182 580; x_wconf 87' lang='lat' dir='ltr'><strong>adniten-</strong></span> <span class='ocrx_word' id='word_1_25' title='bbox 2213 516 2256 583; x_wconf 86' lang='lat'>5</span> 
     </span>
     <span class='ocr_line' id='line_1_5' title="bbox 237 603 2182 684; baseline 0 -19"><span class='ocrx_word' id='word_1_26' title='bbox 237 604 408 665; x_wconf 82' lang='lat' dir='ltr'><strong>tibus</strong></span> <span class='ocrx_word' id='word_1_27' title='bbox 441 605 712 673; x_wconf 86' lang='lat' dir='ltr'><strong>cunctis,</strong></span> <span class='ocrx_word' id='word_1_28' title='bbox 772 605 872 681; x_wconf 89' lang='lat' dir='ltr'><strong>qui</strong></span> <span class='ocrx_word' id='word_1_29' title='bbox 903 603 1222 664; x_wconf 81' lang='lat' dir='ltr'><strong>Alexandri</strong></span> <span class='ocrx_word' id='word_1_30' title='bbox 1279 606 1600 684; x_wconf 90' lang='lat' dir='ltr'><strong>imperium</strong></span> <span class='ocrx_word' id='word_1_31' title='bbox 1661 606 1836 665; x_wconf 89' lang='lat' dir='ltr'><strong>etiam</strong></span> <span class='ocrx_word' id='word_1_32' title='bbox 1879 606 1944 665; x_wconf 90' lang='lat' dir='ltr'><strong>in</strong></span> <span class='ocrx_word' id='word_1_33' title='bbox 1983 606 2182 667; x_wconf 78' lang='lat' dir='ltr'><strong>Africa</strong></span> 
     </span>
    </p>

    <p class='ocr_par' dir='ltr' id='par_1_4' title="bbox 181 688 2250 1109">
     <span class='ocr_line' id='line_1_6' title="bbox 181 688 2179 770; baseline 0.003 -25"><span class='ocrx_word' id='word_1_34' title='bbox 181 705 213 745; x_wconf 83' lang='lat'>5</span> <span class='ocrx_word' id='word_1_35' title='bbox 241 688 476 750; x_wconf 88' lang='lat' dir='ltr'><strong>clarum</strong></span> <span class='ocrx_word' id='word_1_36' title='bbox 505 707 617 769; x_wconf 92' lang='lat' dir='ltr'><strong>per</strong></span> <span class='ocrx_word' id='word_1_37' title='bbox 648 688 1025 769; x_wconf 85' lang='lat' dir='ltr'>proconsulis</span> <span class='ocrx_word' id='word_1_38' title='bbox 1057 688 1405 767; x_wconf 89' lang='lat' dir='ltr'><strong>dignitatem</strong></span> <span class='ocrx_word' id='word_1_39' title='bbox 1435 689 1646 751; x_wconf 87' lang='lat' dir='ltr'><strong>haberi</strong></span> <span class='ocrx_word' id='word_1_40' title='bbox 1687 697 1864 770; x_wconf 89' lang='lat' dir='ltr'><strong>atque</strong></span> <span class='ocrx_word' id='word_1_41' title='bbox 1911 707 2044 751; x_wconf 87' lang='lat' dir='ltr'><strong>esse</strong></span> <span class='ocrx_word' id='word_1_42' title='bbox 2073 708 2179 751; x_wconf 92' lang='lat' dir='ltr'><strong>uo-</strong></span> 
     </span>
     <span class='ocr_line' id='line_1_7' title="bbox 238 772 2249 855; baseline -0.001 -20"><span class='ocrx_word' id='word_1_43' title='bbox 238 776 502 848; x_wconf 85' lang='lat' dir='ltr'><strong>luerunt.</strong></span> <span class='ocrx_word' id='word_1_44' title='bbox 590 774 764 835; x_wconf 81' lang='lat' dir='ltr'><strong>Extat</strong></span> <span class='ocrx_word' id='word_1_45' title='bbox 822 772 1075 853; x_wconf 83' lang='lat' dir='ltr'><strong>epistula</strong></span> <span class='ocrx_word' id='word_1_46' title='bbox 1132 776 1323 853; x_wconf 88' lang='lat' dir='ltr'><strong>ipsius</strong></span> <span class='ocrx_word' id='word_1_47' title='bbox 1364 773 1710 846; x_wconf 84' lang='lat' dir='ltr'><strong>Alexandri,</strong></span> <span class='ocrx_word' id='word_1_48' title='bbox 1773 794 1889 855; x_wconf 90' lang='lat' dir='ltr'><strong>qua</strong></span> <span class='ocrx_word' id='word_1_49' title='bbox 1951 776 2183 836; x_wconf 90' lang='lat' dir='ltr'><strong>senatui</strong></span> <span class='ocrx_word' id='word_1_50' title='bbox 2217 786 2249 833; x_wconf 84' lang='lat'><strong>2</strong></span> 
     </span>
     <span class='ocr_line' id='line_1_8' title="bbox 238 858 2179 940; baseline 0.001 -20"><span class='ocrx_word' id='word_1_51' title='bbox 238 861 469 939; x_wconf 84' lang='lat' dir='ltr'><strong>gratias</strong></span> <span class='ocrx_word' id='word_1_52' title='bbox 500 861 638 937; x_wconf 85' lang='lat' dir='ltr'><strong>agit,</strong></span> <span class='ocrx_word' id='word_1_53' title='bbox 704 858 862 935; x_wconf 91' lang='lat' dir='ltr'><strong>quod</strong></span> <span class='ocrx_word' id='word_1_54' title='bbox 896 860 1263 920; x_wconf 84' lang='lat' dir='ltr'><strong>Gordianum</strong></span> <span class='ocrx_word' id='word_1_55' title='bbox 1305 860 1378 921; x_wconf 88' lang='lat' dir='ltr'><strong>ad</strong></span> <span class='ocrx_word' id='word_1_56' title='bbox 1435 861 1695 921; x_wconf 80' lang='lat' dir='ltr'><strong>Africam</strong></span> <span class='ocrx_word' id='word_1_57' title='bbox 1754 860 2179 940; x_wconf 80' lang='lat' dir='ltr'><strong>proconsulem</strong></span> 
     </span>
     <span class='ocr_line' id='line_1_9' title="bbox 240 943 2250 1024; baseline -0.001 -19"><span class='ocrx_word' id='word_1_58' title='bbox 240 946 659 1006; x_wconf 80' lang='lat' dir='ltr'><strong>destinauerit.</strong></span> <span class='ocrx_word' id='word_1_59' title='bbox 738 946 909 1004; x_wconf 88' lang='lat' dir='ltr'><strong>cuius</strong></span> <span class='ocrx_word' id='word_1_60' title='bbox 950 944 1079 1005; x_wconf 90' lang='lat' dir='ltr'><strong>hoc·</strong></span> <span class='ocrx_word' id='word_1_61' title='bbox 1108 943 1445 1024; x_wconf 86' lang='lat' dir='ltr'><strong>exemplum</strong></span> <span class='ocrx_word' id='word_1_62' title='bbox 1491 953 1610 1005; x_wconf 89' lang='lat' dir='ltr'><strong>est:</strong></span> <span class='ocrx_word' id='word_1_63' title='bbox 1673 945 1922 1023; x_wconf 87' lang='lat' dir='ltr'><strong>„Neque</strong></span> <span class='ocrx_word' id='word_1_64' title='bbox 1952 948 2180 1023; x_wconf 89' lang='lat' dir='ltr'><strong>gratius</strong></span> <span class='ocrx_word' id='word_1_65' title='bbox 2217 956 2250 1003; x_wconf 86' lang='lat'><strong>3</strong></span> 
     </span>
     <span class='ocr_line' id='line_1_10' title="bbox 238 1029 2179 1109; baseline 0.001 -18"><span class='ocrx_word' id='word_1_66' title='bbox 238 1030 393 1091; x_wconf 88' lang='lat' dir='ltr'><strong>mihi</strong></span> <span class='ocrx_word' id='word_1_67' title='bbox 454 1032 772 1107; x_wconf 82' lang='lat' dir='ltr'><strong>quicquam</strong></span> <span class='ocrx_word' id='word_1_68' title='bbox 828 1048 885 1109; x_wconf 86' lang='lat' dir='ltr'><strong>p.</strong></span> <span class='ocrx_word' id='word_1_69' title='bbox 935 1048 983 1090; x_wconf 93' lang='lat' dir='ltr'><strong>c.</strong></span> <span class='ocrx_word' id='word_1_70' title='bbox 1033 1046 1230 1107; x_wconf 91' lang='lat' dir='ltr'><strong>neque</strong></span> <span class='ocrx_word' id='word_1_71' title='bbox 1290 1029 1524 1089; x_wconf 91' lang='lat' dir='ltr'><strong>dulcius</strong></span> <span class='ocrx_word' id='word_1_72' title='bbox 1583 1032 1860 1109; x_wconf 87' lang='lat' dir='ltr'><strong>potuistis</strong></span> <span class='ocrx_word' id='word_1_73' title='bbox 1923 1032 2179 1100; x_wconf 85' lang='lat' dir='ltr'><strong>efficere,</strong></span> 
     </span>
    </p>

    <p class='ocr_par' dir='ltr' id='par_1_5' title="bbox 154 1114 2249 1536">
     <span class='ocr_line' id='line_1_11' title="bbox 154 1114 2182 1194; baseline 0.001 -20"><span class='ocrx_word' id='word_1_74' title='bbox 154 1135 213 1175; x_wconf 86' lang='lat'><strong>10</strong></span> <span class='ocrx_word' id='word_1_75' title='bbox 244 1133 428 1193; x_wconf 89' lang='lat' dir='ltr'><strong>quam</strong></span> <span class='ocrx_word' id='word_1_76' title='bbox 469 1121 537 1175; x_wconf 89' lang='lat' dir='ltr'><strong>ut</strong></span> <span class='ocrx_word' id='word_1_77' title='bbox 564 1116 927 1175; x_wconf 84' lang='lat' dir='ltr'><strong>Antoninum</strong></span> <span class='ocrx_word' id='word_1_78' title='bbox 961 1114 1331 1178; x_wconf 85' lang='lat' dir='ltr'><strong>Gordianum</strong></span> <span class='ocrx_word' id='word_1_79' title='bbox 1359 1114 1784 1194; x_wconf 86' lang='lat' dir='ltr'><strong>proconsulem</strong></span> <span class='ocrx_word' id='word_1_80' title='bbox 1816 1116 1889 1176; x_wconf 89' lang='lat' dir='ltr'><strong>ad</strong></span> <span class='ocrx_word' id='word_1_81' title='bbox 1918 1116 2182 1177; x_wconf 88' lang='lat' dir='ltr'><strong>Africam</strong></span> 
     </span>
     <span class='ocr_line' id='line_1_12' title="bbox 240 1199 2182 1278; baseline 0 -17"><span class='ocrx_word' id='word_1_82' title='bbox 240 1201 585 1270; x_wconf 88' lang='lat' dir='ltr'><strong>mitteretis,</strong></span> <span class='ocrx_word' id='word_1_83' title='bbox 618 1201 817 1260; x_wconf 89' lang='lat' dir='ltr'><strong>uirum</strong></span> <span class='ocrx_word' id='word_1_84' title='bbox 847 1199 1115 1260; x_wconf 88' lang='lat' dir='ltr'><strong>nobilem</strong></span> <span class='ocrx_word' id='word_1_85' title='bbox 1160 1202 1606 1278; x_wconf 86' lang='lat' dir='ltr'><strong>magnanimum</strong></span> <span class='ocrx_word' id='word_1_86' title='bbox 1639 1200 1927 1261; x_wconf 89' lang='lat' dir='ltr'><strong>disertum</strong></span> <span class='ocrx_word' id='word_1_87' title='bbox 1956 1203 2182 1262; x_wconf 91' lang='lat' dir='ltr'><strong>iustum</strong></span> 
     </span>
     <span class='ocr_line' id='line_1_13' title="bbox 243 1283 2249 1366; baseline 0 -19"><span class='ocrx_word' id='word_1_88' title='bbox 243 1286 658 1347; x_wconf 87' lang='lat' dir='ltr'><strong>continentem</strong></span> <span class='ocrx_word' id='word_1_89' title='bbox 689 1283 963 1345; x_wconf 87' lang='lat' dir='ltr'><strong>bonum“</strong></span> <span class='ocrx_word' id='word_1_90' title='bbox 1002 1292 1062 1346; x_wconf 90' lang='lat' dir='ltr'><strong>et</strong></span> <span class='ocrx_word' id='word_1_91' title='bbox 1100 1284 1354 1362; x_wconf 87' lang='lat' dir='ltr'><strong>reliqua.</strong></span> <span class='ocrx_word' id='word_1_92' title='bbox 1434 1304 1507 1346; x_wconf 81' lang='lat' dir='ltr'><strong>ex</strong></span> <span class='ocrx_word' id='word_1_93' title='bbox 1537 1302 1655 1363; x_wconf 89' lang='lat' dir='ltr'><strong>quo</strong></span> <span class='ocrx_word' id='word_1_94' title='bbox 1687 1285 1956 1365; x_wconf 82' lang='lat' dir='ltr'><strong>adparet,</strong></span> <span class='ocrx_word' id='word_1_95' title='bbox 1990 1304 2176 1366; x_wconf 85' lang='lat' dir='ltr'><strong>quan-</strong></span> <span class='ocrx_word' id='word_1_96' title='bbox 2215 1300 2249 1347; x_wconf 88' lang='lat'><strong>4</strong></span> 
     </span>
     <span class='ocr_line' id='line_1_14' title="bbox 245 1370 2249 1450; baseline 0 -18"><span class='ocrx_word' id='word_1_97' title='bbox 245 1381 345 1432; x_wconf 85' lang='lat' dir='ltr'><strong>tus</strong></span> <span class='ocrx_word' id='word_1_98' title='bbox 376 1372 471 1432; x_wconf 91' lang='lat' dir='ltr'><strong>uir</strong></span> <span class='ocrx_word' id='word_1_99' title='bbox 505 1388 575 1431; x_wconf 89' lang='lat' dir='ltr'><strong>eo</strong></span> <span class='ocrx_word' id='word_1_100' title='bbox 604 1378 880 1450; x_wconf 87' lang='lat' dir='ltr'><strong>tempore</strong></span> <span class='ocrx_word' id='word_1_101' title='bbox 912 1370 1251 1431; x_wconf 86' lang='lat' dir='ltr'><strong>Gordianus</strong></span> <span class='ocrx_word' id='word_1_102' title='bbox 1281 1372 1481 1432; x_wconf 84' lang='lat' dir='ltr'><strong>fuerit.</strong></span> <span class='ocrx_word' id='word_1_103' title='bbox 1531 1378 1762 1433; x_wconf 88' lang='lat' dir='ltr'><strong>amatus</strong></span> <span class='ocrx_word' id='word_1_104' title='bbox 1793 1378 1884 1431; x_wconf 90' lang='lat' dir='ltr'><strong>est</strong></span> <span class='ocrx_word' id='word_1_105' title='bbox 1917 1371 1989 1432; x_wconf 91' lang='lat' dir='ltr'><strong>ab</strong></span> <span class='ocrx_word' id='word_1_106' title='bbox 2020 1372 2178 1433; x_wconf 78' lang='lat' dir='ltr'><strong>Afris</strong></span> <span class='ocrx_word' id='word_1_107' title='bbox 2216 1384 2249 1433; x_wconf 85' lang='lat'>5</span> 
     </span>
     <span class='ocr_line' id='line_1_15' title="bbox 238 1455 2179 1536; baseline -0.001 -18"><span class='ocrx_word' id='word_1_108' title='bbox 238 1460 345 1526; x_wconf 90' lang='lat' dir='ltr'><strong>ita,</strong></span> <span class='ocrx_word' id='word_1_109' title='bbox 381 1464 449 1518; x_wconf 89' lang='lat' dir='ltr'><strong>ut</strong></span> <span class='ocrx_word' id='word_1_110' title='bbox 476 1474 657 1515; x_wconf 88' lang='lat' dir='ltr'><strong>nemo</strong></span> <span class='ocrx_word' id='word_1_111' title='bbox 706 1462 878 1517; x_wconf 88' lang='lat' dir='ltr'><strong>antea</strong></span> <span class='ocrx_word' id='word_1_112' title='bbox 906 1455 1366 1535; x_wconf 87' lang='lat' dir='ltr'><strong>proconsulum,</strong></span> <span class='ocrx_word' id='word_1_113' title='bbox 1399 1458 1482 1517; x_wconf 89' lang='lat' dir='ltr'><strong>ita</strong></span> <span class='ocrx_word' id='word_1_114' title='bbox 1533 1463 1602 1517; x_wconf 91' lang='lat' dir='ltr'><strong>ut</strong></span> <span class='ocrx_word' id='word_1_115' title='bbox 1633 1475 1771 1517; x_wconf 90' lang='lat' dir='ltr'><strong>eum</strong></span> <span class='ocrx_word' id='word_1_116' title='bbox 1822 1456 1922 1517; x_wconf 88' lang='lat' dir='ltr'><strong>alii</strong></span> <span class='ocrx_word' id='word_1_117' title='bbox 1953 1457 2179 1536; x_wconf 84' lang='lat' dir='ltr'><strong>Scipio-</strong></span> 
     </span>
    </p>

    <p class='ocr_par' dir='ltr' id='par_1_6' title="bbox 160 1539 2248 1961">
     <span class='ocr_line' id='line_1_16' title="bbox 160 1539 2178 1611; baseline 0.001 -11"><span class='ocrx_word' id='word_1_118' title='bbox 160 1561 215 1602; x_wconf 85' lang='lat'><strong>15</strong></span> <span class='ocrx_word' id='word_1_119' title='bbox 242 1560 409 1611; x_wconf 88' lang='lat' dir='ltr'><strong>nem,</strong></span> <span class='ocrx_word' id='word_1_120' title='bbox 444 1542 729 1603; x_wconf 89' lang='lat' dir='ltr'><strong>Catonem</strong></span> <span class='ocrx_word' id='word_1_121' title='bbox 773 1540 904 1611; x_wconf 91' lang='lat' dir='ltr'><strong>alii,</strong></span> <span class='ocrx_word' id='word_1_122' title='bbox 948 1539 1119 1602; x_wconf 88' lang='lat' dir='ltr'><strong>multi</strong></span> <span class='ocrx_word' id='word_1_123' title='bbox 1156 1542 1418 1601; x_wconf 90' lang='lat' dir='ltr'><strong>Mucium</strong></span> <span class='ocrx_word' id='word_1_124' title='bbox 1459 1560 1528 1602; x_wconf 89' lang='lat' dir='ltr'><strong>ac</strong></span> <span class='ocrx_word' id='word_1_125' title='bbox 1556 1542 1844 1603; x_wconf 88' lang='lat' dir='ltr'><strong>Rutilium</strong></span> <span class='ocrx_word' id='word_1_126' title='bbox 1888 1549 1992 1602; x_wconf 91' lang='lat' dir='ltr'><strong>aut</strong></span> <span class='ocrx_word' id='word_1_127' title='bbox 2034 1542 2178 1603; x_wconf 88' lang='lat' dir='ltr'><strong>Lae-</strong></span> 
     </span>
     <span class='ocr_line' id='line_1_17' title="bbox 242 1625 2248 1705; baseline 0 -18"><span class='ocrx_word' id='word_1_128' title='bbox 242 1627 395 1689; x_wconf 90' lang='lat' dir='ltr'><strong>lium</strong></span> <span class='ocrx_word' id='word_1_129' title='bbox 424 1627 714 1687; x_wconf 84' lang='lat' dir='ltr'><strong>dicerent.</strong></span> <span class='ocrx_word' id='word_1_130' title='bbox 794 1633 955 1688; x_wconf 86' lang='lat' dir='ltr'><strong>extat</strong></span> <span class='ocrx_word' id='word_1_131' title='bbox 996 1646 1209 1688; x_wconf 87' lang='lat' dir='ltr'><strong>eorum</strong></span> <span class='ocrx_word' id='word_1_132' title='bbox 1238 1625 1619 1697; x_wconf 86' lang='lat' dir='ltr'><strong>adclamatio,</strong></span> <span class='ocrx_word' id='word_1_133' title='bbox 1667 1644 1818 1705; x_wconf 85' lang='lat' dir='ltr'><strong>quae</strong></span> <span class='ocrx_word' id='word_1_134' title='bbox 1858 1646 1890 1688; x_wconf 98' lang='lat' dir='ltr'><strong>a</strong></span> <span class='ocrx_word' id='word_1_135' title='bbox 1921 1628 2088 1687; x_wconf 88' lang='lat' dir='ltr'><strong>Iunio</strong></span> <span class='ocrx_word' id='word_1_136' title='bbox 2119 1628 2181 1687; x_wconf 90' lang='lat' dir='ltr'><strong>in</strong></span> <span class='ocrx_word' id='word_1_137' title='bbox 2217 1640 2248 1688; x_wconf 88' lang='lat'>6</span> 
     </span>
     <span class='ocr_line' id='line_1_18' title="bbox 242 1711 2247 1792; baseline 0.001 -19"><span class='ocrx_word' id='word_1_138' title='bbox 242 1713 465 1773; x_wconf 87' lang='lat' dir='ltr'><strong>litteris</strong></span> <span class='ocrx_word' id='word_1_139' title='bbox 492 1711 681 1772; x_wconf 89' lang='lat' dir='ltr'><strong>relata</strong></span> <span class='ocrx_word' id='word_1_140' title='bbox 718 1719 825 1773; x_wconf 86' lang='lat' dir='ltr'><strong>est.</strong></span> <span class='ocrx_word' id='word_1_141' title='bbox 903 1729 1041 1772; x_wconf 89' lang='lat' dir='ltr'><strong>nam</strong></span> <span class='ocrx_word' id='word_1_142' title='bbox 1084 1730 1219 1773; x_wconf 92' lang='lat' dir='ltr'><strong>cum</strong></span> <span class='ocrx_word' id='word_1_143' title='bbox 1249 1712 1503 1791; x_wconf 88' lang='lat' dir='ltr'><strong>quadam</strong></span> <span class='ocrx_word' id='word_1_144' title='bbox 1545 1712 1639 1773; x_wconf 90' lang='lat' dir='ltr'><strong>die</strong></span> <span class='ocrx_word' id='word_1_145' title='bbox 1669 1714 1896 1774; x_wconf 80' lang='lat' dir='ltr'><strong>factum·</strong></span> <span class='ocrx_word' id='word_1_146' title='bbox 1920 1714 2179 1792; x_wconf 89' lang='lat' dir='ltr'><strong>impera·</strong></span> <span class='ocrx_word' id='word_1_147' title='bbox 2217 1727 2247 1775; x_wconf 80' lang='lat'>7</span> 
     </span>
     <span class='ocr_line' id='line_1_19' title="bbox 242 1796 2179 1877; baseline -0.001 -17"><span class='ocrx_word' id='word_1_148' title='bbox 242 1800 468 1860; x_wconf 90' lang='lat' dir='ltr'><strong>torium</strong></span> <span class='ocrx_word' id='word_1_149' title='bbox 498 1796 729 1875; x_wconf 89' lang='lat' dir='ltr'><strong>legeret</strong></span> <span class='ocrx_word' id='word_1_150' title='bbox 767 1804 941 1875; x_wconf 87' lang='lat' dir='ltr'><strong>atque</strong></span> <span class='ocrx_word' id='word_1_151' title='bbox 974 1815 1008 1857; x_wconf 89' lang='lat' dir='ltr'><strong>a</strong></span> <span class='ocrx_word' id='word_1_152' title='bbox 1036 1797 1502 1876; x_wconf 82' lang='lat' dir='ltr'><strong>proconsulibus</strong></span> <span class='ocrx_word' id='word_1_153' title='bbox 1533 1797 1912 1877; x_wconf 86' lang='lat' dir='ltr'><strong>Scipionibus</strong></span> <span class='ocrx_word' id='word_1_154' title='bbox 1941 1799 2179 1876; x_wconf 88' lang='lat' dir='ltr'><strong>coepis-</strong></span> 
     </span>
     <span class='ocr_line' id='line_1_20' title="bbox 243 1880 2177 1961; baseline -0.001 -17"><span class='ocrx_word' id='word_1_155' title='bbox 243 1880 785 1953; x_wconf 81' lang='lat' dir='ltr'><strong>set,&#39;adclamatum</strong></span> <span class='ocrx_word' id='word_1_156' title='bbox 817 1890 934 1943; x_wconf 87' lang='lat' dir='ltr'><strong>est:</strong></span> <span class='ocrx_word' id='word_1_157' title='bbox 965 1883 1178 1952; x_wconf 88' lang='lat' dir='ltr'><strong>„Nouo</strong></span> <span class='ocrx_word' id='word_1_158' title='bbox 1212 1883 1494 1961; x_wconf 91' lang='lat' dir='ltr'><strong>Scipioni,</strong></span> <span class='ocrx_word' id='word_1_159' title='bbox 1530 1901 1676 1943; x_wconf 90' lang='lat' dir='ltr'><strong>uero</strong></span> <span class='ocrx_word' id='word_1_160' title='bbox 1710 1883 1994 1961; x_wconf 89' lang='lat' dir='ltr'><strong>Scipioni,</strong></span> <span class='ocrx_word' id='word_1_161' title='bbox 2029 1885 2177 1944; x_wconf 85' lang='lat' dir='ltr'><strong>Gor-</strong></span> 
     </span>
    </p>

    <p class='ocr_par' dir='ltr' id='par_1_7' title="bbox 164 1966 1935 2051">
     <span class='ocr_line' id='line_1_21' title="bbox 164 1966 1935 2051; baseline -0.001 -23"><span class='ocrx_word' id='word_1_162' title='bbox 164 1990 217 2029; x_wconf 83' lang='lat'><strong>20</strong></span> <span class='ocrx_word' id='word_1_163' title='bbox 245 1969 426 2030; x_wconf 90' lang='lat' dir='ltr'><strong>diano</strong></span> <span class='ocrx_word' id='word_1_164' title='bbox 456 1966 869 2047; x_wconf 87' lang='lat' dir='ltr'><strong>proconsuli.“</strong></span> <span class='ocrx_word' id='word_1_165' title='bbox 901 1967 1048 2029; x_wconf 89' lang='lat' dir='ltr'><strong>haec</strong></span> <span class='ocrx_word' id='word_1_166' title='bbox 1080 1975 1140 2051; x_wconf 87' lang='lat' dir='ltr'><strong>et</strong></span> <span class='ocrx_word' id='word_1_167' title='bbox 1169 1967 1284 2029; x_wconf 87' lang='lat' dir='ltr'><strong>alia</strong></span> <span class='ocrx_word' id='word_1_168' title='bbox 1312 1969 1662 2047; x_wconf 85' lang='lat' dir='ltr'><strong>frequenter</strong></span> <span class='ocrx_word' id='word_1_169' title='bbox 1693 1968 1935 2029; x_wconf 88' lang='lat' dir='ltr'><strong>audiuit.</strong></span> 
     </span>
    </p>

    <p class='ocr_par' dir='ltr' id='par_1_8' title="bbox 244 2052 2253 2387">
     <span class='ocr_line' id='line_1_22' title="bbox 376 2052 2253 2131; baseline -0.002 -17"><span class='ocrx_word' id='word_1_170' title='bbox 376 2054 451 2114; x_wconf 86' lang='lat' dir='ltr'><strong>Et</strong></span> <span class='ocrx_word' id='word_1_171' title='bbox 496 2060 627 2114; x_wconf 88' lang='lat' dir='ltr'><strong>erat</strong></span> <span class='ocrx_word' id='word_1_172' title='bbox 668 2053 907 2131; x_wconf 92' lang='lat' dir='ltr'><strong>quidem</strong></span> <span class='ocrx_word' id='word_1_173' title='bbox 949 2053 1320 2131; x_wconf 87' lang='lat' dir='ltr'><strong>longitudine</strong></span> <span class='ocrx_word' id='word_1_174' title='bbox 1368 2054 1653 2123; x_wconf 86' lang='lat' dir='ltr'><strong>Romana,</strong></span> <span class='ocrx_word' id='word_1_175' title='bbox 1705 2054 1920 2114; x_wconf 87' lang='lat' dir='ltr'><strong>canitie</strong></span> <span class='ocrx_word' id='word_1_176' title='bbox 1962 2052 2180 2112; x_wconf 89' lang='lat' dir='ltr'><strong>decora</strong></span> <span class='ocrx_word' id='word_1_177' title='bbox 2210 2053 2253 2117; x_wconf 87' lang='lat'>6</span> 
     </span>
     <span class='ocr_line' id='line_1_23' title="bbox 247 2136 2180 2219; baseline -0.002 -19"><span class='ocrx_word' id='word_1_178' title='bbox 247 2147 309 2201; x_wconf 93' lang='lat' dir='ltr'><strong>et</strong></span> <span class='ocrx_word' id='word_1_179' title='bbox 337 2136 604 2219; x_wconf 90' lang='lat' dir='ltr'><strong>pompali</strong></span> <span class='ocrx_word' id='word_1_180' title='bbox 638 2137 827 2208; x_wconf 76' lang='lat' dir='ltr'><strong>uuita,</strong></span> <span class='ocrx_word' id='word_1_181' title='bbox 859 2138 1044 2199; x_wconf 88' lang='lat' dir='ltr'><strong>ruber</strong></span> <span class='ocrx_word' id='word_1_182' title='bbox 1076 2140 1265 2217; x_wconf 89' lang='lat' dir='ltr'><strong>magis</strong></span> <span class='ocrx_word' id='word_1_183' title='bbox 1297 2155 1473 2215; x_wconf 91' lang='lat' dir='ltr'><strong>quam</strong></span> <span class='ocrx_word' id='word_1_184' title='bbox 1498 2138 1810 2207; x_wconf 78' lang='lat' dir='ltr'><strong>candiduS,</strong></span> <span class='ocrx_word' id='word_1_185' title='bbox 1843 2138 1994 2197; x_wconf 88' lang='lat' dir='ltr'><strong>facie</strong></span> <span class='ocrx_word' id='word_1_186' title='bbox 2024 2136 2180 2198; x_wconf 86' lang='lat' dir='ltr'><strong>bene</strong></span> 
     </span>
     <span class='ocr_line' id='line_1_24' title="bbox 244 2221 2178 2303; baseline -0.001 -19"><span class='ocrx_word' id='word_1_187' title='bbox 244 2224 383 2293; x_wconf 87' lang='lat' dir='ltr'><strong>lata,</strong></span> <span class='ocrx_word' id='word_1_188' title='bbox 417 2222 605 2285; x_wconf 91' lang='lat' dir='ltr'><strong>oculis</strong></span> <span class='ocrx_word' id='word_1_189' title='bbox 648 2242 753 2285; x_wconf 90' lang='lat' dir='ltr'><strong>ore</strong></span> <span class='ocrx_word' id='word_1_190' title='bbox 782 2225 983 2285; x_wconf 80' lang='lat' dir='ltr'><strong>fronte</strong></span> <span class='ocrx_word' id='word_1_191' title='bbox 1010 2223 1332 2284; x_wconf 69' lang='lat' dir='ltr'><strong>uerendus</strong></span> <span class='ocrx_word' id='word_1_192' title='bbox 1411 2225 1683 2303; x_wconf 90' lang='lat' dir='ltr'><strong>corporis</strong></span> <span class='ocrx_word' id='word_1_193' title='bbox 1727 2221 2007 2300; x_wconf 81' lang='lat' dir='ltr'><strong>qualitate</strong></span> <span class='ocrx_word' id='word_1_194' title='bbox 2037 2222 2178 2283; x_wconf 87' lang='lat' dir='ltr'><strong>sub-</strong></span> 
     </span>
     <span class='ocr_line' id='line_1_25' title="bbox 246 2308 2247 2387; baseline 0 -17"><span class='ocrx_word' id='word_1_195' title='bbox 246 2309 570 2372; x_wconf 88' lang='lat' dir='ltr'><strong>crassulus.</strong></span> <span class='ocrx_word' id='word_1_196' title='bbox 645 2308 917 2387; x_wconf 87' lang='lat' dir='ltr'><strong>moribus</strong></span> <span class='ocrx_word' id='word_1_197' title='bbox 958 2310 1038 2370; x_wconf 88' lang='lat' dir='ltr'><strong>ita</strong></span> <span class='ocrx_word' id='word_1_198' title='bbox 1070 2309 1416 2370; x_wconf 88' lang='lat' dir='ltr'><strong>moderatus</strong></span> <span class='ocrx_word' id='word_1_199' title='bbox 1457 2316 1523 2369; x_wconf 92' lang='lat' dir='ltr'><strong>ut</strong></span> <span class='ocrx_word' id='word_1_200' title='bbox 1551 2308 1700 2369; x_wconf 89' lang='lat' dir='ltr'><strong>nihil</strong></span> <span class='ocrx_word' id='word_1_201' title='bbox 1729 2309 1928 2387; x_wconf 88' lang='lat' dir='ltr'><strong>possis</strong></span> <span class='ocrx_word' id='word_1_202' title='bbox 1958 2308 2176 2378; x_wconf 87' lang='lat' dir='ltr'><strong>dicere,</strong></span> <span class='ocrx_word' id='word_1_203' title='bbox 2215 2323 2247 2371; x_wconf 82' lang='lat'>2</span> 
     </span>
    </p>

    <p class='ocr_par' dir='ltr' id='par_1_9' title="bbox 162 2393 2250 2814">
     <span class='ocr_line' id='line_1_26' title="bbox 162 2393 2177 2475; baseline -0.002 -18"><span class='ocrx_word' id='word_1_204' title='bbox 162 2418 217 2459; x_wconf 79' lang='lat'><strong>25</strong></span> <span class='ocrx_word' id='word_1_205' title='bbox 248 2396 411 2475; x_wconf 92' lang='lat' dir='ltr'><strong>quod</strong></span> <span class='ocrx_word' id='word_1_206' title='bbox 470 2393 572 2455; x_wconf 88' lang='lat' dir='ltr'><strong>ille</strong></span> <span class='ocrx_word' id='word_1_207' title='bbox 633 2401 733 2455; x_wconf 91' lang='lat' dir='ltr'><strong>aut</strong></span> <span class='ocrx_word' id='word_1_208' title='bbox 790 2395 1005 2473; x_wconf 89' lang='lat' dir='ltr'><strong>cupide</strong></span> <span class='ocrx_word' id='word_1_209' title='bbox 1065 2401 1167 2455; x_wconf 90' lang='lat' dir='ltr'><strong>aut</strong></span> <span class='ocrx_word' id='word_1_210' title='bbox 1222 2394 1560 2455; x_wconf 88' lang='lat' dir='ltr'><strong>inmodeste</strong></span> <span class='ocrx_word' id='word_1_211' title='bbox 1601 2401 1705 2455; x_wconf 88' lang='lat' dir='ltr'><strong>aut</strong></span> <span class='ocrx_word' id='word_1_212' title='bbox 1735 2393 1915 2454; x_wconf 90' lang='lat' dir='ltr'><strong>nimie</strong></span> <span class='ocrx_word' id='word_1_213' title='bbox 1944 2394 2177 2453; x_wconf 86' lang='lat' dir='ltr'><strong>fecerit.</strong></span> 
     </span>
     <span class='ocr_line' id='line_1_27' title="bbox 244 2478 2248 2559; baseline 0.001 -18"><span class='ocrx_word' id='word_1_214' title='bbox 244 2480 520 2542; x_wconf 81' lang='lat' dir='ltr'><strong>adfectus</strong></span> <span class='ocrx_word' id='word_1_215' title='bbox 581 2498 720 2540; x_wconf 89' lang='lat' dir='ltr'><strong>suos</strong></span> <span class='ocrx_word' id='word_1_216' title='bbox 779 2482 955 2543; x_wconf 89' lang='lat' dir='ltr'><strong>unice</strong></span> <span class='ocrx_word' id='word_1_217' title='bbox 1015 2479 1251 2551; x_wconf 86' lang='lat' dir='ltr'><strong>dilexit,</strong></span> <span class='ocrx_word' id='word_1_218' title='bbox 1313 2479 1502 2540; x_wconf 84' lang='lat' dir='ltr'><strong>filium</strong></span> <span class='ocrx_word' id='word_1_219' title='bbox 1561 2488 1620 2541; x_wconf 91' lang='lat' dir='ltr'><strong>et</strong></span> <span class='ocrx_word' id='word_1_220' title='bbox 1677 2486 1960 2559; x_wconf 87' lang='lat' dir='ltr'><strong>nepotem</strong></span> <span class='ocrx_word' id='word_1_221' title='bbox 2019 2478 2179 2540; x_wconf 89' lang='lat' dir='ltr'><strong>ultra</strong></span> <span class='ocrx_word' id='word_1_222' title='bbox 2213 2494 2248 2543; x_wconf 83' lang='lat'><strong>3</strong></span> 
     </span>
     <span class='ocr_line' id='line_1_28' title="bbox 242 2563 2250 2645; baseline 0 -18"><span class='ocrx_word' id='word_1_223' title='bbox 242 2584 507 2637; x_wconf 89' lang='lat' dir='ltr'><strong>morem,</strong></span> <span class='ocrx_word' id='word_1_224' title='bbox 568 2564 749 2625; x_wconf 84' lang='lat' dir='ltr'><strong>filiam</strong></span> <span class='ocrx_word' id='word_1_225' title='bbox 811 2574 871 2625; x_wconf 86' lang='lat' dir='ltr'><strong>et</strong></span> <span class='ocrx_word' id='word_1_226' title='bbox 925 2572 1165 2645; x_wconf 89' lang='lat' dir='ltr'><strong>neptem</strong></span> <span class='ocrx_word' id='word_1_227' title='bbox 1224 2563 1524 2643; x_wconf 87' lang='lat' dir='ltr'><strong>religiose.</strong></span> <span class='ocrx_word' id='word_1_228' title='bbox 1653 2583 1864 2626; x_wconf 88' lang='lat' dir='ltr'><strong>socero</strong></span> <span class='ocrx_word' id='word_1_229' title='bbox 1912 2583 2019 2625; x_wconf 89' lang='lat' dir='ltr'><strong>suo</strong></span> <span class='ocrx_word' id='word_1_230' title='bbox 2060 2566 2178 2626; x_wconf 87' lang='lat' dir='ltr'><strong>An-</strong></span> <span class='ocrx_word' id='word_1_231' title='bbox 2213 2580 2250 2627; x_wconf 87' lang='lat'><strong>4</strong></span> 
     </span>
     <span class='ocr_line' id='line_1_29' title="bbox 244 2649 2181 2727; baseline -0.001 -16"><span class='ocrx_word' id='word_1_232' title='bbox 244 2653 347 2711; x_wconf 90' lang='lat' dir='ltr'><strong>nio</strong></span> <span class='ocrx_word' id='word_1_233' title='bbox 408 2650 638 2711; x_wconf 90' lang='lat' dir='ltr'><strong>Seuero</strong></span> <span class='ocrx_word' id='word_1_234' title='bbox 697 2657 927 2712; x_wconf 89' lang='lat' dir='ltr'><strong>tantum</strong></span> <span class='ocrx_word' id='word_1_235' title='bbox 986 2650 1223 2721; x_wconf 89' lang='lat' dir='ltr'><strong>detulit,</strong></span> <span class='ocrx_word' id='word_1_236' title='bbox 1299 2659 1364 2711; x_wconf 91' lang='lat' dir='ltr'><strong>ut</strong></span> <span class='ocrx_word' id='word_1_237' title='bbox 1431 2652 1494 2711; x_wconf 89' lang='lat' dir='ltr'><strong>in</strong></span> <span class='ocrx_word' id='word_1_238' title='bbox 1562 2649 1783 2711; x_wconf 86' lang='lat' dir='ltr'><strong>familia</strong></span> <span class='ocrx_word' id='word_1_239' title='bbox 1843 2651 1971 2711; x_wconf 89' lang='lat' dir='ltr'><strong>eius</strong></span> <span class='ocrx_word' id='word_1_240' title='bbox 2013 2652 2181 2727; x_wconf 84' lang='lat' dir='ltr'><strong>quasi</strong></span> 
     </span>
     <span class='ocr_line' id='line_1_30' title="bbox 244 2733 2178 2814; baseline -0.001 -17"><span class='ocrx_word' id='word_1_241' title='bbox 244 2736 435 2797; x_wconf 87' lang='lat' dir='ltr'><strong>filium</strong></span> <span class='ocrx_word' id='word_1_242' title='bbox 494 2737 787 2814; x_wconf 88' lang='lat' dir='ltr'><strong>migrasse</strong></span> <span class='ocrx_word' id='word_1_243' title='bbox 860 2754 925 2796; x_wconf 88' lang='lat' dir='ltr'><strong>se</strong></span> <span class='ocrx_word' id='word_1_244' title='bbox 995 2736 1300 2806; x_wconf 85' lang='lat' dir='ltr'><strong>crederet,</strong></span> <span class='ocrx_word' id='word_1_245' title='bbox 1374 2752 1700 2813; x_wconf 88' lang='lat' dir='ltr'><strong>numquam</strong></span> <span class='ocrx_word' id='word_1_246' title='bbox 1765 2752 1900 2795; x_wconf 92' lang='lat' dir='ltr'><strong>cum</strong></span> <span class='ocrx_word' id='word_1_247' title='bbox 1962 2753 2034 2794; x_wconf 89' lang='lat' dir='ltr'><strong>eo</strong></span> <span class='ocrx_word' id='word_1_248' title='bbox 2094 2733 2178 2795; x_wconf 88' lang='lat' dir='ltr'><strong>la-</strong></span> 
     </span>
    </p>

    <p class='ocr_par' dir='ltr' id='par_1_10' title="bbox 165 2820 2250 3156">
     <span class='ocr_line' id='line_1_31' title="bbox 165 2820 2176 2901; baseline -0.002 -18"><span class='ocrx_word' id='word_1_249' title='bbox 165 2844 217 2883; x_wconf 79' lang='lat' dir='ltr'><strong>ao</strong></span> <span class='ocrx_word' id='word_1_250' title='bbox 244 2824 423 2893; x_wconf 86' lang='lat' dir='ltr'><strong>uerit,</strong></span> <span class='ocrx_word' id='word_1_251' title='bbox 457 2838 781 2901; x_wconf 87' lang='lat' dir='ltr'><strong>numquam</strong></span> <span class='ocrx_word' id='word_1_252' title='bbox 811 2820 913 2881; x_wconf 87' lang='lat' dir='ltr'><strong>illo</strong></span> <span class='ocrx_word' id='word_1_253' title='bbox 972 2825 1297 2900; x_wconf 86' lang='lat' dir='ltr'><strong>praesente</strong></span> <span class='ocrx_word' id='word_1_254' title='bbox 1355 2820 1579 2881; x_wconf 89' lang='lat' dir='ltr'><strong>sederit</strong></span> <span class='ocrx_word' id='word_1_255' title='bbox 1638 2827 1774 2881; x_wconf 87' lang='lat' dir='ltr'><strong>ante</strong></span> <span class='ocrx_word' id='word_1_256' title='bbox 1812 2826 2176 2899; x_wconf 89' lang='lat' dir='ltr'><strong>praeturam.</strong></span> 
     </span>
     <span class='ocr_line' id='line_1_32' title="bbox 245 2906 2250 2985; baseline -0.002 -18"><span class='ocrx_word' id='word_1_257' title='bbox 245 2906 460 2969; x_wconf 89' lang='lat' dir='ltr'><strong>consul</strong></span> <span class='ocrx_word' id='word_1_258' title='bbox 492 2924 625 2967; x_wconf 92' lang='lat' dir='ltr'><strong>cum</strong></span> <span class='ocrx_word' id='word_1_259' title='bbox 659 2915 847 2975; x_wconf 91' lang='lat' dir='ltr'><strong>esset,</strong></span> <span class='ocrx_word' id='word_1_260' title='bbox 911 2913 1013 2967; x_wconf 87' lang='lat' dir='ltr'><strong>aut</strong></span> <span class='ocrx_word' id='word_1_261' title='bbox 1050 2906 1113 2965; x_wconf 90' lang='lat' dir='ltr'><strong>in</strong></span> <span class='ocrx_word' id='word_1_262' title='bbox 1161 2906 1336 2966; x_wconf 90' lang='lat' dir='ltr'><strong>domo</strong></span> <span class='ocrx_word' id='word_1_263' title='bbox 1381 2907 1509 2967; x_wconf 89' lang='lat' dir='ltr'><strong>eius</strong></span> <span class='ocrx_word' id='word_1_264' title='bbox 1540 2922 1781 2984; x_wconf 87' lang='lat' dir='ltr'><strong>semper</strong></span> <span class='ocrx_word' id='word_1_265' title='bbox 1808 2906 2028 2985; x_wconf 80' lang='lat' dir='ltr'><strong>mansit</strong></span> <span class='ocrx_word' id='word_1_266' title='bbox 2057 2910 2176 2974; x_wconf 90' lang='lat' dir='ltr'><strong>aut,</strong></span> <span class='ocrx_word' id='word_1_267' title='bbox 2216 2921 2250 2969; x_wconf 83' lang='lat'>5</span> 
     </span>
     <span class='ocr_line' id='line_1_33' title="bbox 248 2989 2176 3071; baseline -0.002 -18"><span class='ocrx_word' id='word_1_268' title='bbox 248 2994 392 3053; x_wconf 90' lang='lat' dir='ltr'><strong>siin</strong></span> <span class='ocrx_word' id='word_1_269' title='bbox 424 2992 790 3071; x_wconf 86' lang='lat' dir='ltr'><strong>Pompeiana</strong></span> <span class='ocrx_word' id='word_1_270' title='bbox 820 2991 1014 3062; x_wconf 91' lang='lat' dir='ltr'><strong>domo,</strong></span> <span class='ocrx_word' id='word_1_271' title='bbox 1061 2990 1135 3051; x_wconf 92' lang='lat' dir='ltr'><strong>ad</strong></span> <span class='ocrx_word' id='word_1_272' title='bbox 1175 2989 1344 3051; x_wconf 91' lang='lat' dir='ltr'><strong>illum</strong></span> <span class='ocrx_word' id='word_1_273' title='bbox 1387 2990 1489 3051; x_wconf 89' lang='lat' dir='ltr'><strong>uel</strong></span> <span class='ocrx_word' id='word_1_274' title='bbox 1530 3008 1707 3051; x_wconf 89' lang='lat' dir='ltr'><strong>mane</strong></span> <span class='ocrx_word' id='word_1_275' title='bbox 1738 2989 1839 3050; x_wconf 93' lang='lat' dir='ltr'><strong>uel</strong></span> <span class='ocrx_word' id='word_1_276' title='bbox 1869 3008 2006 3051; x_wconf 88' lang='lat' dir='ltr'><strong>sero</strong></span> <span class='ocrx_word' id='word_1_277' title='bbox 2035 3008 2176 3069; x_wconf 91' lang='lat' dir='ltr'><strong>pro-</strong></span> 
     </span>
     <span class='ocr_line' id='line_1_34' title="bbox 249 3074 2247 3156; baseline 0 -17"><span class='ocrx_word' id='word_1_278' title='bbox 249 3079 449 3139; x_wconf 90' lang='lat' dir='ltr'><strong>cessit.</strong></span> <span class='ocrx_word' id='word_1_279' title='bbox 530 3078 665 3139; x_wconf 88' lang='lat' dir='ltr'><strong>Vini</strong></span> <span class='ocrx_word' id='word_1_280' title='bbox 703 3095 953 3156; x_wconf 78' lang='lat' dir='ltr'><strong>parcuS,</strong></span> <span class='ocrx_word' id='word_1_281' title='bbox 1016 3075 1135 3137; x_wconf 83' lang='lat' dir='ltr'><strong>cibi</strong></span> <span class='ocrx_word' id='word_1_282' title='bbox 1172 3077 1596 3156; x_wconf 75' lang='lat' dir='ltr'><strong>parcissimuS,</strong></span> <span class='ocrx_word' id='word_1_283' title='bbox 1659 3076 1884 3137; x_wconf 85' lang='lat' dir='ltr'><strong>uestitu</strong></span> <span class='ocrx_word' id='word_1_284' title='bbox 1928 3074 2172 3147; x_wconf 80' lang='lat' dir='ltr'><strong>nitiduS,</strong></span> <span class='ocrx_word' id='word_1_285' title='bbox 2213 3090 2247 3139; x_wconf 84' lang='grc'><strong>6</strong></span> 
     </span>
    </p>
   </div>
   <div class='ocr_carea' id='block_1_3' title="bbox 246 3242 2186 3584">
    <p class='ocr_par' dir='ltr' id='par_1_11' title="bbox 246 3242 2186 3584">
     <span class='ocr_line' id='line_1_35' title="bbox 380 3242 2090 3313; baseline -0.002 -16"><span class='ocrx_word' id='word_1_286' title='bbox 380 3248 415 3297; x_wconf 79' lang='grc'>4</span> <span class='ocrx_word' id='word_1_287' title='bbox 434 3246 852 3313; x_wconf 82' lang='lat' dir='ltr'><strong>imperatorium</strong></span> <span class='ocrx_word' id='word_1_288' title='bbox 874 3246 979 3297; x_wconf 90' lang='lat' dir='ltr'><strong>BP</strong></span> <span class='ocrx_word' id='word_1_289' title='bbox 1111 3247 1143 3298; x_wconf 81' lang='lat'>5</span> <span class='ocrx_word' id='word_1_290' title='bbox 1166 3246 1532 3311; x_wconf 82' lang='lat' dir='ltr'><strong>proconsulus</strong></span> <span class='ocrx_word' id='word_1_291' title='bbox 1554 3243 1629 3295; x_wconf 84' lang='lat' dir='ltr'><strong>B1</strong></span> <span class='ocrx_word' id='word_1_292' title='bbox 1752 3245 1784 3295; x_wconf 89' lang='grc'><strong>6</strong></span> <span class='ocrx_word' id='word_1_293' title='bbox 1808 3245 1989 3311; x_wconf 83' lang='lat' dir='ltr'><strong>episto</strong></span> <span class='ocrx_word' id='word_1_294' title='bbox 2012 3242 2090 3294; x_wconf 88' lang='lat' dir='ltr'><strong>P1</strong></span> 
     </span>
     <span class='ocr_line' id='line_1_36' title="bbox 247 3311 2046 3381; baseline -0.002 -17"><span class='ocrx_word' id='word_1_295' title='bbox 247 3318 310 3364; x_wconf 90' lang='grc'><strong>11</strong></span> <span class='ocrx_word' id='word_1_296' title='bbox 338 3320 394 3365; x_wconf 84' lang='lat' dir='ltr'><strong>et</strong></span> <span class='ocrx_word' id='word_1_297' title='bbox 417 3315 825 3381; x_wconf 80' lang='lat' dir='ltr'><strong>magnanimum</strong></span> <span class='ocrx_word' id='word_1_298' title='bbox 848 3315 918 3365; x_wconf 89' lang='lat' dir='ltr'><em>M</em></span> <span class='ocrx_word' id='word_1_299' title='bbox 1048 3317 1115 3365; x_wconf 83' lang='lat'><strong>14</strong></span> <span class='ocrx_word' id='word_1_300' title='bbox 1138 3329 1260 3364; x_wconf 89' lang='lat' dir='ltr'><strong>cum</strong></span> <span class='ocrx_word' id='word_1_301' title='bbox 1285 3314 1412 3365; x_wconf 85' lang='lat' dir='ltr'><strong>aliis</strong></span> <span class='ocrx_word' id='word_1_302' title='bbox 1433 3314 1538 3364; x_wconf 90' lang='lat' dir='ltr'><strong>BP</strong></span> <span class='ocrx_word' id='word_1_303' title='bbox 1682 3315 1747 3365; x_wconf 84' lang='lat'><strong>15</strong></span> <span class='ocrx_word' id='word_1_304' title='bbox 1769 3311 1978 3376; x_wconf 72' lang='lat' dir='ltr'><strong>multis]</strong></span> <span class='ocrx_word' id='word_1_305' title='bbox 1994 3311 2046 3361; x_wconf 90' lang='lat' dir='ltr'><em>B</em></span> 
     </span>
     <span class='ocr_line' id='line_1_37' title="bbox 248 3380 2180 3449; baseline -0.001 -17"><span class='ocrx_word' id='word_1_306' title='bbox 248 3384 314 3433; x_wconf 88' lang='grc'><strong>16</strong></span> <span class='ocrx_word' id='word_1_307' title='bbox 339 3383 583 3433; x_wconf 83' lang='lat' dir='ltr'><strong>admatio</strong></span> <span class='ocrx_word' id='word_1_308' title='bbox 605 3382 680 3434; x_wconf 89' lang='lat' dir='ltr'><strong>P¹</strong></span> <span class='ocrx_word' id='word_1_309' title='bbox 832 3386 895 3434; x_wconf 88' lang='lat'><strong>19</strong></span> <span class='ocrx_word' id='word_1_310' title='bbox 922 3382 1170 3449; x_wconf 80' lang='lat' dir='ltr'><strong>spicione</strong></span> <span class='ocrx_word' id='word_1_311' title='bbox 1194 3381 1246 3432; x_wconf 91' lang='lat' dir='ltr'><em>B</em></span> <span class='ocrx_word' id='word_1_312' title='bbox 1273 3383 1467 3448; x_wconf 87' lang='lat' dir='ltr'><strong>spione</strong></span> <span class='ocrx_word' id='word_1_313' title='bbox 1491 3384 1540 3433; x_wconf 88' lang='lat' dir='ltr'><strong><em>P</em></strong></span> <span class='ocrx_word' id='word_1_314' title='bbox 1683 3384 1752 3433; x_wconf 82' lang='lat'><strong>20</strong></span> <span class='ocrx_word' id='word_1_315' title='bbox 1775 3380 1907 3447; x_wconf 81' lang='lat' dir='ltr'><strong>alia]</strong></span> <span class='ocrx_word' id='word_1_316' title='bbox 1941 3382 2071 3445; x_wconf 75' lang='lat' dir='ltr'><strong>fort.</strong></span> <span class='ocrx_word' id='word_1_317' title='bbox 2096 3386 2180 3431; x_wconf 80' lang='lat' dir='ltr'><strong>ta-</strong></span> 
     </span>
     <span class='ocr_line' id='line_1_38' title="bbox 246 3447 2186 3517; baseline -0.001 -16"><span class='ocrx_word' id='word_1_318' title='bbox 246 3450 326 3501; x_wconf 80' lang='lat' dir='ltr'><strong>lia</strong></span> <span class='ocrx_word' id='word_1_319' title='bbox 460 3454 529 3503; x_wconf 81' lang='lat'><strong>25</strong></span> <span class='ocrx_word' id='word_1_320' title='bbox 550 3447 799 3503; x_wconf 81' lang='lat' dir='ltr'><strong>modeste</strong></span> <span class='ocrx_word' id='word_1_321' title='bbox 824 3449 898 3501; x_wconf 84' lang='lat' dir='ltr'><strong>B1</strong></span> <span class='ocrx_word' id='word_1_322' title='bbox 1035 3454 1100 3502; x_wconf 81' lang='grc'><strong>27</strong></span> <span class='ocrx_word' id='word_1_323' title='bbox 1124 3454 1386 3517; x_wconf 87' lang='lat' dir='ltr'><strong>nepotem</strong></span> <span class='ocrx_word' id='word_1_324' title='bbox 1409 3449 1480 3499; x_wconf 87' lang='lat' dir='ltr'><strong>B¹</strong></span> <span class='ocrx_word' id='word_1_325' title='bbox 1626 3452 1692 3501; x_wconf 80' lang='lat'><strong>29</strong></span> <span class='ocrx_word' id='word_1_326' title='bbox 1715 3455 1779 3500; x_wconf 87' lang='lat' dir='ltr'><strong>ut</strong></span> <span class='ocrx_word' id='word_1_327' title='bbox 1801 3463 2096 3515; x_wconf 83' lang='lat' dir='ltr'><strong>numquam</strong></span> <span class='ocrx_word' id='word_1_328' title='bbox 2119 3448 2186 3500; x_wconf 89' lang='lat' dir='ltr'><em>M</em></span> 
     </span>
     <span class='ocr_line' id='line_1_39' title="bbox 382 3516 1774 3584; baseline -0.002 -14"><span class='ocrx_word' id='word_1_329' title='bbox 382 3520 586 3571; x_wconf 84' lang='lat' dir='ltr'><strong>laberit</strong></span> <span class='ocrx_word' id='word_1_330' title='bbox 608 3520 712 3570; x_wconf 85' lang='lat' dir='ltr'><strong>BP</strong></span> <span class='ocrx_word' id='word_1_331' title='bbox 846 3523 914 3571; x_wconf 87' lang='lat'><strong>30</strong></span> <span class='ocrx_word' id='word_1_332' title='bbox 934 3517 1031 3570; x_wconf 88' lang='lat' dir='ltr'><strong>ille</strong></span> <span class='ocrx_word' id='word_1_333' title='bbox 1054 3519 1106 3570; x_wconf 91' lang='lat' dir='ltr'><em>B</em></span> <span class='ocrx_word' id='word_1_334' title='bbox 1244 3520 1309 3571; x_wconf 83' lang='lat'><strong>32</strong></span> <span class='ocrx_word' id='word_1_335' title='bbox 1334 3516 1412 3584; x_wconf 88' lang='lat' dir='ltr'><strong>in]</strong></span> <span class='ocrx_word' id='word_1_336' title='bbox 1441 3522 1493 3569; x_wconf 78' lang='lat' dir='ltr'><strong>in</strong></span> <span class='ocrx_word' id='word_1_337' title='bbox 1517 3518 1568 3567; x_wconf 92' lang='lat' dir='ltr'><em>B</em></span> <span class='ocrx_word' id='word_1_338' title='bbox 1591 3520 1645 3569; x_wconf 80' lang='lat' dir='ltr'><strong>in</strong></span> <span class='ocrx_word' id='word_1_339' title='bbox 1667 3533 1774 3568; x_wconf 73' lang='lat' dir='ltr'><strong>rac.</strong></span> 
     </span>
    </p>
   </div>
  </div>
 </body>
</html>
