2517 3884
131 28 270 91 F

268 233 505 286 INDEX
540 232 890 285 novaM
938 233 1033 283 ET
1075 231 1330 282 RERVM
1365 230 1948 282 MEMossAmva
2031 231 2160 296 259

116 404 313 454 Marco
340 401 572 453 felicius
587 400 703 463 140,
724 401 806 452 20.
841 401 1081 451 Pescen·

118 473 245 522 nius
282 472 439 521 iussu
478 468 539 518 C.
579 469 858 518 exereitus
896 468 1081 534 Syria·

120 555 217 590 cos
278 539 425 589 rexit
490 536 604 600 144,
669 537 759 598 183
821 537 1082 602 suffragio

118 606 406 668 athletae,
458 605 565 674 qni‘
591 602 653 653 C.
694 603 1081 669 strangulaue-

117 680 209 725 rat
274 677 399 736 144,
464 675 544 723 19.
613 670 683 721 ad
743 671 892 724 Com.
954 671 1079 722 Seu.

1201 400 1312 452 lem
1349 399 1738 466 appellauerat
1775 398 1914 463 (200,
1955 401 2156 467 14;19)

1203 469 1457 520 inserti
1493 471 1612 527 200,
1654 471 1719 519 19
1745 483 1863 534 sqq.
1904 467 1967 520 C.
2003 469 2186 520 here··

1202 537 1464 586 ditarium
1499 552 1698 588 nomen
1733 535 2001 587 Antonini
2039 542 2163 588 erat

1204 607 1336 666 235,
1374 607 1425 654 6.
1477 604 1802 655 Commodos
1848 606 1908 654 in
1943 605 2160 656 luxurie

1205 673 1346 723 uicit
1377 672 1505 723 Hel.
1543 674 1663 737 234,
1703 675 1785 722 11.

116 743 348 809 scripsit
386 740 651 791 adserens
687 738 848 790 Peso.
884 755 1079 791 neces·
1142 741 1448 792 Commodus.
1491 739 1754 792 Ceionius
1790 766 1860 776 —
1893 745 2021 806 post
2043 741 2160 790 He-

118 812 333 862 sarium
394 809 480 858 rei
539 823 593 872 p.
641 807 818 856 uirum
858 808 985 871 146,
1032 810 1079 858 6.

1204 809 1313 858 lius
1349 811 1528 859 Verus
1575 809 1756 858 dietus
1789 807 1902 858 uid.
1941 808 2159 862 Helius.

11 911 13 916 ·
118 876 464 929 Commodi
482 875 787 942 epistula
808 876 1083 926 inserta
1136 875 2156 930 -·L.Ceionius—Verusuid.Verns.

118 948 250 1010 147,
304 948 339 994 4
386 959 505 1009 sqq.
558 943 706 993 inter
754 943 815 994 C.
861 942 1083 994 amicis·
1136 972 1199 981 —
1260 945 1468 994 mensis
1527 945 1806 1010 Aug-ustus
1852 944 2035 995 dietus
2097 945 2155 994 in

116 1016 293 1066 simos
328 1014 497 1064 Pese.
554 1011 738 1077 pietus
783 1010 1084 1062 uidebatur

1200 1012 1465 1063 honorem
1506 1012 1658 1065 Com.
1693 1012 1822 1077 imp.
1857 1014 1941 1074 98,
1984 1016 2040 1074 1;
2077 1013 2159 1062 22.

119 1081 303 1133 Isidos
354 1095 519 1131 sacra
569 1079 758 1130 ferens
815 1079 941 1141 148,
993 1081 1078 1131 30.
1134 1083 1421 1132 comoedias
1477 1081 1536 1130 in
1601 1080 1856 1130 conuiuio
1910 1080 2160 1131 exhibuit

118 1151 290 1202 Peso.
332 1147 403 1198 ad
441 1146 590 1198 Com.
630 1148 857 1212 scripsit
890 1147 959 1197 de
986 1146 1081 1196 ad-

1201 1148 1376 1200 Hadr.
1417 1149 1502 1211 26,
1539 1151 1588 1198 3.

116 1215 533 1267 ministratione
549 1215 1084 1279 prouinciaruml49,
1142 1217 1343 1268 Concae
1381 1204 1438 1268 1'1
1474 1217 1590 1274 119,
1630 1216 1711 1265 17.

119 1290 171 1338 7.
210 1284 272 1336 C.
299 1287 605 1348 temporum
642 1281 935 1333 dissolutio
968 1285 1084 1344 152,
1142 1285 1432 1336 Concordia
1466 1285 1522 1334 II
1561 1284 1676 1345 195,
1723 1284 1773 1333 9.
1818 1307 1874 1318 -
1927 1281 1989 1332 G.
2026 1286 2164 1334 tem-

120 1357 173 1405 5.
213 1351 277 1404 C.
313 1351 579 1402 Albinum
618 1350 921 1401 Caesarem
962 1365 1086 1400 esse

123 1423 369 1471 iusserat
406 1421 523 1480 154,
562 1420 654 1469 20.
692 1420 808 1482 158,
839 1422 922 1470 23.
968 1420 1083 1480 164,

1206 1352 1510 1471 ῗὲιὲωὸωὸ,
1549 1353 1599 1404 6.
1636 1353 1761 1412 232,
1801 1353 1850 1404 5.
1887 1350 1944 1401 11
1980 1354 2075 1414 53,
2112 1354 2162 1405 6.

1316 1459 1329 1483 ²
1401 1456 1414 1470 ⁶
1970 1439 2000 1455 ⁹

122 1493 208 1539 20.
260 1488 387 1551 165,
436 1487 485 1539 8.
525 1486 835 1550 epistula
896 1486 959 1539 O.
1006 1485 1089 1535 ad
1140 1489 1448 1539 concubinas
1495 1487 1769 1551 ingenuas
1812 1486 2008 1538 haberi
2067 1503 2162 1537 ne-

122 1555 439 1607 Clodium
462 1547 783 1604 Albinum
818 1555 1088 1604 inserta

122 1624 247 1688 155,
286 1626 471 1687 3-sqq.
510 1621 607 1672 sed
644 1619 801 1675 Clod.
854 1621 923 1671 id·
948 1620 1091 1687 quod
1146 1624 1450 1675 Condianus.
1523 1621 1829 1685 Quintilius

123 1691 363 1744 iubebat
414 1691 604 1740 faeere
640 1689 845 1749 noluit,
892 1689 1089 1740 uidens

1209 1555 1321 1606 tuit
1354 1555 1482 1606 Aur.
1526 1556 1584 1605 11
1622 1557 1737 1616 170,
1778 1556 1858 1605 15.
2093 1625 2104 1636 .

1212 1692 1538 1755 Quintilius.
1972 1661 1984 1672 ’
2051 1624 2165 1674 md.

126 1760 379 1812 odiosum
434 1756 589 1810 Com.
640 1759 770 1820 155,
820 1760 905 1807 22.
970 1752 1086 1821 158,
1141 1762 1351 1811 condita
1397 1759 1664 1809 militaria
1715 1762 1778 1810 ut
1830 1774 1863 1809 a

126 1831 224 1889 213
276 1825 613 1891 contempsit
674 1823 1090 1875 Caesareanum

1946 1765 2165 1812 osoeret

1208 1827 1511 1892 laborabat
1545 1825 1718 1877 Hadr.
1759 1827 1839 1889 12,
1867 1773 1941 1877 gn

126 1909 353 1959 nomen,
392 1893 535 1959 quod
557 1892 627 1944 ,εἰ
650 1892 713 1945 C.
739 1893 871 1944 dare
908 1893 1090 1944 uoluit
1140 1898 1346 1946 condito
1360 1899 1544 1946 rosato
1573 1898 1740 1958 atque
1769 1894 2059 1945 absentato
2082 1898 2166 1960 pi-

130 1965 261 2025 156,
297 1965 347 2015 2.
399 1961 459 2015 G.
509 1960 799 2011 transtulit
839 1960 967 2014 Alb.
1018 1960 1089 2012 ad

1211 1964 1400 2014 seinas
1421 1962 1756 2027 temperauit
1775 1961 1901 2013 Hel.
1928 1965 2046 2024 217,
2079 1965 2163 2014 21.

124 2030 378 2083 Galliam
418 2031 533 2092 158,
562 2031 644 2080 20.
696 2028 899 2079 Albino
924 2043 1085 2094 prae·
1139 2033 1414 2082 conditura
1448 2033 1656 2080 ueneta
1689 2031 1810 2092 219,
1847 2030 1896 2079 4.

121 2105 247 2150 tore
286 2098 347 2149 O.
387 2102 445 2148 et
478 2099 535 2147 in
572 2096 695 2146 foro
734 2099 792 2145 et
824 2096 883 2144 in
929 2095 1088 2146 thea·
1139 2101 1453 2164 congiarium
1488 2097 1693 2163 duplex
1716 2096 2036 2148 Hadrianus
2070 2114 2165 2165 po-

121 2174 213 2218 tro
273 2177 491 2231 pugnas
538 2162 793 2215 exhibuit
840 2165 963 2225 159,
1025 2165 1084 2224 2;

122 2240 176 2287 3.
242 2231 304 2284 0.
351 2235 507 2294 iussu
548 2232 677 2285 Alb.
730 2231 1087 2282 Britannicos

126 2304 408 2353 exercitus
446 2300 589 2352 rexit
614 2301 730 2360 164,
760 2300 843 2350 18.
884 2298 943 2352 C.
971 2313 1085 2349 me·

123 2371 239 2421 lior
276 2369 496 2428 fuisset,
533 2368 582 2418 si
616 2367 896 2418 timuisset
918 2381 1085 2418 sena·

123 2445 242 2490 tum
282 2438 399 2500 165,
435 2439 485 2486 2.
524 2436 711 2488 contio
738 2435 947 2500 Albini,
974 2449 1085 2502 qua

121 2509 386 2557 senatum
433 2504 791 2568 laudauerat,
853 2504 1085 2554 Romam

122 2573 324 2624 delata
362 2572 715 2636 exasperauit
762 2571 824 2622 C.
862 2572 924 2621 in
962 2587 1086 2622 eum

122 2641 261 2701 165,
302 2640 391 2697 12,
431 2642 522 2699 133
582 2639 797 2704 placuit
846 2640 1085 2703 senatui,

120 2707 225 2773 qui
244 2704 398 2754 miris
423 2719 546 2754 eum
583 2705 1104 2759 adclamationibus

122 2771 359 2828 ornauit
394 2774 524 2823 uiuo
561 2770 621 2822 C.
662 2775 787 2834 165,
827 2776 908 2824 16.
948 2775 1090 2839 epi-

126 2840 322 2896 stula
361 2839 440 2890 ad
476 2840 685 2905 praef.
732 2845 949 2905 praet.
983 2843 1091 2890 in-

125 2913 326 2963 serta
367 2909 478 2968 165,
507 2909 569 2957 21
608 2923 727 2972 sqq.
766 2905 829 2956 C.
867 2907 1094 2958 deorum

37 2987 39 3013 ¹
128 2976 445 3030 nominibus
482 2975 803 3041 appellatus
831 2981 953 3032 erat
978 2978 1092 3037 170,

39 3053 44 3116 ξ
126 3051 212 3098 21.
254 3044 315 3097 C.
362 3059 529 3094 sacra
565 3043 745 3095 Isidos
783 3043 1097 3095 celebrauit

132 3118 251 3178 174,
293 3114 379 3167 23.
429 3111 489 3164 C.
528 3116 757 3177 quartus
783 3111 1099 3162 Antoninus

132 3184 261 3242 185,
302 3182 349 3235 1.
390 3179 453 3232 C.
491 3179 694 3246 polluit
732 3179 941 3230 sacrati
989 3194 1086 3231 no·

130 3248 296 3301 minis
379 3247 645 3299 Antonini
712 3247 1088 3300 reuerentiam

134 3321 271 3382 188,
317 3318 401 3368 31.
473 3315 536 3367 C.
596 3316 876 3382 rescripta
932 3315 1089 3383 leg-es

132 3386 310 3436 uideri
345 3385 506 3436 nefas
545 3399 665 3436 esse
704 3385 843 3434 dixit
867 3383 1090 3451 Opilius

141 3456 256 3518 192,
295 3455 378 3503 27.
450 3453 513 3506 C.
550 3456 711 3518 pater
754 3453 1091 3504 Antoninum

142 3519 452 3587 appellauit
490 3523 619 3585 199,
665 3521 749 3575 25.
803 3536 998 3573 uersus
1034 3525 1092 3572 in

146 3591 296 3641 Com.
346 3589 511 3654 dicti,
571 3588 715 3654 quod
772 3605 831 3641 se
878 3591 1091 3642 Hercu·

1206 2166 1339 2232 pulo
1361 2165 1515 2216 dedit
1539 2168 1590 2226 9,
1613 2167 1663 2217 5.
1687 2180 1735 2217 e.
1759 2165 1960 2230 populo
1975 2165 2165 2217 datum

1205 2249 1305 2300 pro
1380 2231 1681 2299 adoptione
1753 2233 1886 2283 Heli
1953 2236 2049 2297 29,
2115 2237 2164 2283 2.

1203 2301 1257 2355 ὀ.
1283 2302 1418 2353 Pius
1441 2301 1718 2351 militibus
1741 2295 1858 2366 (ae)
1879 2301 2082 2368 populo
2097 2301 2164 2352 de

1207 2370 1432 2436 proprio
1468 2367 1622 2419 dedit
1655 2370 1741 2432 37,
1779 2369 1830 2418 8.
1890 2369 2027 2420 Piu's
2063 2386 2160 2436 po-

1204 2437 1335 2505 pulo
1374 2435 1531 2487 dedit
1566 2438 1650 2499 39,
1688 2439 1773 2490 23.
1823 2438 2046 2488 Marcus
2071 2453 2165 2504 po-

1207 2506 1336 2573 pulo
1374 2504 1567 2556 diuisit
1601 2505 1670 2555 ob
1709 2509 1897 2570 togam
1947 2505 2168 2556 uirilem

1206 2574 1322 2626 filio
1369 2573 1559 2624 datam
1595 2575 1691 2634 62,
1738 2575 1829 2636 25;
1879 2573 1948 2624 ob
1996 2574 2168 2625 tribu·

1207 2643 1413 2693 niciam
1460 2645 1796 2707 potestatem
1843 2641 1935 2700 66,
1975 2643 2035 2702 13
2098 2641 2168 2690 ob

1207 2713 1434 2828 ἲέἓέἐῗ
1445 2707 2171 2826 ‘3221‘313’02123'33‘55913‘33

1214 2821 1286 2895 e.-
1311 2817 1462 2894 dedi't
1493 2843 1698 2909 populo
1747 2843 1896 2893 Com.
1935 2813 2170 2910 sing’ulis

1215 2911 1474 2962 denarios
1522 2911 1880 2976 septingenos
1939 2912 2170 2962 uicenos

1217 2980 1415 3044 quinos
1483 2979 1606 3038 101,
1672 2981 1750 3027 14.
1820 2977 2173 3030 nundinatio·

1219 3048 1309 3097 nis
1343 3059 1524 3096 rerum
1561 3044 1842 3097 Commodi
1879 3045 2172 3112 pecuniam

1218 3117 1373 3166 Pert.
1413 3113 1686 3164 militibus
1720 3114 1982 3166 donatiuo
2018 3113 2175 3166 dedit

1210 3186 1344 3244 110,
1383 3184 1464 3235 18.
1508 3198 1554 3232 e.
1593 3181 1748 3232 dedit
1781 3183 1932 3234 Pert.
1968 3184 2169 3250 populo

1210 3251 1470 3302 denarios
1509 3255 1773 3302 centenos
1813 3251 1936 3313 116,
1976 3254 2028 3302 9.
2076 3267 2172 3303 ue·

1212 3321 1476 3372 stimenta
1509 3319 1715 3386 populo
1744 3317 2035 3385 congiaria
2077 3319 2170 3371 de·

1212 3387 1298 3438 dit
1343 3387 1472 3440 Car.
1525 3390 1648 3453 186,
1697 3389 1780 3440 20.
1827 3387 2169 3454 congiarium

1212 3457 1467 3522 promisit
1493 3455 1597 3520 Op.
1635 3472 1736 3522 per
1774 3455 2015 3506 edietum
2053 3457 2166 3506 An·

1214 3525 1562 3576 toninianum
1603 3527 1724 3587 197,
1763 3527 1812 3575 9.
1863 3541 1909 3576 o.
1955 3529 2042 3574 ter
2077 3523 2171 3573 de·

1215 3591 1299 3644 dit
1334 3587 1489 3645 Alex}
1530 3595 1648 3658 245,
1691 3595 1770 3644 19.
1807 3597 1934 3658 post
1959 3589 2171 3641 bellum

1636 3680 1762 3744 17*
1867 3695 1882 3704 ”
