2517 3884
352 167 513 224 XXIV
575 205 586 219 .
1116 165 1512 246 ΡΒΑΕΒᾊΤΙΟ.

360 303 667 365 simillimus
706 303 867 360 codd.
899 303 954 358 B
984 310 1038 358 et
1067 300 1132 364 P,
1180 318 1302 360 cum
1345 319 1409 358 ex
1449 301 1636 359 multis
1679 302 1800 359 aliis
1831 305 1996 362 rebus
2031 314 2144 361 tum
2174 306 2300 362 inde

358 391 601 464 adparet,
653 388 802 464 quod
854 387 1038 446 eadem
1087 388 1521 461 transpositione
1565 390 1620 444 in
1663 405 1729 444 eo
1773 381 2128 464 perturbatae
2169 401 2300 448 sunt

362 478 507 532 uitae
538 472 829 530 Alexandri
860 483 917 530 et
947 489 1137 529 eorum
1168 473 1561 546 imperatorum
1594 472 1687 546 qui
1717 483 1846 548 post
1877 491 2001 533 enm
2032 493 2300 550 regnaue-

358 568 490 618 runt
521 562 777 633 uitaeque
807 558 930 615 Cari
972 564 1029 613 et
1055 556 1398 622 Numeriani;
1443 558 1540 614 sed
1581 577 1706 616 cum
1747 559 1841 616 ille
1884 561 1968 634 (ut
1995 562 2051 617 P
2075 579 2106 618 a
2135 564 2299 618 tertia

361 645 545 717 manu)
589 649 695 702 iam
736 650 1021 702 correctus
1053 643 1300 702 essetab
1341 641 1547 716 aliquo,
1588 645 1682 718 qui
1722 643 1923 703 librum
1953 645 2191 720 aliquem
2221 647 2306 702 fa·

362 730 541 788 miliae
574 729 637 784 Σ
659 738 783 786 ante
815 729 1005 787 oculos
1037 727 1277 790 haberet,
1319 744 1498 803 neque
1539 728 1586 784 is
1619 729 1714 802 qui
1743 730 1889 788 hunc
1918 731 2120 788 librum
2149 731 2302 788 Vati·

360 832 552 872 canum
594 815 924 888 conscripsit
964 811 1222 886 religiose
1265 813 1628 886 distingueret
1667 815 1914 882 diuersas
1945 833 2154 879 manus,
2187 816 2302 872 sac·

370 909 487 959 tum
513 906 614 962 est,
640 907 702 956 ut
728 901 847 956 eius
879 898 1179 959 auctoritas
1210 897 1500 955 admodum
1532 899 1702 957 dubia.
1719 901 1792 956 sit
1813 909 1994 976 atque,
2025 917 2148 958 cum
2178 899 2302 958 aliis

360 987 500 1043 locis
524 984 740 1042 easdem
770 984 1035 1058 genuinas
1067 984 1368 1057 scripturas
1398 983 1656 1058 praebeat
1686 1002 1822 1060 quas
1848 988 1903 1041 B
1925 993 1980 1043 et
1998 987 2064 1049 P,
2097 995 2303 1049 tamen,

363 1073 617 1145 quamuis
648 1086 809 1144 saepe
839 1068 983 1126 haud
1013 1067 1432 1142 inprobabiliter
1471 1069 1694 1126 lacunas
1737 1070 1968 1145 expleat,
2001 1072 2158 1128 nihili
2202 1072 2304 1128 du-

362 1155 547 1218 cenda,
576 1172 699 1214 cum
722 1155 883 1212 faciat
906 1170 1028 1212 cum
1053 1153 1207 1212 libris
1230 1153 1614 1210 deterioribus.
1661 1153 1818 1222 Quod
1840 1173 2020 1214 meum
2043 1157 2302 1213 iudicium

362 1257 557 1298 uerum
580 1256 836 1298 essecum
863 1246 981 1304 toto
995 1241 1372 1296 conmentario
1385 1239 1578 1296 critico
1602 1240 1750 1298 uitae
1764 1241 2016 1298 Hadriani
2032 1241 2302 1304 subiecto,

365 1325 457 1384 ubi
489 1327 606 1383 fere
630 1341 819 1400 omnes
844 1324 1237 1398 discrepantias
1269 1323 1666 1398 scripturarum
1694 1343 1759 1382 ex
1785 1343 1852 1382 eo
1883 1327 2133 1390 enotaui‚
2167 1329 2305 1384 satis

364 1411 848 1472 demonstrabitur,
895 1418 1010 1466 tum
1053 1409 1270 1466 duobus
1311 1411 1540 1466 maxime
1569 1410 1735 1474 locis,
1779 1412 1836 1468 in
1867 1411 2066 1485 quibus
2093 1412 2303 1468 descri-

364 1495 557 1554 bendis
588 1496 847 1554 librarius
874 1503 985 1570 tam
1014 1493 1375 1567 neglegenter
1403 1503 1654 1552 uersatus
1679 1504 1782 1560 est,
1813 1505 1874 1553 ut
1903 1514 2015 1554 non
2045 1496 2226 1554 solum
2246 1497 2302 1552 id

366 1583 515 1656 quod
544 1582 718 1657 prima
750 1597 941 1638 manus
972 1581 1289 1652 scripserat,
1325 1579 1421 1635 sed
1443 1581 1606 1637 etiam
1637 1582 1786 1654 quod
1807 1583 1980 1638 altera
2001 1581 2305 1644 addiderat,

364 1668 421 1722 in
456 1674 701 1725 tenorem
733 1664 1001 1723 orationis
1032 1667 1320 1740 reciperet.
1381 1682 1620 1740 quorum
1661 1665 1834 1724 altero
1869 1666 2004 1740 (cap.
2037 1671 2106 1720 24
2140 1667 2301 1738 extr.)

288 1806 299 1816 ,
364 1752 496 1809 haec
535 1755 592 1810 in
637 1751 751 1809 Vat.
797 1758 1037 1808 exstant:
1101 1753 1414 1826 ,supposito
1457 1753 1551 1825 qui
1591 1769 1695 1825 pro
1728 1752 1956 1809 Traiano
1988 1752 2133 1808 fessa
2163 1768 2307 1810 uoce

364 1835 698 1911 loquebatur
726 1835 816 1895 uel
858 1836 1199 1910 loqueretur.
1259 1835 1506 1910 adeptus’
1526 1831 1885 1912 [loquebatur
1921 1830 2064 1892 BP¹
2108 1835 2307 1910 loque·

364 1932 519 1980 retur
548 1913 635 1978 P3
679 1916 891 1997 uolg.],
936 1921 1109 1979 altero
1152 1915 1392 1996 (cap.7):
1436 1937 1541 1984 „ne
1569 1921 1924 1994 magistratus
1953 1922 2060 1980 hoc
2089 1922 2305 1982 honore

364 2008 462 2064 uel
494 2025 665 2068 onere
694 2009 1111 2080 grauarentur.''
1131 2001 1202 2079 ¹5)

488 2093 719 2150 -Rariora
763 2092 956 2150 relicta
985 2101 1114 2149 sunt
1153 2092 1394 2166 uestigia
1425 2092 1821 2167 scripturarum
1853 2093 2213 2166 genuinarum
2245 2091 2304 2146 in

364 2180 565 2234 ceteris
588 2177 765 2240 libris,
796 2195 921 2235 cum
944 2176 1118 2235 multo
1149 2177 1311 2253 plura
1332 2179 1708 2252 reciperentur
1731 2195 1796 2235 ex
1819 2175 2108 2252 scripturis
2133 2177 2308 2232 inter-

346 2263 587 2338 polatis.
634 2263 873 2338 primum
915 2265 1058 2320 enim
1099 2266 1260 2320 etiam
1305 2279 1367 2318 ea
1409 2278 1549 2336 quae
1578 2262 1839 2318 foliorum
1873 2260 2308 2335 transpositione

370 2365 469 2405 suo
524 2348 647 2406 loco
686 2355 847 2420 nmota
899 2357 1071 2412 erant,
1123 2347 1324 2404 auxilio
1365 2345 1569 2403 codicis
1613 2347 1840 2402 alicuius
1881 2345 2200 2418 interpolati
2247 2347 2304 2401 in

368 2450 562 2490 uerum
594 2435 849 2490 restituta
880 2440 1009 2490 sunt
1050 2434 1288 2506 exceptis
1327 2431 1560 2488 uocibus
1591 2431 1846 2496 ‚fecisset’
1877 2437 1936 2484 et
1965 2437 2172 2502 ,optate
2203 2446 2304 2486 ue-

368 2520 579 2575 nisset’.
646 2536 787 2592 quae
831 2534 997 2576 uoces
1044 2533 1164 2573 cum
1208 2515 1559 2572 distinctione
1590 2514 1732 2570 falso
1762 2513 1886 2570 loco
1917 2513 2060 2570 facta
2090 2515 2147 2570 in
2179 2531 2312 2571 sen-

366 2605 584 2667 tentias,
638 2605 697 2661 in
742 2620 876 2677 quas
916 2620 1027 2658 non
1085 2599 1438 2675 quadrabant,
1497 2597 1636 2655 locis
1685 2602 1830 2655 inter
1870 2614 1930 2654 se
1969 2601 2310 2656 conmutatis

365 2690 609 2746 intrusae
640 2696 845 2752 essent,
878 2688 1083 2744 factum
1104 2692 1206 2748 est,
1236 2691 1300 2742 ut
1324 2685 1545 2740 omnino
1573 2687 1922 2740 omitteretur
1944 2701 1999 2740 u.
2023 2683 2307 2748 ,fecisset’,

366 2790 503 2846 quae
532 2772 589 2829 in
620 2776 721 2831 uit.
752 2771 885 2827 Max.
917 2775 979 2826 5:
1024 2772 1245 2833 „occiso
1276 2767 1629 2841 Heliogabalo
1677 2768 1771 2826 ubi
1813 2770 2050 2843 primum
2079 2769 2310 2826 fecisset

364 2855 1011 2932 comperitAlexandrum
1039 2855 1344 2930 principem
1373 2853 1747 2924 nominatum''
1773 2870 1987 2910 omnem
2017 2854 2308 2929 perpetui-

372 2950 543 3001 tatem
572 2943 1013 3014 interrumperet,
1044 2942 1101 2996 in
1118 2940 1270 2998 Alex.
1303 2941 1404 2997 uit.
1433 2957 1482 2997 c.
1505 2942 1573 2996 43
1604 2940 1676 3003 id,
1710 2941 1860 3014 quod
1887 2947 2083 3014 postea
2114 2937 2312 3010 uolga-

371 3035 489 3084 tum
521 3032 623 3090 est,
667 3031 938 3082 exstaret:
980 3032 1383 3102 „reppererant
1417 3041 1605 3082 omnes
1635 3025 1974 3082 Christianos
2005 3023 2226 3080 futuros
2259 3025 2308 3078 si

364 3111 422 3168 id
468 3118 655 3186 optate
696 3113 974 3168 euenisset
1013 3119 1069 3169 et
1099 3111 1304 3186 templa
1333 3111 1542 3186 reliqua
1585 3109 1936 3168 deserenda”.
1978 3107 2034 3163 in
2064 3108 2310 3166 uitarum

364 3196 555 3253 ordine
584 3195 722 3253 nihil
751 3203 835 3252 est
863 3204 1149 3262 mutatum,
1179 3205 1242 3254 ut
1271 3197 1414 3255 idem
1444 3198 1516 3254 sit
1547 3198 1641 3271 qui
1668 3197 1724 3252 in
1749 3196 1802 3251 B
1832 3200 1887 3250 et
1915 3192 1982 3250 P.

514 3411 606 3477 15)
630 3389 867 3466 Nimiam
892 3413 1064 3480 igitur
1086 3415 1284 3466 tribuit
1304 3414 1436 3464 huic
1460 3413 1600 3465 libro
1628 3412 2016 3462 auctoritatem
2037 3409 2100 3460 G.
2127 3409 2308 3460 Bern-

404 3481 604 3547 ardyus
633 3481 894 3548 (prooem.
922 3499 976 3548 p.
999 3482 1077 3548 4),
1108 3483 1249 3549 quod
1278 3498 1401 3535 eum
1423 3481 1484 3531 in
1509 3480 1700 3532 eodem
1725 3477 1898 3546 gradu
1922 3478 2312 3544 praestantiae

365 3551 524 3615 ponit
549 3551 609 3602 in
635 3565 741 3615 quo
766 3551 1251 3616 Bambergensem.
