2517 3884
599 201 664 257 M.
707 202 860 258 ΑΝΤ.
906 202 1399 297 Pffltosoruvs
1466 206 1519 262 c.
1550 211 1722 265 5—-7,
2048 210 2135 275 49

209 387 518 448 numquam
551 385 905 449 quemquam
939 371 1068 428 sine
1101 388 1171 430 eo
1203 369 1375 431 facile
1415 378 1800 451 promouerit.
1868 389 1993 442 erat
2024 401 2125 442 au·
2161 395 2196 444 8

208 463 322 515 tem
353 458 413 516 in
446 456 690 521 summis
723 452 1026 530 obsequiis
1055 457 1242 533 patris
1274 456 1526 527 Marcus,
1560 463 1830 538 quamuis
1866 481 1983 527 non
2016 467 2119 528 de-

209 543 544 619 essentqui
587 538 779 616 aliqua
823 537 1138 599 aduersum
1185 557 1319 600 eum
1351 542 1825 616 insusurrarent,
1874 558 1931 608 et
1972 569 2117 629 prae
2152 565 2187 614 9

206 627 416 685 ceteris
463 623 730 685 Valerius
771 621 1110 692 Homullus,
1160 627 1291 702 qui,
1352 643 1485 686 cum
1534 627 1818 691 Lucillam
1874 644 2126 698 matrem

157 719 181 758 ὃ
204 709 382 770 Marci
419 711 482 769 in
512 708 796 769 uirdiario
843 715 1231 768 uenerantem
1275 711 1657 773 simulacrum
1700 717 1989 794 Apollinis
2031 725 2121 782 ui-

203 795 396 863 disset,
433 794 861 855 insusurrauit:
898 792 1043 860 „illa
1074 812 1235 854 nunc
1257 801 1445 872 rogat,
1480 804 1546 857 ut
1575 797 1730 859 diem
1761 809 1927 863 tuum
1959 803 2123 866 clau-

201 879 316 948 daS,
352 886 412 939 et
439 878 596 939 filius
626 880 948 956 imperet.“
990 878 1146 956 quod
1181 881 1425 940 omnino
1457 883 1611 960 apud
1643 884 1813 945 Pium
1844 887 1990 949 nihil
2020 910 2124 951 ua-

199 963 328 1024 luit:
399 971 563 1024 tanta
617 969 746 1023 erat
787 962 970 1022 Marci
1011 962 1280 1041 probitas
1335 972 1391 1024 et
1430 974 1593 1027 tanta
1632 970 1694 1027 in
1735 971 2121 1050 imperatorio
2159 987 2227 1036 10

203 1050 534 1126 principatu
565 1047 874 1126 modestia.
1646 1099 1649 1102 ,

134 1143 177 1181 10
319 1133 784 1194 Existimationis
815 1138 1013 1192 autem
1044 1138 1268 1192 tantam
1298 1151 1503 1194 curam
1538 1134 1742 1198 habuit
1782 1148 1847 1198 ut
1888 1150 1945 1202 et
1988 1161 2127 1222 pro·
2162 1143 2198 1206 7

199 1225 500 1278 curatores
543 1235 682 1278 suos
723 1233 876 1294 puer
919 1233 1159 1295 semper
1199 1227 1503 1289 moneret,
1550 1239 1625 1280 ne
1668 1224 1807 1301 quid
1840 1245 2124 1305 arrogan-

197 1304 304 1362 tius
347 1303 645 1370 facerent,
703 1309 760 1361 et
800 1296 1182 1361 heredidates
1237 1301 1465 1363 delatas
1518 1304 1779 1367 reddens
1832 1313 2125 1388 proximis

195 1387 506 1464 aliquando
539 1387 852 1464 respuerit.
917 1383 1174 1464 denique
1203 1403 1315 1464 per
1345 1388 1555 1465 uiginti
1598 1398 1656 1450 et
1684 1399 1810 1452 tres
1842 1393 2031 1458 annos
2060 1400 2121 1460 in
2159 1407 2191 1456 2

196 1471 364 1531 domo
410 1473 604 1550 patris
649 1472 727 1530 ita
767 1474 1043 1530 uersatus
1085 1477 1152 1529 ut
1197 1472 1323 1531 eius
1355 1472 1569 1534 cotidie
1601 1493 1768 1537 amor
1798 1493 2119 1553 cresceret,

127 1564 170 1603 1⁵
197 1575 300 1616 nec
331 1563 580 1635 praeter
611 1554 756 1614 duas
787 1561 994 1614 noctes
1039 1573 1149 1632 per
1189 1563 1279 1616 tot
1322 1575 1510 1618 annos
1552 1558 1623 1619 ab
1658 1578 1728 1620 eo
1770 1567 1985 1628 mansit
2032 1567 2119 1628 di·
2160 1577 2193 1624 3

192 1643 379 1701 uersis
412 1640 667 1700 uicibus.
733 1637 808 1699 ob
840 1637 954 1698 hoc
986 1641 1319 1700 Antoninus
1360 1641 1529 1712 Pius,
1580 1662 1711 1705 cum
1758 1648 1871 1710 sibi
1912 1651 2124 1714 adesse

188 1725 361 1787 finem
391 1727 557 1785 uitae
587 1724 839 1792 uideret,
871 1725 1099 1784 uocatis
1131 1726 1337 1785 amicis
1369 1735 1426 1786 et
1455 1730 1773 1804 praefectis
1798 1742 1865 1795 ut
1888 1754 2123 1799 succes-

187 1828 382 1871 sorem
417 1828 558 1870 eum
589 1809 826 1888 imperii
858 1807 1134 1868 omnibus
1167 1811 1602 1873 commendauit
1648 1823 1823 1893 atque
1866 1820 2125 1884 firmauit

187 1898 508 1972 statimque
565 1896 733 1971 signo
787 1894 1263 1969 aequanimitatis
1320 1894 1557 1957 tribuno
1612 1899 1747 1960 dato
1796 1901 2123 1968 Fortunam

119 1987 162 2026 ²⁰
187 1999 446 2050 auream,
487 1996 636 2056 quae
670 1980 728 2037 in
759 1975 1032 2038 cubiculo
1063 1977 1297 2039 solebat
1341 1997 1492 2050 esse,
1538 1983 1612 2042 ad
1654 1985 1837 2046 Marci
1880 1990 2119 2052 cubicu-

184 2063 304 2124 lum
336 2066 604 2125 transire
632 2064 819 2122 iussit.
882 2061 1177 2122 honorum
1218 2071 1627 2127 maternorum
1668 2079 1901 2148 partem
1932 2075 2117 2136 Mum·
2155 2084 2189 2133 4

185 2152 300 2209 mio
332 2147 660 2221 Quadrato,
697 2149 920 2208 sororis
951 2145 1090 2216 filio,
1127 2149 1263 2224 quia
1293 2147 1395 2208 illa
1418 2151 1533 2210 iam
1560 2161 1793 2214 mortua
1818 2167 1963 2228 erat,
1998 2155 2118 2220 tra·

185 2233 347 2294 didit.
381 2242 525 2313 post
549 2249 861 2292 excessum
885 2231 1009 2290 diui
1031 2231 1121 2291 Pii
1151 2250 1184 2292 a
1208 2240 1418 2294 senatu
1443 2244 1680 2298 coactus
1712 2242 1978 2317 regimen
2012 2263 2119 2324 pu·
2158 2253 2190 2302 5

185 2317 402 2380 blicum
450 2335 672 2397 capere
716 2317 961 2378 fratrem
1005 2315 1121 2376 sibi
1159 2319 1515 2396 participem
1552 2323 1615 2380 in
1657 2324 1909 2403 imperio
1964 2329 2119 2392 desi.

119 2410 161 2449 2⁵
185 2405 403 2480 gnauit‚
441 2419 622 2480 quem
655 2401 898 2462 Lucium
921 2401 1226 2461 Aurelium
1245 2403 1462 2463 Verum
1495 2405 1881 2472 Commodum
1915 2415 2119 2494 appel-

182 2487 327 2548 lauit
377 2488 818 2564 Caesaremque
873 2491 1047 2564 atque
1086 2488 1417 2563 Augustum
1459 2488 1625 2552 dixit.
1699 2500 1875 2572 atque
1930 2517 2003 2558 ex
2046 2519 2116 2561 eo
2154 2509 2187 2556 6

183 2575 408 2650 pariter
443 2578 776 2651 coeperunt
805 2588 933 2631 rem
965 2568 1264 2649 publicam
1286 2589 1520 2650 regere.
1574 2583 1830 2656 tuncque
1857 2585 2119 2660 primum

182 2656 524 2718 Romanum
553 2657 874 2736 imperium
905 2655 1057 2715 duos
1085 2656 1383 2734 Augustos
1414 2656 1637 2722 habere
1670 2667 1888 2744 coepit,
1927 2668 2118 2730 *³¹‘lic-

181 2749 306 2801 tum
352 2760 497 2802 cum
539 2740 655 2801 alio
698 2741 1140 2820 participasset.
1218 2741 1498 2804 Antonini
1538 2763 1676 2807 mox
1715 2750 1847 2828 ipse
1891 2771 2117 2815 nomen

279 2979 312 3026 2
349 2993 472 3028 mar
494 2974 569 3026 B¹
602 2977 788 3025 martii
820 2973 895 3024 Β2
1032 2977 1064 3026 8
1097 2975 1248 3040 pium
1282 2976 1431 3042 apud
1464 2978 1536 3028 Βι
1683 2986 1714 3036 9
1751 2986 2123 3052 principatum

183 3042 308 3094 B¹P
450 3046 511 3092 11
540 3059 676 3110 puer
699 3061 792 3098 om.
818 3042 869 3092 B
1007 3045 1070 3092 12
1108 3042 1365 3096 delatans
1388 3044 1441 3094 B
1580 3052 1642 3102 13
1678 3055 1892 3117 respuit
1917 3057 1986 3107 Pl

186 3114 246 3162 15
273 3112 417 3162 duos
445 3110 512 3160 Ρ1
613 3105 624 3115 '
652 3113 720 3162 ab
748 3127 812 3162 eo
839 3113 982 3161 deest
1005 3113 1057 3160 in
1079 3110 1131 3160 B
1272 3114 1333 3163 17
1358 3117 1421 3162 ut
1446 3117 1543 3166 del.
1572 3116 1646 3166 B³
1782 3123 1845 3171 21
1872 3131 2121 3178 materno

183 3177 252 3228 Β1
369 3179 647 3230 meidio
674 3181 890 3231 Jordan.
915 3177 1206 3229 Volumnio
1231 3179 1351 3230 Μαί
1370 3183 1441 3232 ad
1460 3184 1639 3236 From.
1662 3204 1720 3252 p.
1745 3191 1850 3240 214
1874 3195 1953 3242 ed.
1984 3195 2122 3248 Rom.

283 3249 352 3298 22
379 3246 496 3296 filia
520 3246 592 3297 Β1
731 3251 796 3298 23
822 3262 1081 3312 reg-umen
1103 3246 1155 3296 B
1293 3249 1359 3298 26
1384 3251 1573 3316 aitque
1598 3253 1668 3304 P¹
1805 3260 1871 3308 28
1895 3263 2125 3311 lacunam

181 3317 255 3365 sic
280 3318 516 3380 empleut‘t
543 3315 610 3365 G:
647 3331 766 3366 cum
791 3315 848 3364 id
873 3329 1032 3364 nemo
1059 3319 1191 3364 ante
1217 3315 1385 3366 istum
1409 3334 1529 3369 cum
1555 3321 1683 3374 alio.
1755 3325 2124 3378 Mommsenus:

185 3397 306 3432 cum
339 3383 635 3448 imperium
671 3384 778 3434 sibi
811 3382 1078 3433 relictum.
1146 3383 1274 3444 fort.
1310 3384 1471 3436 uerba
1500 3386 1693 3441 lictum
1728 3409 1773 3442 c.
1811 3408 1862 3445 a.
1894 3397 2120 3460 partici-

185 3456 380 3514 passet
401 3452 740 3516 fraymentum
763 3458 841 3503 est
861 3453 1175 3515 ylossematis
1290 3452 1356 3502 29
1380 3456 1647 3508 antonino
1670 3459 1775 3510 BP
1796 3463 2123 3512 antoninum

187 3519 250 3567 M
385 3533 582 3570 nomen
606 3521 716 3586 ipsi
739 3535 936 3573 nomen
962 3518 1012 3568 B
1045 3519 1167 3584 ipso
1194 3517 1242 3566 Ρ

1982 3618 2031 3634 l·

254 3636 467 3674 sempr.
495 3643 644 3680 ms'r.
669 3645 796 3681 Avo.
854 3634 896 3682 1.
1676 3603 1715 3662 4
