2517 3884
317 171 554 222 INDEX
589 171 940 222 HOMINVM
973 171 1071 220 ΕΤ
1106 171 1361 222 RERVM
1394 171 1970 224 MEMORABILIVM
2066 170 2193 236 241

87 340 332 390 Asellius
369 339 710 390 Claudianus
747 355 782 390 a
817 339 942 390 Seu.
981 341 1128 391 occi·
1178 339 1509 390 Atheniensis
1543 339 1598 389 11
1636 342 1759 402 139,
1801 342 1851 391 7.
1892 318 2017 402 184,
2054 343 2104 390 2.

175 423 270 457 sus
305 410 424 473 134,
463 411 513 462 6.

89 477 240 524 Asia
286 479 379 539 13,
429 479 512 526 32.
554 478 644 538 73,
695 478 744 526 9.
795 477 919 538 171,
961 478 1009 527 7.
1069 475 1126 526 11

168 545 256 606 57,
293 546 379 596 20.
429 545 525 606 75,
563 545 611 593 6.
651 545 744 607 77,
781 545 866 592 24.
906 544 1000 607 79,
1037 545 1121 592 23.

173 613 300 673 128,
352 613 434 660 11.
486 637 550 646 -
595 626 695 676 per
738 611 832 661 As,
882 611 991 661 iter
1035 611 1123 659 fa-

169 679 334 728 ciens
369 679 549 729 Hadr.
585 679 796 744 templa
836 679 923 728 sui
947 679 1123 729 nomi-

167 748 262 796 nis
300 748 666 798 consecrauit
703 749 782 808 14,
823 748 904 796 14.
951 747 1120 796 Asiae

168 814 630 878 proconsulatum
687 816 804 882 egit
857 814 990 864 Pius
1035 816 1121 877 35,

165 883 257 932 30.
317 881 530 948 oppida
586 883 690 933 Pio
748 883 880 948 imp.
935 887 1121 933 terrae

169 955 326 1000 motu
407 950 770 1000 conciderunt
846 952 950 1012 40,
1035 952 1118 1002 20.

169 1019 342 1068 Asiae
413 1018 711 1084 proconsul
785 1017 938 1070 Com.
993 1018 1122 1084 imp.

1177 407 1582 458 inAtheniemea
1596 409 1767 458 multa
1782 409 2073 459 contulitH
2078 407 2196 459 adr.

1248 477 1339 535 14,
1394 477 1443 526 2.
1491 490 1687 540 opera,
1739 490 1880 539 quae
1928 477 2073 542 apud
2103 475 2196 528 ·A.

1246 546 1525 608 coeperat,
1546 542 1831 593 dedicauit
1850 545 1931 608 14,
1963 547 2043 595 13.
2072 558 2195 594 cum

1247 609 1377 664 Seu.
1408 610 1647 660 iniurias
1674 611 1939 676 quasdam
1962 611 2032 661 ab
2066 611 2193 661 Ath.

1245 678 1597 742 pertuliss‘et,
1648 679 1943 750 minuendo
2007 693 2195 729 eorum

1245 745 1545 810 priuilegia
1594 747 1895 812 imperator
1940 763 2001 796 se
2047 745 2193 796 ultus

1247 818 1333 863 est
1358 815 1473 876 127,
1502 817 1549 863 7.
1586 814 1651 866 A.
1681 814 1821 864 duce
1834 815 2087 880 Dexippo
2107 815 2193 864 ui·

1245 885 1440 931 cerunt
1477 881 1685 932 Gothos
1713 883 1771 933 11
1796 884 1880 945 84,
1910 883 1991 936 23.
2062 882 2191 934 Ath.

1245 947 1495 1014 exemplo
1532 949 1739 1000 Romae
1778 951 2054 1000 amnestia
2100 949 2191 1000 de-

1247 1022 1401 1066 creta
1436 1017 1495 1067 11
1534 1017 1650 1080 163,
1689 1020 1773 1068 23.

167 1084 410 1136 Crassus
435 1087 518 1149 95,
547 1088 627 1140 14.
666 1086 727 1138 A.
749 1086 1123 1136 Romanorum
1177 1084 1485 1134 Athenionis
1557 1084 1805 1150 exemplo
1878 1086 2195 1150 imperabat

169 1158 260 1203 est
302 1152 362 1202 11
406 1155 494 1217 68,-
543 1155 632 1216 14;
673 1155 752 1204 15.
811 1159 1042 1204 uastata
1089 1169 1122 1204 a

1243 1151 1393 1202 Max.
1430 1151 1573 1214 119,
1610 1153 1693 1206 28.

165 1220 396 1285 Scythis
421 1222 477 1271 11
514 1223 594 1280 78,
633 1224 722 1283 2ος
765 1223 858 1284 27,
909 1226 964 1271 et
1011 1222 1122 1272 cle·
1180 1220 1511 1272 Atherianus.
1530 1219 1707 1270 Iulius
1731 1247 1807 1269 -.
1842 1221 2109 1274 citatur,
2137 1222 2194 1271 ΙΙ

165 1294 481 1340 mentorum
545 1290 1000 1341 concussionibus
1066 1288 1124 1340 11

1242 1289 1327 1350 95,
1350 1289 1448 1338 is.

169 1358 265 1420 78,
317 1359 400 1407 27.
451 1373 485 1406 a
533 1356 729 1408 Gothis
789 1361 1019 1408 uastata
1064 1358 1122 1408 11
1173 1371 1275 1421 per
1310 1356 1573 1418 athletam,
1626 1370 1747 1405 cum
1785 1370 1892 1419 quo
1942 1359 2190 1406 exerceri

165 1425 256 1487 84,
296 1427 380 1477 22.
418 1425 482 1474 A.
519 1424 738 1490 legatus
773 1428 891 1488 201,
935 1428 1018 1476 19.
1054 1425 1117 1478 A.

165 1493 598 1558 proconsulatus
633 1494 729 1557 94,
765 1494 849 1544 35.
906 1494 1031 1558 118,
1069 1495 1120 1545 9.

95 1559 385 1681 ,4.ξέτῖἕῖ
423 1563 615 1694 {gipso
641 1655 724 1678 -.
763 1627 876 1679 uid.
913 1628 1120 1694 Scipio.

97 1697 418 1776 Aspfianus.
455 1697 686 1747 Fuluius
725 1722 806 1745 —.
844 1696 957 1750 uid.
986 1697 1122 1748 Ful-

97 1779 440 1897 Anggbmm
475 1832 727 1882 tribunus
763 1833 821 1882 ΙΙ
859 1835 975 1896 132,
1012 1834 1062 1883 9.

1125 1820 1155 1837 d

1241 1422 1493 1485 solebat,
1556 1421 1707 1472 Com.
1768 1423 2195 1492 strangularunt

1241 1491 1455 1540 Laetus
1491 1494 1549 1540 et
1583 1491 1801 1540 Marcia
1840 1493 1955 1554 101,
1994 1493 2078 1543 22.

1176 1561 1386 1609 Atidius
1422 1557 1810 1624 Cornelianus,
1850 1559 1943 1623 qui
1968 1557 2192 1624 Syriam

1245 1626 1700 1690 administrabat,
1742 1627 1967 1693 fugatus
2005 1642 2040 1677 a
2084 1627 2193 1677 Vo-

1243 1695 1468 1760 logesso
1502 1697 1585 1758 50,
1626 1697 1707 1746 26.

1176 1763 1368 1813 Atilius
1414 1762 1653 1814 Seuerus
1702 1763 1899 1814 consul
1950 1778 1983 1812 a
2037 1761 2189 1813 Com.

1245 1831 1302 1879 in
1340 1829 1568 1880 exilium
1606 1835 1766 1881 actus
1802 1829 1898 1894 92,
1936 1833 2019 1880 24.

97 1899 347 1950 Astacum
393 1901 678 1950 incensam
725 1901 973 1965 grauiter
1026 1915 1124 1950 ua·
1177 1925 1242 1934 -—
1279 1898 1535 1948 Titianus
1578 1899 1918 1964 proscriptus
1965 1903 2052 1953 est
2098 1898 2191 1947 ad-

167 1971 394 2018 starunt
430 1967 676 2031 Scythae
713 1969 769 2018 11
805 1970 887 2028 77,
928 1970 1008 2018 10.

1246 1966 1495 2016 sectatae
1516 1966 1827 2029 tyrannidis
1847 1980 1975 2017 reus
1994 1967 2079 2027 38,
2107 1969 2191 2015 31.

101 2039 399 2100 astrologos
423 2035 574 2098 (126,
611 2034 698 2098 22)
736 2037 794 2085 in
831 2035 1120 2085 familiari·
1176 2033 1492 2083 Atrabatica
1528 2049 1667 2098 saga
1704 2034 1761 2083 11
1799 2035 1888 2092 79,
1929 2036 1976 2082 1’.

168 2108 292 2153 tate
329 2103 527 2153 habuit
562 2103 738 2157 Hadr.
780 2106 861 2166 17,
905 2105 984 2156 14.

1177 2101 1248 2152 ab
1272 2101 1547 2152 Atrabatae's
1568 2102 1703 2152 birri
1726 2102 1893 2167 petiti
1905 2100 1961 2150 11
1974 2102 2090 2162 227,
2107 2102 2188 2152 15.

97 2169 1122 2236 Astyanaae.Maeonius—.uid.Mae-
1177 2170 1407 2219 Attalum
1452 2169 1512 2218 in
1564 2169 1966 2234 proconsulatu
2021 2168 2189 2218 Asiae

169 2241 351 2291 onius.

99 2311 302 2371 asylum
337 2308 455 2371 204,
495 2310 576 2359 17.

1244 2237 1437 2356 ξὶιὶἓέ
1472 2237 1782 2287 Antoninus
1829 2236 2194 2286 damnauerat

1316 2342 1329 2368 ,
1441 2341 1453 2354 .

101 2377 292 2426 Ateius
340 2373 582 2426 Sanctus
632 2379 818 2426 orator
854 2372 1124 2440 magister
1179 2374 1475 2423 Attellanas
1522 2373 1582 2422 in
1629 2373 1887 2423 conuiuio
1941 2371 2193 2422 exhibuit

172 2443 460 2494 Commodi
496 2444 582 2504 89,
625 2446 704 2495 15.

102 2511 384 2561 Atellanae
417 2511 530 2564 uid.
561 2510 910 2562 Attessanae.

97 2581 342 2631 Athenae
380 2581 470 2644 14,
511 2581 590 2630 12.
639 2581 737 2642 65,
783 2581 869 2628 24.
930 2582 1019 2644 73,
1070 2581 1116 2629 7.

165 2650 296 2709 127,
333 2649 383 2697 5.
422 2647 478 2697 11
513 2648 598 2708 82,
640 2650 720 2698 10.
768 2647 997 2698 Athenis
1033 2663 1117 2697 ar-

165 2711 314 2767 chon
347 2715 458 2765 fuit
494 2715 666 2766 Hadr.
707 2717 790 2780 19,
820 2717 898 2768 14.
927 2717 983 2764 in
1009 2720 1117 2765 sta-

162 2784 258 2832 dio
295 2784 650 2834 uenationem
687 2782 843 2832 milla
877 2783 1118 2834 ferarum

165 2850 420 2900 exhibuit
466 2853 556 2914 19,
609 2853 690 2903 16.
769 2850 1116 2902 Athenarum

163 2934 302 2984 pars
337 2918 408 2968 ab
445 2917 618 2969 Hadr.
667 2918 952 2984 appellata
1004 2919 1120 2969 Ha·

165 2986 510 3051 drianopolis
547 2989 632 3049 20,
673 2990 755 3042 17.

97 3058 420 3106 Athenaeum
477 3057 602 3117 113,
653 3059 704 3106 5.
752 3056 822 3106 ad
880 3055 944 3104 A.
1008 3056 1114 3105 fre-

170 3128 407 3188 quenter
429 3125 704 3188 processit
714 3123 871 3173 Alex.
888 3123 1116 3173 audien—

167 3193 360 3242 dorum
397 3191 676 3240 rhetorum
701 3191 793 3241 uel
829 3196 1118 3256 poetarum

167 3273 344 3308 causa
380 3260 499 3321 251,
545 3260 626 3311 26.
678 3260 738 3308 in
787 3260 850 3309 A.
902 3264 1118 3309 contro·

163 3328 383 3376 uei-sias
431 3326 770 3388 declamauit
816 3325 979 3378 Gord.
1035 3342 1117 3392 pr.

163 3395 220 3445 ΙΙ
257 3397 353 3456 29,
390 3397 475 3449 20.

97 3465 400 3513 Athenaeus
410 3463 716 3527 Byzantius
732 3461 970 3526 Scythas
978 3463 1120 3512 uicit

170 3647 386 3682 scnxrr.
423 3647 572 3681 ffls'r.
609 3647 738 3682 Ave.
770 3631 840 3683 11.

1243 2441 1417 2494 Hadr.
1458 2441 1541 2501 26,
1580 2443 1631 2492 3.

1173 2510 1455 2560 Attianum.
1519 2507 1771 2560 Caelium
1826 2535 1890 2544 —
1948 2509 2193 2575 equitem

1241 2578 1547 2628 Romanum
1582 2577 1900 2628 Hadrianus
1920 2581 2081 2642 patre
2107 2592 2191 2626 or-

1240 2647 1404 2696 batus
1434 2650 1697 2698 ,tutorem
1757 2645 1954 2696 habuit
1998 2649 2057 2708 3,
2108 2645 2188 2696 16.

1238 2714 1301 2764 A.
1351 2713 1599 2764 amicitia
1644 2715 1907 2763 utebatur
1950 2713 2189 2762 Hadria·

1239 2797 1341 2832 nus
1378 2783 1427 2844 6,
1466 2784 1515 2836 7.
1551 2780 1617 2834 A.
1647 2781 1929 2830 admonuit
1952 2779 2189 2828 Hadria-

1239 2864 1369 2899 num
1413 2854 1474 2898 ut
1520 2848 1821 2912 Baebium,
1876 2847 2189 2907 Laberium,

1238 2917 1413 2982 Frugi
1462 2915 1721 2966 Crassum
1756 2921 1985 2966 necaret
2021 2916 2069 2978 7,
2110 2916 2189 2964 16.

1240 3001 1363 3034 cum
1409 2984 1635 3034 Plotina
1683 2987 1740 3034 et
1786 2983 2026 3032 Matidia
2062 2983 2187 3032 reli·

1241 3055 1401 3118 quias
1449 3051 1682 3101 Traiani
1729 3051 2023 3102 deferebat
2059 3050 2189 3113 (Ro-

1239 3119 1407 3185 mam)
1447 3122 1497 3184 7,
1518 3121 1605 3170 27.
1646 3119 1715 3169 ab
1737 3119 1911 3168 Hadr.
1941 3133 2008 3168 ex
2027 3134 2189 3184 prae-

1240 3191 1393 3239 fecto
1442 3187 1710 3253 praetorii
1746 3187 1932 3237 factus
1966 3193 2191 3237 senator

1241 3260 1323 3320 10,
1360 3257 1410 3306 6.
1448 3255 1781 3305 obtruncare
1819 3271 1939 3305 eum
1972 3255 2189 3306 niteba-

1238 3330 1331 3375 tur
1363 3324 1538 3379 Hadr.
1578 3325 1657 3384 10,
1696 3324 1778 3376 24.
1817 3339 2009 3374 necem
2030 3328 2191 3388 quat-

1171 3431 1182 3442 .
1239 3399 1369 3466 tuor
1405 3391 1773 3443 consularium
1808 3393 1867 3442 in
1909 3393 1973 3444 A.
2012 3391 2188 3442 consi-

1240 3461 1323 3511 lia
1369 3460 1703 3512 refundebat
1746 3461 1918 3510 Hadr.
1967 3463 2056 3523 10,
2105 3462 2189 3508 26.

1243 3529 1301 3578 id
1340 3530 1457 3597 egit
1492 3529 1663 3580 Hadr.
1713 3535 1775 3580 ut
1820 3543 2191 3579 successorem

1703 3611 1780 3675 16
