2517 3884
763 176 1192 243 AVRELIANVS.
1283 179 1339 235 ι’.
1383 184 1552 235 4-7.
2006 176 2120 239 141

308 343 537 403 Priuati
589 340 764 401 huius
820 341 1005 403 multa
1057 351 1262 403 extant
1320 346 1557 423 egregia
1610 346 1893 407 facinoia.
1985 366 2123 407 nam
2160 360 2191 407 3

177 434 575 506 erumpentes
607 426 905 487 Sarmatas
945 429 1008 487 in
1039 426 1279 507 illyrico
1320 448 1452 489 cum
1484 432 1769 491 trecentis
1799 431 2121 510 praesidia-

175 514 292 573 riis
321 512 488 572 solus
519 509 776 572 adtriuit.
837 512 1026 573 refert
1055 511 1393 584 Theoclius,
1431 514 1937 577 Caesareanorum
1970 524 2120 577 tem·
2157 528 2191 575 4

175 616 398 678 porum
443 597 729 675 scriptor,
790 597 1172 658 Aurelianum
1219 616 1397 659 manu
1444 612 1548 659 sua
1590 599 1749 661 bello
1794 600 2120 661 Sarmatico

22 690 25 725 =
126 696 153 737 5
177 700 302 743 una
333 680 430 741 die
463 680 852 759 quadraginta
888 688 947 741 et
977 690 1110 742 octo
1150 684 1557 753 interfecisse,
1605 684 1882 763 plurimis
1923 693 2122 746 autem

179 774 240 827 et
272 766 538 829 diuersis
568 765 780 827 diebus
812 766 966 827 ultra
1003 774 1335 844 nongentos
1380 770 1831 849 quinquaginta,
1875 769 2024 831 adeo
2057 778 2123 831 ut

179 853 362 913 etiam
393 850 652 911 ballistia
692 853 864 930 pueri
905 859 965 911 et
993 851 1437 913 saltatiunculas
1467 857 1529 913 in
1558 852 1939 915 Aurelianum
1971 854 2121 916 tales

175 944 622 1013 componerent,
653 934 874 1013 quibus
903 935 1112 997 diebus
1142 938 1313 997 festis
1341 936 1676 1000 militariter
1704 938 2067 1001 saltitarent:

309 1020 473 1081 Mille
503 1019 666 1081 mille
697 1020 859 1081 mille
890 1019 1339 1083 decollauimus.
2158 1038 2189 1085 5

103 1124 154 1163 ιο
313 1124 473 1167 unus
502 1104 683 1166 homo
715 1104 876 1166 mille
909 1104 1355 1168 decollauimuS.

309 1187 478 1250 mille
507 1191 672 1251 uiuat
703 1192 806 1267 qui
836 1189 998 1251 mille
1029 1190 1265 1252 occidit.

311 1282 544 1335 tantum
575 1276 704 1345 uini
733 1274 910 1335 nemo
940 1274 1122 1336 habet
1151 1282 1437 1352 quantum
1468 1276 1622 1337 rudit
1650 1277 1972 1353 sanguinis

178 1359 332 1421 haec
365 1359 546 1421 uideo
579 1378 711 1421 esse
741 1358 1086 1439 perfriuola,
1120 1359 1227 1421 sed
1259 1361 1395 1437 quia
1426 1379 1609 1440 supra
1634 1364 1893 1441 scriptus
1912 1368 2119 1422 auctor
2157 1376 2189 1423 6

179 1448 262 1507 ita
295 1444 508 1505 eadem
549 1452 616 1504 ut
659 1452 802 1505 sunt
841 1445 1049 1506 Latina
1092 1446 1217 1506 suis
1257 1446 1499 1524 scriptis
1550 1448 1829 1517 inseruit,
1874 1446 2120 1507 tacenda

105 1548 156 1589 ιε,
183 1549 320 1591 esse
351 1548 474 1591 non
505 1528 749 1590 credidi.
785 1529 944 1590 idem
975 1530 1134 1609 apud
1163 1530 1601 1608 Mogontiacum
1631 1530 1909 1593 tribunus
1934 1530 2117 1609 legio·
2153 1532 2188 1593 7

179 1617 278 1677 nis
307 1620 511 1675 sextae
541 1612 878 1675 Gallicanae
907 1614 1175 1676 Francos
1204 1616 1545 1686 inruentes,
1591 1634 1728 1677 cum
1758 1622 2121 1693 uagarentur

177 1717 293 1780 per
323 1704 512 1759 totam
543 1697 824 1768 Galliam,
869 1700 956 1759 sie
995 1698 1224 1761 adflixit
1258 1706 1326 1761 ut
1357 1708 1658 1763 trecentos
1690 1720 1762 1761 ex
1792 1699 1887 1763 his
1916 1709 2123 1780 captos

181 1785 583 1863 septingentis
611 1785 984 1863 interemptis
1015 1784 1125 1845 sub
1155 1803 1379 1846 corona
1408 1785 1767 1847 uendiderit.
1819 1786 1975 1903 unde
2006 1787 2116 1846 ite·
2155 1799 2185 1845 2

185 1888 328 1930 rum
361 1868 436 1929 de
467 1886 539 1927 eo
569 1868 721 1929 sacta
753 1875 842 1929 est
873 1868 1196 1930 cantilena.

107 1973 199 2023 so,
203 1952 390 2025 ,Mille
411 1952 733 2023 SarmataS,
773 1952 934 2015 mille
958 1954 1224 2014 Francos
1253 1953 1439 2014 semel
1472 1962 1529 2015 et
1552 1954 1737 2015 semel
1772 1898 2115 2023 occidimus,

597 2036 761 2099 mille
793 2039 1005 2099 Persas
1037 2040 1447 2117 quaerimusf‘

179 2123 292 2185 Hic
323 2128 554 2191 autem,
602 2129 668 2181 ut
697 2141 881 2202 supra
911 2115 1205 2194 diximus,
1247 2122 1562 2185 militibus
1574 2125 1653 2183 ita
1688 2124 1885 2183 timori
1914 2123 2025 2183 fuit
2058 2131 2120 2182 ut
2155 2138 2186 2185 3

179 2208 292 2269 sub
325 2225 416 2277 eo,
449 2215 835 2286 posteaquam
865 2206 1054 2268 semel
1083 2226 1220 2269 cum
1250 2208 1479 2284 ingenti
1507 2209 1828 2269 seueritate
1852 2216 2117 2267 castren-

181 2295 270 2355 sia
299 2298 548 2371 peccata
577 2294 856 2362 correxit,
889 2310 1068 2353 nemo
1098 2293 1459 2372 peccauerit.
1508 2292 1671 2353 solus
1701 2292 1957 2369 denique
1989 2311 2113 2351 om·
2154 2307 2188 2353 4

106 2396 156 2436 25
181 2380 352 2439 nium
381 2376 650 2447 militem,
686 2380 790 2456 qui
820 2376 1174 2439 adulterium
1205 2396 1340 2437 cum
1372 2376 1623 2456 hospitis
1652 2396 1839 2438 uxore
1870 2379 2115 2438 commi-

321 2549 348 2595 1
374 2545 638 2611 priuatim
659 2544 824 2596 BPM
981 2548 1012 2596 3
1046 2545 1254 2596 adriuit
1286 2545 1367 2595 B¹
1529 2546 1680 2596 refer
1703 2543 1778 2595 Ρί
1828 2544 1988 2609 (corr.
2015 2543 2117 2608 P⁸)

317 2616 352 2664 4
374 2612 523 2663 bello
549 2629 640 2665 om.
667 2613 728 2663 M
865 2613 896 2661 6
919 2612 1038 2663 ulta
1064 2612 1138 2663 P¹
1277 2617 1591 2679 nungentos
1614 2613 1719 2663 BP
1860 2617 1923 2663 ut
1946 2629 2040 2664 om.
2067 2613 2119 2662 B

317 2684 348 2731 7
373 2680 636 2731 ballistea
662 2680 724 2730 M
882 2680 1350 2731 saltantiunculas
1382 2680 1455 2730 B¹
1614 2682 1673 2731 in
1708 2697 1801 2732 om.
1831 2680 1933 2731 BP
2088 2683 2119 2731 9

183 2751 578 2814 componerent
611 2750 732 2799 add.
769 2749 958 2813 Egnat.
1008 2765 1074 2798 an
1106 2749 1254 2799 tales
1291 2750 1617 2813 quibusdam
1663 2749 1857 2799 diebus
1902 2748 1981 2797 fi?

180 2836 230 2867 u.
257 2820 288 2867 1
316 2819 581 2882 quinquies
614 2816 856 2867 exhibent
877 2816 1026 2867 mille
1052 2815 1216 2875 P⁸M,
1241 2836 1292 2867 u.
1318 2820 1351 2867 2
1377 2825 1473 2868 ter.
1614 2819 1675 2866 11
1702 2832 1863 2867 annos
1885 2818 2121 2880 adscrip-

181 2887 252 2935 sit
275 2883 358 2934 Β8
495 2882 655 2933 bibat
690 2884 977 2935 Buecheler
999 2901 1060 2935 m.
1086 2885 1182 2933 Rh.
1207 2902 1256 2935 n.
1286 2884 1479 2934 XIIII
1502 2901 1555 2947 p.
1584 2887 1712 2934 433.
1752 2885 2033 2936 Corssenus
2058 2885 2121 2933 de

179 2954 499 3017 pronuntiat.
525 2950 660 3016 Ilp
665 2954 809 3001 ,414
834 2953 984 3003 hosce
1009 2968 1186 3002 uersus
1210 2955 1286 3002 ita
1309 2952 1513 3002 scribit:
1539 2951 1721 3014 Mille,
1747 2951 1923 3013 mille,
1950 2950 2119 3012 mille,

183 3019 362 3081 mille,
397 3018 548 3069 mille
585 3018 994 3069 decollauimus.
1037 3016 1066 3085 l}
1110 3016 1252 3069 tinus
1276 3020 1436 3070 homo
1460 3018 1627 3082 mille,
1652 3019 1821 3081 mille,
1854 3018 2003 3069 mille
2030 3017 2119 3067 de·

186 3086 528 3139 coffluimus.
563 3084 590 3152 Η
621 3086 800 3148 mille,
827 3086 1000 3149 mille,
1027 3086 1206 3149 mille,
1231 3086 1407 3148 mille,
1442 3086 1627 3149 uiuat,
1667 3088 1761 3151 qui
1792 3085 1941 3137 mille
1976 3085 2120 3137 occi-

185 3156 272 3204 dit
310 3150 334 3220 ΙΙ
375 3154 592 3205 tantum
615 3155 734 3204 uini
757 3152 916 3205 nemo
940 3155 1127 3217 habet,
1155 3156 1422 3219 quantum
1446 3155 1591 3204 fudit
1618 3154 1919 3219 sanguinis.
2058 3156 2121 3204 12

186 3223 359 3273 habet
381 3238 542 3273 nemo
568 3223 634 3272 M
790 3225 853 3273 13
878 3221 1177 3288 perfribola
1204 3223 1307 3273 BP
1464 3224 1528 3273 15
1552 3224 1889 3272 montiacum
1914 3220 2119 3285 BP(M)

187 3291 604 3355 Mogontiacum
627 3292 818 3355 scripsi
931 3292 994 3340 16
1018 3296 1323 3354 uagaretur
1343 3290 1427 3339 B¹
1546 3292 1607 3341 19
1635 3290 1739 3340 deo
1763 3290 1813 3339 B
1828 3289 1898 3339 ¹P
1916 3297 1954 3343 t.
1970 3290 2120 3341 Iord.

323 3360 387 3407 21
444 3358 723 3409 Corssenus
765 3360 796 3409 l.
829 3376 874 3409 s·
918 3376 972 3421 p.
1011 3361 1113 3408 415
1155 3362 1228 3408 ita
1267 3358 1474 3409 scribit:
1508 3356 1684 3421 mille,
1726 3356 1904 3419 mille,
1948 3355 2118 3416 mille,

185 3424 365 3487 mille,
403 3424 554 3477 mille
588 3428 791 3477 Persas
825 3424 1154 3490 quaerimus,
1317 3428 1383 3475 22
1418 3425 1654 3476 diximus
1678 3441 1772 3477 om.
1797 3425 1900 3475 BP
2056 3427 2122 3473 24

187 3508 401 3545 omnem
426 3492 509 3543 B³
649 3496 715 3546 25
738 3510 962 3545 uxorem
985 3493 1067 3543 P¹
1208 3494 1585 3543 commisserat
1607 3493 1659 3543 B
