2517 3884
345 126 501 182 xvnl
1125 122 1515 178 PRAEFATIO.

344 261 480 318 duit.
538 277 644 335 qua
696 259 914 334 quidem
965 260 1022 314 in
1075 275 1133 312 re
1187 259 1240 314 in
1286 258 1605 313 uniuersum
1647 273 1839 313 uerum
1882 257 2021 313 uidit
2066 259 2122 313 in
2152 260 2296 315 uitis

344 347 759 418 Maximinorum
791 351 846 399 et
865 343 1076 399 Maximi
1105 343 1423 415 Balbinique
1452 357 1631 415 neque
1661 350 1843 398 tamen
1874 359 1991 400 rem
2022 342 2291 406 absoluit,

346 431 495 504 quod
525 432 582 486 in
610 432 711 486 uit.
744 428 878 485 Max.
913 431 974 482 18
1002 427 1187 489 haece,
1221 442 1359 500 quae
1391 421 1627 482 diuersis
1658 426 1797 483 locis
1827 428 2081 500 ponenda
2110 437 2293 491 erant,

345 515 485 572 falso
518 518 662 571 inter
691 529 750 570 se
780 514 1064 569 conexuit:
1118 510 1234 573 ,sed
1276 512 1441 567 etiam
1483 527 1585 566 uos
1628 519 1684 567 et
1725 526 1915 569 omnes
1947 513 2040 584 qui
2074 528 2289 569 mecum

344 608 474 656 suut
507 593 516 678 Ι
545 615 706 674 quam
738 605 794 652 et
835 596 1047 654 senatui
1089 596 1534 669 acceptissimam
1554 627 1629 635 —
1672 604 2059 670 nuncuparunt
2092 591 2099 674 Ι
2128 600 2288 654 uario

345 693 598 759 tempore
639 699 764 740 cum
807 684 969 739 etiam
1013 681 1078 736 de
1110 681 1313 737 isauria
1346 673 1354 756 Ι
1390 681 1633 736 sentiunt
1662 689 1716 736 et
1746 681 2043 753 gordianos
2072 690 2288 755 patrem

345 785 408 825 ac
448 767 616 825 filium
650 774 918 865 augustos
961 767 1266 822 uocarunt?
1311 763 1401 837 (cf.
1444 764 1572 820 hist.
1619 767 1739 822 crit.
1772 783 1826 838 p.
1860 767 1927 819 30
1944 782 2069 840 sqq.
2074 764 2127 838 );
2188 767 2289 822 sed

345 855 506 910 etiam
551 853 725 925 magis
767 853 948 908 omnia
993 850 1216 907 miscuit
1268 852 1322 905 in
1364 851 1479 906 uita
1519 849 1825 911 Alexandri,
1883 850 2031 923 quod
2070 859 2289 924 partem

341 939 510 994 hanc:
544 945 620 999 ,et
649 937 854 1010 templa
883 935 1098 1009 reliqua
1129 935 1526 991 deserenda—
1550 941 1606 990 et
1636 934 1779 1008 apud
1811 933 2079 1009 populum
2108 935 2284 992 lectis’

345 1022 410 1094 (c.
441 1019 702 1092 43—58),
750 1019 949 1094 quibus
988 1019 1148 1076 initio
1188 1020 1331 1076 'salso
1364 1019 1660 1076 adhaerent
1688 1019 1888 1075 uerba:
1943 1020 2147 1082 ,occiso
2178 1020 2290 1076 He-

341 1105 614 1178 liogabalo
637 1104 733 1162 ubi
764 1107 997 1180 primum
1027 1103 1265 1162 fecisset’
1286 1103 1448 1178 (quae
1472 1113 1696 1178 excepta
1720 1104 1911 1160 ultima
1935 1121 2074 1161 uoce
2098 1103 2287 1161 locum

274 1237 280 1252 .
344 1208 504 1248 suum
534 1189 737 1248 hahent
766 1190 822 1244 in
851 1192 969 1246 uita
998 1187 1312 1260 Maximini),
1344 1191 1678 1263 interposuit
1706 1197 1833 1264 post
1863 1189 2033 1260 uerba
2062 1207 2183 1264 cap.
2218 1192 2285 1244 15

343 1275 580 1350 ‚capitali
610 1292 788 1350 poena
818 1273 1013 1331 affecit’
1047 1282 1104 1330 et
1135 1275 1376 1348 ,negotia
1405 1282 1461 1330 et
1489 1290 1681 1331 causas
1701 1275 1865 1348 'prius
1889 1291 1918 1330 a
1951 1275 2284 1331 scriniorum

341 1360 718 1435 principibus’.
791 1376 972 1432 neque
1013 1358 1229 1415 felicius
1274 1360 1323 1414 ei
1367 1377 1455 1416 res
1488 1359 1655 1415 cessit
1682 1361 1737 1415 in
1766 1358 1901 1416 uitis
1932 1358 2054 1416 Gari
2085 1367 2141 1415 et
2174 1359 2286 1415 Nu·

341 1446 587 1507 meriani‚
649 1444 742 1501 ubi
786 1461 896 1500 non
939 1443 1120 1500 minus
1163 1445 1344 1499 omnia
1386 1442 1452 1499 ab
1495 1460 1560 1500 eo
1591 1443 1913 1517 perturbata
1944 1451 2093 1499 sunt.
2138 1452 2194 1499 at
2224 1447 2283 1500 in

341 1530 528 1586 uerbis
558 1531 693 1603 ipsis
739 1527 1110 1585 describendis
1143 1528 1394 1601 quamuis
1425 1530 1728 1608 corruptio,
1773 1528 1921 1602 quod
1952 1545 2041 1586 res
2073 1528 2289 1585 ferebat

343 1617 399 1670 in
431 1614 617 1672 codice
649 1613 974 1670 recentioris
1005 1612 1216 1674 aetatis,
1249 1612 1415 1669 latius
1445 1621 1643 1686 uagata
1673 1613 1763 1675 sit,
1807 1612 2125 1686 diligentius
2156 1629 2289 1669 esse

339 1706 596 1755 uersatus
629 1699 868 1760 uidetur,
900 1699 974 1754 ita
1004 1704 1066 1754 ut
1094 1697 1185 1754 uel
1215 1699 1273 1753 in
1304 1699 1381 1753 eis
1412 1697 1641 1760 mendis,
1670 1698 1767 1754 ubi
1798 1697 2101 1755 emendatio
2128 1697 2280 1754 facil-

339 1783 472 1840 lima
500 1789 635 1845 erat,
665 1784 756 1840 hic
783 1782 922 1839 liber
954 1799 1077 1839 cum
1099 1784 1154 1837 B
1179 1790 1234 1838 et
1262 1783 1317 1839 P
1335 1785 1689 1845 consentiret,
1721 1783 1826 1846 nisi
1859 1783 2007 1856 quod
2036 1789 2284 1840 extremo

342 1870 520 1942 capite
549 1869 698 1924 uitae
729 1866 998 1924 Valeriani
1030 1869 1263 1923 iunioris
1293 1875 1457 1942 atque
1488 1869 1681 1941 primis
1713 1866 2084 1924 Gallienorum
2112 1867 2287 1925 libra-.-

341 1957 458 2008 rius
502 1968 701 2026 operae
743 1953 980 2026 pretium
1023 1969 1134 2008 non
1173 1952 1325 2008 duxit
1368 1954 1547 2008 omnia
1578 1961 1830 2009 accurate
1860 1951 2175 2026 depingere.
2219 1961 2291 2008 ut

342 2039 504 2094 etiam
534 2038 721 2111 plures
751 2037 966 2094 litterae
997 2036 1088 2093 hic
1117 2037 1297 2093 desint
1328 2053 1489 2110 quam
1520 2039 1576 2093 in
1606 2037 1663 2092 B
1694 2044 1750 2092 et
1778 2037 1846 2092 P.

455 2122 622 2178 ·Hunc
662 2122 863 2180 librum
907 2125 1024 2197 ipse
1053 2122 1252 2178 Romae
1297 2122 1529 2197 inspexi,
1574 2122 1670 2179 sed
1700 2137 1824 2178 cum
1867 2121 2280 2195 cognouissem‚

341 2207 550 2263 Bonum
579 2207 903 2264 Accursium
945 2224 1058 2270 non
1089 2207 1267 2264 solum
1298 2206 1612 2280 possedisse
1643 2223 1769 2263 eum
1798 2207 1895 2262 sed
1925 2208 2089 2263 etiam
2117 2223 2281 2262 usum

237 2289 308 2346 M
345 2307 468 2348 esse
505 2309 628 2349 cum
669 2293 972 2348 editionem
1013 2292 1348 2384 principem
1400 2290 1563 2364 (quae
1592 2289 1911 2346 Mediolani
1948 2307 2088 2346 anno
2143 2294 2283 2345 1475

323 2376 568 2451 prodiit)
587 2384 820 2438 curaret,
839 2384 1090 2452 arteque
1096 2377 1155 2430 in
1178 2375 1500 2430 uniuersum
1524 2376 1763 2448 uestigia
1786 2373 1905 2429 eius
1930 2382 2196 2437 secutum,
2224 2384 2281 2431 et

339 2478 464 2518 cum
488 2461 592 2518 iam
617 2468 775 2516 antea
798 2460 963 2516 editio
988 2457 1513 2516 iilaMediolanensis
1544 2474 1575 2515 a
1597 2475 1682 2515 me
1713 2458 1929 2514 conlata
1958 2465 2123 2524 esset,
2146 2477 2281 2516 con-

339 2546 522 2604 silium
564 2544 905 2602 describendi
937 2543 1124 2605 abieci,
1167 2545 1493 2617 praesertim
1539 2560 1662 2600 cum
1705 2544 1975 2616 temporis
2005 2546 2288 2614 angustiis

337 2631 538 2687 Romae
563 2628 977 2686 intercluderer.
1003 2627 1069 2684 ad
1093 2625 1240 2684 solas
1271 2626 1391 2684 illas
1414 2627 1639 2685 lacunas
1672 2625 1964 2703 explendas
1977 2627 2159 2684 Bonus
2175 2631 2281 2688 Ac-

341 2717 552 2772 cursius
585 2713 752 2772 alium
779 2712 982 2769 librum
1013 2711 1327 2769 adhibuisse
1356 2713 1594 2776 uidetur,
1626 2729 1747 2770 cum
1771 2711 1931 2786 plura
1955 2714 2011 2769 in
2032 2712 2284 2770 editione

336 2799 588 2874 principe
619 2805 832 2856 exstent
865 2814 1025 2872 quam
1056 2798 1111 2853 in
1149 2797 1339 2854 codice
1369 2797 1483 2860 illo,
1516 2805 1573 2853 at
1603 2798 1659 2854 in
1688 2799 1805 2854 uita
1834 2797 2124 2853 Alexandri
2158 2814 2282 2854 om·

335 2887 425 2941 nia
455 2885 531 2940 ita
561 2892 624 2941 ut
653 2887 709 2941 in
738 2883 998 2942 Vaticano
1031 2882 1262 2940 confusa
1291 2884 1597 2946 inuenerat,
1643 2883 1791 2958 typis
1812 2877 2052 2957 'exprimi
2080 2882 2281 2946 iussit;

338 2971 486 3026 uitae
518 2968 639 3025 Cari
668 2986 789 3026 cum
822 2985 961 3045 quae
991 2971 1050 3024 in
1078 2967 1199 3024 Vat.
1231 2974 1406 3030 erant,
1450 2967 1693 3040 intellegi
1724 2984 1837 3025 non
1866 2975 2111 3042 possent,
2158 2980 2305 3023 om·‘

336 3055 469 3110 nino
516 3055 702 3110 omisit
739 3055 922 3129 capita
952 3057 1104 3109 1—-4
1151 3052 1502 3127 ‚delegabant
1544 3070 1648 3127 ego
1693 3054 1845 3109 uero’
1889 3053 2131 3124 itemque
2171 3053 2275 3108 uit.

335 3139 491 3195 Num.
535 3155 582 3194 c.
613 3141 681 3194 13
722 3140 1048 3213 ,Augustum
1080 3138 1501 3215 appellauerunt
1542 3168 1621 3178 —
1653 3137 1857 3194 nullam
1888 3134 2049 3194 aliam
2078 3135 2279 3192 fuisse*

335 3241 455 3298 cap.
489 3224 574 3278 15.
612 3233 896 3299 praeterea
937 3224 1094 3283 initio
1135 3225 1492 3300 plurimarum
1539 3223 1780 3280 uitarum
1822 3223 1913 3278 cui
1952 3220 2282 3295 imperatori

337 3308 613 3365 dedicatae
652 3317 855 3372 essent,
898 3309 1116 3372 addidit,
1161 3310 1215 3366 id
1263 3309 1413 3384 quod
1442 3309 1499 3364 in
1530 3309 1645 3364 Vat.
1678 3306 1815 3364 solis
1844 3307 1975 3362 uitis
2005 3305 2143 3368 Aeli,
2173 3305 2285 3361 Pe·

337 3395 539 3456 seeum,
581 3395 697 3452 Didi
738 3395 932 3452 Iuliani
973 3396 1307 3470 adscriptum
1352 3402 1454 3451 est.
1496 3393 1677 3450 minus
1720 3390 1892 3449 libere
1934 3393 1990 3447 in
2036 3389 2284 3464 singulis

335 3477 522 3535 uerbis
566 3480 968 3538 constituendis
1013 3480 1079 3539 ab
1120 3480 1307 3538 codice
1336 3479 1582 3544 recessit,
1626 3485 1691 3534 ut
1717 3477 1851 3536 haec
1882 3475 2049 3532 editio
2080 3477 2287 3549 paucis
