2517 3884
882 184 1112 242 VERVS.
1198 187 1255 244 c.
1301 189 1473 244 5—-7,
1517 152 1520 156 ’
2060 181 2144 247 73

206 360 571 432 prosecutus
613 358 731 418 est;
788 369 1045 429 cumque
1088 353 1229 414 inde
1270 371 1383 432 per
1425 355 1690 415 omnium
1733 353 1904 415 uillas
1945 372 2010 414 se
2049 355 2141 415 in-

206 439 568 516 gurgitaret,
612 436 827 498 morbo
865 437 1167 517 inplicitus
1216 438 1374 517 apud
1425 438 1746 500 Canusium
1789 441 2137 517 aegrotauit.

208 542 323 602 quo
366 522 441 584 ad
486 541 629 582 eum
674 522 989 584 uisendum
1040 523 1227 584 frater
1267 523 1589 584 contendit.
1681 523 1870 585 multa
1907 525 1970 585 in
2012 525 2140 585 eius
2177 532 2216 582 8

207 611 325 668 uita
368 610 590 686 ignaua
630 614 692 668 et
733 607 973 668 sordida
1020 610 1199 669 etiam
1240 608 1384 669 belli
1435 616 1706 688 tempore
1757 608 2138 688 deteguntur.

160 709 184 748 5
205 712 341 754 nam
376 711 518 754 cum
548 693 869 754 interfecto
900 688 1115 770 legato,
1150 695 1340 754 caesis
1362 693 1718 772 legionibus,
1754 694 1920 775 Syris
1943 692 2140 755 defec-
2177 703 2215 751 9

204 780 432 839 tionem
466 778 867 856 cogitantibus
898 781 1101 840 oriens
1146 787 1505 847 uastaretnr,
1537 779 1640 839 ille
1680 781 1744 839 in
1783 778 1996 858 Apulia
2025 783 2139 856 '‘ue-

206 863 463 924 nabatur
496 873 557 924 et
586 863 743 942 apud
774 863 1127 930 Corinthum
1160 872 1221 923 et
1249 863 1510 924 Athenas
1539 866 1700 924 inter
1731 865 2053 944 symfonias
2082 873 2144 924 et

206 950 433 1008 cantica
496 947 817 1026 nauigabat
876 955 934 1008 et
990 967 1101 1027 per
1160 948 1424 1026 singulas
1483 951 1810 1010 maritimas
1869 951 2142 1010 ciuitates

205 1034 379 1094 Asiae
422 1031 807 1113 Pamphyliae
850 1032 1209 1116 Ciliciaeque
1253 1033 1540 1095 clariores
1581 1034 1986 1114 uoluptatibus
2027 1036 2140 1096 im-

136 1136 181 1174 10
204 1117 574 1179 morabatur.
648 1117 1019 1179 Antiochiam
1060 1127 1451 1199 posteaquam
1494 1121 1687 1188 uenit,
1731 1121 1858 1199 ipse
1900 1118 2140 1196 quidem
2176 1115 2218 1178 7

204 1221 269 1264 se
300 1202 579 1263 luxuriae
608 1202 859 1272 dedidit,
904 1202 1089 1264 duces
1131 1209 1330 1264 autem
1373 1206 1762 1265 confecerunt
1802 1204 2141 1266 Parthicum

204 1287 453 1358 bellum,
510 1287 735 1349 Statius
764 1289 1009 1349 Priscus
1064 1297 1121 1350 et
1176 1288 1426 1350 Auidius
1479 1289 1715 1350 Cassius
1769 1296 1848 1368 et,
1885 1290 2142 1351 Marcius

207 1375 398 1433 Verus
442 1391 553 1451 per
594 1373 1084 1452 quadriennium,
1142 1375 1223 1434 ita
1269 1382 1332 1434 ut
1373 1372 1735 1454 Babylonem
1789 1381 1849 1434 et
1887 1374 2140 1436 Mediam

204 1459 601 1537 peruenirent
654 1464 713 1518 et
764 1460 1103 1519 Armeniam
1162 1459 1556 1521 uindicarent.
1617 1466 1976 1539 partumque
2026 1462 2141 1540 ipsi
2176 1467 2213 1514 2

134 1562 179 1601 15
206 1561 425 1604 nomen
462 1550 555 1602 est
582 1545 907 1612 Armenici,
944 1544 1232 1613 Parthici,
1266 1544 1506 1614 Medici,
1543 1544 1704 1622 quod
1735 1547 1912 1606 etiam
1941 1545 2140 1606 Marco

204 1627 431 1688 Romae
464 1629 663 1705 agenti
692 1628 953 1689 delatum
984 1637 1093 1690 est.
1158 1630 1280 1706 egit
1308 1635 1508 1690 autem
1538 1648 1651 1709 per
1681 1630 2138 1710 quadriennium
2177 1638 2214 1684 3

210 1711 399 1773 Verus
428 1710 689 1772 hiemem
719 1712 1049 1784 Laodiciae,
1083 1720 1370 1776 aestatem
1395 1714 1554 1792 apud
1577 1716 1823 1786 Dafnen,
1849 1715 2139 1795 reliquam

202 1805 439 1876 partem
493 1797 855 1860 Antiochiae.
936 1794 1086 1860 risui
1134 1800 1247 1860 suit
1299 1799 1577 1860 omnihus
1631 1800 1827 1880 SyriS,
1882 1819 2142 1880 quorum
2176 1807 2215 1853 4

206 1882 393 1942 multa
421 1884 555 1942 ioca
583 1884 645 1942 in
675 1883 909 1946 theatro
939 1885 1002 1943 in
1034 1902 1169 1944 eum
1201 1882 1360 1946 dicta
1389 1892 1611 1946 extant.
1670 1903 1890 1946 uernas
1930 1887 1994 1958 in
2035 1886 2138 1946 tri-
2177 1891 2214 1938 5

134 1986 179 2024 πο
204 1966 449 2027 clinium
484 1967 899 2029 Saturnalibus
944 1978 1001 2029 et
1032 1969 1243 2030 diebus
1284 1971 1452 2030 festis
1483 1988 1722 2049 semper
1751 1970 2002 2030 admisit.
2067 1969 2136 2030 ad
2177 1976 2212 2022 6

202 2053 495 2113 Eufraten
536 2059 734 2114 tamen
763 2053 1023 2132 'inpulsu
1066 2055 1350 2115 comitum
1396 2073 1644 2116 suorum
1689 2054 1954 2116 secundo
1996 2073 2138 2134 pro-

203 2138 401 2197 fectus
432 2144 541 2197 est.
586 2137 829 2198 Efesum
861 2139 1039 2198 etiam
1067 2139 1242 2207 redit,
1277 2147 1344 2200 ut
1373 2139 1660 2200 Lucillam
1691 2157 1962 2208 uxorem,
1995 2141 2135 2199 mis·
2177 2145 2208 2193 7

204 2241 333 2284 sam
372 2241 409 2284 a
451 2229 635 2300 patre-
660 2222 890 2293 Marco,
946 2224 1313 2302 susciperet,
1367 2231 1428 2284 et
1478 2224 1701 2284 idcirco
1755 2225 2010 2284 maxime
2063 2242 2140 2284 ne

204 2307 443 2368 Marcus
484 2325 621 2368 cum
664 2325 732 2380 ea
774 2310 841 2368 in
872 2307 1107 2386 Syriam
1151 2311 1388 2369 ueniret
1405 2327 1486 2369 ,ac
1515 2308 1736 2386 flagitia
1781 2310 1910 2369 eius
1953 2308 2136 2370 adno-

134 2409 181 2449 25
206 2399 422 2452 sceret.
488 2410 625 2452 nam
656 2393 887 2454 senatui
915 2392 1153 2454 Marcus
1181 2393 1444 2465 dixerat,
1489 2411 1553 2454 se
1594 2394 1772 2454 filiam
1815 2395 1877 2453 in
1909 2395 2138 2474 Syriam

204 2477 627 2538 deducturum.
692 2479 964 2538 confecto
996 2496 1141 2538 sane
1168 2477 1328 2538 bello
1372 2496 1557 2557 regna
1585 2479 1860 2556 regibuS,
1895 2481 2137 2558 prouin-
2175 2486 2212 2534 8

204 2564 329 2623 cias
358 2579 511 2622 uero
544 2561 860 2623 comitibus
890 2563 1016 2624 suis
1047 2562 1340 2640 regendas
1371 2563 1553 2626 dedit.
1613 2564 1862 2626 Romam
1893 2564 2033 2626 inde
2064 2564 2136 2625 ad
2174 2570 2208 2617 9

206 2645 581 2725 triumph-um
611 2648 855 2716 inuituS,
888 2647 1050 2726 quod
1083 2647 1314 2729 Syriam
1347 2651 1514 2726 quasi
1543 2665 1800 2728 regnum
1830 2667 2006 2709 suum
2035 2667 2134 2708 re-

204 2729 523 2811 linqueret.
554 2732 712 2792 redit
742 2739 802 2792 et
831 2734 1055 2811 pariter
1086 2751 1223 2794 cum
1253 2735 1442 2794 fratre
1473 2733 1863 2813 triumphauit
1892 2751 2135 2813 suscep-

133 2832 181 2871 ω
202 2817 279 2875 tis
308 2835 341 2876 a
376 2824 587 2877 senatu
616 2817 975 2887 nominihus,
1010 2835 1163 2896 quae
1191 2820 1251 2878 in
1287 2820 1553 2880 exercitu
1581 2825 1912 2897 acceperat.
1945 2819 2138 2878 fertur
2177 2825 2246 2872 10

303 3037 335 3085 2
361 3037 616 3086 anusium
644 3037 691 3084 B
802 3038 1123 3102 aegrotabit
1144 3038 1249 3088 BP
1268 3055 1359 3089 em.
1387 3039 1430 3090 0
1539 3041 1571 3090 3
1596 3038 1742 3104 quod
1766 3053 1890 3088 eum
1913 3038 1964 3087 B
1989 3039 2146 3104 quos!

204 3117 327 3152 eum
350 3105 403 3153 P
536 3106 569 3153 6
592 3104 816 3170 apuleia
838 3105 943 3155 BP
1074 3108 1105 3156 7
1132 3107 1478 3157 cherinthum
1499 3106 1552 3155 B
1687 3108 1720 3157 8
1744 3107 2052 3171 nauigabat
2070 3133 2140 3142 —

207 3169 551 3236 Ciliciaeque
576 3187 669 3222 om.
695 3172 769 3220 B¹
906 3176 939 3224 9
963 3175 1111 3224 assic
1136 3173 1188 3223 B
1328 3174 1626 3240 pamphilie
1650 3174 1702 3224 B
1727 3174 2065 3240 pamphiliae
2089 3177 2142 3224 P

305 3239 573 3290 clariores
594 3238 669 3288 B²
714 3240 1111 3292 inclarioresuo
1136 3240 1207 3290 B¹
1350 3244 1410 3292 11
1432 3243 1680 3293 luxoriae
1706 3242 1758 3291 B
1895 3242 2052 3292 dedit
2076 3242 2144 3292 M

304 3309 368 3356 12
393 3307 625 3356 martius
648 3307 699 3355 B
836 3312 900 3358 13
926 3309 1238 3360 babilonem
1263 3311 1314 3358 P
1425 3311 1490 3359 14
1511 3311 1828 3361 uindicaret
1849 3310 1900 3360 B
2011 3325 2138 3376 par—

202 3373 467 3438 thumque
492 3373 545 3422 B
638 3374 903 3426 17·hieme
928 3376 981 3426 B
1093 3377 1348 3444 laodocie
1370 3377 1424 3426 B
1517 3379 1737 3444 dapnen
1761 3379 1865 3428 BP
1885 3377 2138 3426 damnem

202 3440 269 3490 M
393 3443 457 3491 18
481 3441 796 3492 anthiociae
822 3443 926 3494 BP
1046 3447 1110 3496 21
1136 3445 1417 3510 inpulsum
1437 3444 1560 3495 BP¹
1694 3448 1759 3496 22
1785 3445 2015 3494 effosum
2037 3443 2147 3492 BP

302 3509 371 3560 28
395 3507 695 3575 reliqueret
718 3510 823 3562 BP
