2517 3884
386 182 514 247 268
1084 189 1259 247 AELII
1301 188 1632 245 LAMPRIDII

391 375 543 437 quos
574 356 834 433 quidem,
870 358 1006 433 quia
1036 356 1280 435 indigne
1308 356 1514 417 ferunt
1536 356 1856 416 Persarum
1887 372 2081 432 reges,
2117 372 2354 433 quem-

388 444 551 522 piam
581 460 825 503 suorum
858 442 1033 502 alicui
1062 444 1318 511 seruire,
1351 443 1614 519 acceptis
1643 442 1854 521 pretiis
1892 439 2156 501 reddidit
2187 458 2350 518 pre-

392 530 659 606 tiumque
712 525 811 588 uel
862 528 915 587 is
956 528 1056 606 qui
1106 545 1287 587 manu
1330 533 1617 606 ceperant
1653 543 1868 587 seruos
1911 525 2074 585 dedit
2117 525 2224 586 uel
2271 528 2350 587 in

288 610 372 675 56
392 614 690 674 aerarium
730 611 997 673 contulit.
1072 618 1210 691 post
1250 611 1366 673 hoc
1407 612 1658 672 Romam
1701 613 1867 674 uenit
1895 609 2352 691 triumphoque
2507 662 2509 693 ,

390 696 799 777 pulcherrimo
830 704 961 757 acto
993 696 1150 775 apud
1180 705 1456 759 senatum
1498 698 1759 776 primum
1801 695 1948 757 haec
1989 695 2179 757 uerba
2225 696 2347 757 ha·
2411 715 2438 755 5
2507 698 2509 751 ἓ

322 796 355 843 2
392 782 535 843 buit.
601 782 689 843 Ex
719 783 867 843 actis
897 789 1141 844 senatus
1171 782 1268 842 die
1299 781 1401 843 vn
1429 781 1508 842 kl.
1546 781 1787 843 Octob.:
1845 781 2122 850 „PersaS‚
2157 800 2220 859 p.
2257 801 2346 852 c.‚

394 868 667 927 uicimus.
728 866 942 944 longae
986 866 1360 947 eloquentiae
1403 884 1557 945 opus
1587 885 1709 927 non
1743 874 1856 936 est,
1900 873 2132 926 tantum
2175 868 2348 927 scire

325 966 357 1013 3
396 950 655 1021 debetiS,
690 968 843 1028 quae
884 951 1124 1012 illorum
1154 968 1318 1013 arma
1348 953 1602 1021 fuerint,
1647 952 1750 1030 qui
1793 958 2133 1029 apparatus,
2213 951 2346 1012 iam

390 1038 652 1117 primum
687 1035 927 1097 elefanti
958 1038 1318 1116 septingenti
1347 1036 1622 1113 idemque
1673 1037 1874 1097 turriti
1921 1053 2058 1096 cum
2088 1038 2347 1113 sagitta-

393 1122 499 1181 riis
532 1129 592 1181 et
622 1140 805 1182 onere
836 1123 1204 1200 sagittarum.
1265 1140 1338 1182 ex
1367 1121 1462 1181 his
1494 1122 1734 1198 triginta
1767 1122 2050 1199 cepimus,
2086 1118 2346 1181 ducenti
2379 1142 2437 1181 ιο

324 1219 359 1267 4
393 1207 697 1268 interfecti
725 1208 939 1277 iacent,
972 1206 1180 1268 decem
1212 1214 1273 1267 et
1302 1214 1436 1268 octo
1467 1206 1874 1286 perduximus.
1949 1204 2150 1267 falcati
2195 1224 2342 1267 cur-

292 1327 303 1333 -
394 1310 501 1352 rus
532 1289 757 1372 mille†
787 1310 869 1351 se.
913 1290 1211 1353 adducere
1238 1292 1693 1353 interfectorum
1726 1290 2070 1353 animalium
2111 1310 2342 1352 currus

399 1377 693 1437 ducentos
722 1378 1063 1455 potuimuS‚
1110 1378 1216 1438 sed
1259 1376 1317 1437 id
1339 1424 1354 1447 ,
1399 1379 1537 1453 quia
1572 1384 1632 1436 et
1659 1377 1800 1453 fingi
1833 1381 2096 1454 poterat,
2127 1376 2340 1437 faeere

328 1474 361 1522 ὅ
397 1460 865 1540 supersedimus,
936 1470 1176 1523 centum
1219 1468 1280 1521 et
1321 1462 1532 1540 uiginti
1585 1459 1745 1521 milia
1794 1462 2059 1539 equitum
2116 1480 2342 1523 eorum
2509 1472 2511 1537 ς

394 1546 675 1615 fudimuS,
712 1547 1187 1615 catafractarios,
1222 1562 1372 1622 quos
1399 1544 1489 1605 illi
1528 1544 1884 1607 clibanarios
1925 1552 2179 1615 uocant,
2223 1546 2332 1606 de-
2371 1566 2430 1605 15
2509 1540 2511 1553 ¹

398 1649 529 1691 cem
558 1628 719 1690 milia
750 1631 813 1689 in
846 1628 1005 1690 hello
1034 1631 1467 1700 interemimuS,
1502 1648 1712 1691 eorum
1743 1632 1926 1691 armis
1955 1638 2192 1691 nostros
2233 1650 2334 1691 ar-

294 1731 301 1739 ·
396 1716 711 1780 mauimus.
758 1712 979 1775 multos
1009 1715 1332 1781 Persarum
1365 1716 1634 1793 cepimus
1665 1715 2026 1791 eosdemque
2054 1715 2334 1777 uendidi-

329 1813 360 1862 6
396 1818 548 1861 mus.
624 1806 818 1860 terras
868 1800 1311 1860 interamnanas
1368 1796 1858 1879 [Mesopotamiae
1912 1798 2166 1879 scilicet]
2224 1820 2335 1862 ne-

329 1897 359 1945 7
398 1882 615 1945 electas
646 1882 721 1946 ab
750 1885 967 1962 inpura
1006 1883 1105 1945 illa
1138 1883 1315 1945 belua
1345 1886 1701 1964 recepimus
1766 1886 2170 1956 Artaxerxen,
2219 1904 2328 1965 po-

395 1970 790 2030 tentissimum
824 1987 1027 2047 regem
1061 1977 1177 2030 tam
1209 1972 1272 2029 in
1296 1988 1365 2029 re
1407 1988 1582 2049 quam
1626 1970 1900 2037 nomine,
1933 1970 2132 2031 fusum
2163 1972 2332 2049 fuga·
2365 1988 2426 2028 πο

397 2056 625 2124 uimuS,
671 2056 751 2115 ita
798 2061 861 2115 ut
892 2073 1027 2115 eum
1061 2062 1221 2116 terra
1251 2056 1573 2116 Persarum
1618 2054 1942 2132 fugientem
1975 2054 2238 2125 uideret,
2275 2063 2338 2116 et

400 2156 515 2216 qua
547 2139 723 2200 ducta
754 2140 992 2201 fuerant
1020 2139 1322 2219 quondam
1355 2141 1521 2218 signa
1552 2147 1916 2209 nostrorum,
1952 2158 2022 2199 ea
2051 2159 2161 2200 rex
2201 2142 2332 2220 ipse

328 2237 361 2286 8
398 2226 583 2302 signis
614 2225 817 2301 effugit
845 2224 1088 2286 relictis,
1138 2224 1286 2286 haec
1317 2232 1472 2295 sunt,
1518 2241 1574 2301 p.
1611 2243 1684 2295 c.‚
1717 2232 1903 2302 gesta.
1955 2223 2334 2301 eloquentiae

398 2327 551 2387 opus
579 2328 699 2371 non
740 2317 859 2370 est:
923 2309 1141 2371 milites
1185 2310 1402 2371 diuites
1431 2305 1713 2379 redeunt,
1749 2308 2013 2370 laborem
2043 2311 2107 2370 in
2137 2312 2332 2372 uicto-
2512 2368 2513 2393 i

329 2406 360 2453 9
396 2395 483 2453 ria
514 2412 693 2459 nemo
730 2396 927 2454 sentit.
995 2401 1266 2456 uestrum
1311 2402 1400 2455 est
1439 2393 1932 2474 supplicationem
1979 2394 2326 2465 decernere,
2361 2413 2422 2452 25
2512 2398 2513 2475 J

396 2494 474 2537 ne
505 2478 595 2538 dis
626 2477 937 2539 uideamur
965 2480 1251 2556 ingrati.“
1310 2478 1672 2541 Adclamatio
1703 2486 1974 2540 senatus:
2031 2479 2328 2549 „Alexan-

400 2561 507 2622 der
548 2566 841 2641 Auguste.
886 2563 947 2623 di
988 2572 1049 2625 te
1092 2573 1356 2625 seruent.
1419 2565 1660 2625 Persice
1690 2565 1974 2634 maxime,
2021 2565 2082 2625 di
2111 2573 2174 2626 te
2203 2584 2328 2626 ser-

404 2655 564 2708 uent.
599 2665 743 2708 uere
773 2647 1107 2717 Parthicus,
1142 2666 1290 2710 uere
1320 2650 1615 2711 Persicus,
1680 2648 1964 2728 trophaea
1998 2656 2098 2712 tua
2129 2658 2192 2711 et
2219 2670 2332 2711 nos

296 2745 362 2795 10
399 2732 699 2802 uidemuS,
744 2734 1027 2794 uictorias
1068 2740 1128 2794 et
1179 2753 1292 2795 nos
1343 2735 1633 2796 uidemus.
1708 2736 1916 2796 iuueni
1955 2736 2325 2814 imperatori,

395 2820 551 2897 patri
580 2818 826 2897 patriae,
859 2820 1127 2898 pontifici
1157 2820 1432 2881 maximo.
1488 2838 1597 2899 per
1628 2825 1688 2879 te
1719 2821 2030 2907 uictoriam
2061 2821 2328 2901 undique
2359 2836 2418 2875 eo

372 3080 381 3085 -
496 3041 528 3089 3
552 3038 644 3087 uel
666 3038 753 3089 his
776 3038 895 3087 BM
912 3038 1050 3103 uelss
1071 3039 1157 3089 his
1181 3040 1232 3088 P
1367 3042 1593 3105 ceperat
1617 3039 1720 3089 BP
1853 3042 1882 3091 7
1906 3039 2228 3104 loquentiae
2253 3036 2328 3088 Ρ1

394 3122 533 3157 corr.
558 3104 635 3154 ΡΒ
772 3109 804 3158 9
827 3107 1105 3156 turritium
1129 3106 1232 3156 BP
1367 3110 1431 3159 10
1456 3113 1514 3157 et
1537 3108 1624 3157 his
1646 3107 1750 3156 BP
1883 3111 2168 3158 trecentos
2191 3108 2260 3157 M

398 3174 462 3222 12
488 3188 548 3222 se
573 3172 675 3222 BP
696 3174 797 3223 sed
820 3175 887 3223 M
903 3174 1051 3224 mille
1076 3190 1189 3224 unc
1218 3176 1262 3225 C
1281 3190 1463 3225 unccc
1488 3175 1530 3225 S
1562 3192 1628 3225 an
1653 3192 1723 3225 ex
1743 3191 1896 3226 uersu
1913 3191 2024 3241 seq.
2049 3176 2145 3226 hue
2166 3178 2330 3225 intru-

394 3256 501 3289 sum
524 3244 637 3290 est?
772 3242 1347 3309 interfecturum-BF
1485 3243 1712 3293 animali
1735 3242 1810 3293 P¹
1952 3245 2017 3293 14
2042 3259 2109 3293 eo
2134 3244 2203 3293 M

399 3309 463 3357 15
485 3307 603 3357 illic
625 3307 796 3358 liban.
822 3309 873 3358 P
1008 3312 1071 3360 16
1094 3311 1458 3360 intereminus
1479 3310 1532 3360 B
1636 3312 1700 3362 18
1722 3312 2154 3361 interammanas
2177 3310 2230 3361 B

394 3376 833 3440 Mesopotamiae
858 3376 1078 3427 scilieet
1101 3381 1199 3428 del.
1232 3378 1276 3428 C
1409 3380 1475 3429 20
1497 3379 1556 3427 in
1579 3393 1672 3431 om.
1699 3379 1765 3429 M
1862 3381 1926 3428 21
1953 3378 2213 3429 uiderent
2229 3377 2334 3428 BP

496 3445 562 3494 22
589 3459 729 3507 quae
757 3443 925 3494 dueta
947 3444 1115 3495 BPM
1132 3462 1242 3510 qua
1268 3446 1472 3495 educta
1497 3446 1715 3497 lor-dan.
1831 3448 1896 3497 23
1921 3445 2244 3511 eloquentia
2268 3446 2336 3495 M

495 3514 561 3564 25
582 3513 757 3563 sensit
780 3510 822 3560 S
955 3514 1021 3564 27
1048 3513 1105 3563 di
1128 3512 1205 3562 Β*
