2517 3884
574 174 869 232 MAXIMVS
908 176 993 233 ET
1033 176 1368 232 BALBINVS.
1457 176 1512 233 C.
1561 180 1796 233 12—15.
2067 172 2153 237 63

188 350 378 422 parte
410 341 600 403 Palati
631 344 911 404 Germani
955 362 1091 404 cum
1120 342 1376 403 Balbino
1412 352 1639 413 essent,
1684 346 1867 404 mittit
1911 344 1982 405 ad
2015 344 2147 406 Bal·

190 428 417 489 binum
448 428 741 489 Maximus
782 434 1025 507 petens,
1074 436 1137 489 ut
1178 429 1234 488 ei
1274 428 1640 506 praesidium
1681 431 1964 491 mitteret.
2043 432 2146 491 sed
2181 442 2221 489 4

188 512 303 573 ille
338 515 695 593 suspicatus,
730 512 888 590 quod
919 521 1127 575 contra
1158 532 1221 573 se
1254 532 1358 575 eos
1387 520 1638 592 peteret,
1674 531 1852 591 quem
1884 515 2146 594 postula-

186 617 269 659 re
296 598 555 675 putabat
595 598 1033 667 monarchiam,
1096 599 1358 677 primum
1391 600 1715 665 frustratus
1749 606 1866 670 est,
1931 600 2146 661 deinde

128 698 155 738 5
188 702 401 763 usque
444 682 517 745 ad
562 682 726 744 litem
773 690 1131 761 peruentum
1179 692 1290 747 est
1363 685 1424 745 in
1469 684 1580 745 hae
1623 692 1822 746 tamen
1855 686 2146 747 seditione
2182 694 2219 745 5

188 769 325 831 illis
373 767 873 829 contendentibus
916 767 1136 829 milites
1178 776 1666 848 superuenerunt
1708 779 1886 849 atque
1939 770 2148 832 ambos

190 874 310 915 eos
366 854 618 914 nudatos
674 854 941 915 uestibus
980 852 1284 932 regalibus
1329 854 1406 915 de
1464 854 1689 915 Palatio
1735 874 1871 916 eum
1911 857 2148 921 iniuriis

186 938 621 1020 produxerunt
666 945 724 998 et
753 956 864 1018 per
894 940 1149 999 mediam
1194 941 1497 1001 ciuitatem
1541 940 1616 999 ad
1663 946 1857 1001 castra
1898 948 2141 1020 raptare

156 1024 531 1086 uoluerunt
584 1042 797 1101 magna
840 1042 912 1085 ex
951 1032 1121 1103 parte
1164 1011 1434 1085 laniat-os.
1536 1025 1641 1085 sed
1690 1024 1791 1085 ubi
1852 1044 2141 1105 conpere-
2181 1034 2218 1085 6

104 1124 159 1166 ιο
184 1116 365 1180 runt,
400 1108 733 1170 Germanos
762 1109 835 1169 ad
860 1110 1270 1170 defensionem
1301 1109 1537 1178 illorum
1571 1112 1984 1188 superuenire,
2019 1130 2144 1172 am·-

186 1197 315 1257 bos
376 1194 723 1255 oeciderunt
782 1202 840 1255 et
895 1196 957 1255 in
1016 1196 1232 1255 itinere
1277 1195 1474 1255 medio
1516 1194 1908 1273 reliquerunt.
1986 1198 2144 1257 inter
2181 1205 2215 1253 ’τ
2249 1226 2256 1241 ι

188 1282 353 1342 haec
382 1278 723 1341 Gordianus
754 1279 969 1340 Caesar
1010 1279 1282 1341 sublatus
1312 1300 1345 1341 a
1375 1278 1664 1341 militibus
1693 1282 2022 1359 imperator
2056 1289 2146 1343 est

191 1364 538 1445 appellatus
573 1362 661 1443 [id
694 1371 784 1424 est
811 1362 1161 1445 Augustus],
1196 1366 1332 1441 quia
1372 1383 1494 1426 non
1541 1374 1667 1427 erat
1695 1364 1846 1427 alius
1876 1369 1936 1427 in
1968 1385 2143 1446 prae-

192 1451 387 1519 senti,
450 1448 870 1511 insultantibus
922 1450 1208 1533 militibus
1240 1451 1486 1511 senatui
1512 1458 1570 1511 et
1611 1450 1864 1531 populo,
1930 1453 2030 1529 qui
2068 1471 2142 1519 ,se

108 1553 162 1594 15
193 1538 403 1599 statim
462 1536 525 1595 in
584 1542 777 1595 castra
837 1542 1215 1614 receperunt.
1297 1534 1578 1596 Germani
1638 1554 1812 1607 sane,
1875 1556 1950 1597 ne
2013 1538 2142 1597 sine
2178 1545 2214 1598 8

192 1640 379 1683 causa
420 1625 761 1699 pugnarent
812 1620 1023 1681 occisis
1072 1622 1190 1681 iam
1240 1619 1705 1700 imperatoribus
1759 1624 1912 1692 suiS,
1975 1629 2143 1683 extra

190 1705 573 1776 urbem,-ubi
604 1722 745 1765 suos
773 1702 1088 1775 habebant,
1125 1724 1190 1765 se
1220 1705 1623 1767 contulerunt.

327 1790 509 1851 Hunc.
548 1790 728 1850 finem
768 1788 1111 1851 hahuerunt
1166 1790 1310 1851 boni
1340 1793 1766 1869 imperatoreS,
1827 1792 2139 1869 indignum
2166 1787 2250 1852 15

192 1879 361 1939 uitae
396 1884 458 1935 et
486 1875 756 1937 moribus
789 1877 941 1937 suis:
990 1894 1126 1950 nam
1156 1894 1356 1954 neque
1388 1876 1642 1937 Maximo
1675 1878 1804 1937 siue
1833 1878 2142 1956 Puppieno

18 1990 20 1995 ·
110 1980 164 2020 2⁰
192 1964 415 2025 fortius
448 1977 643 2038 neque
670 1959 915 2021 Balbino
946 1959 1262 2039 benignius
1293 1960 1404 2021 fuit
1438 1962 1773 2041 quicquam,
1801 1962 1958 2041 quod
1987 1963 2048 2022 in
2073 1981 2142 2022 re

192 2051 326 2127 ipsa
358 2045 628 2124 intellegi
656 2052 870 2125 potest.
907 2064 1103 2126 neque
1127 2047 1306 2116 enim,
1333 2064 1467 2107 cum
1503 2054 1660 2107 esset
1689 2052 1974 2125 potestas,
2017 2065 2140 2108 ma-

190 2134 286 2195 los
310 2138 555 2194 senatus
588 2130 850 2209 eligeret.
887 2130 1006 2192 hue
1030 2130 1258 2193 accedit
1283 2131 1442 2208 quod
1466 2131 1670 2191 multis
1711 2130 2036 2192 bonoribus
2067 2151 2138 2193 ae
2177 2140 2212 2187 2

190 2215 599 2299 potestatibus
614 2216 903 2295 explorati
924 2223 1080 2286 sunt,
1098 2235 1233 2277 cum
1257 2215 1408 2277 alter
1427 2216 1520 2277 bis
1536 2216 1745 2277 consul
1777 2223 1835 2276 et
1869 2217 2138 2295 praefec-
2213 2278 2218 2283 ,

189 2311 309 2373 tue,
329 2303 485 2364 alter
507 2302 714 2363 consul
738 2309 795 2362 et
824 2304 1159 2381 praefectus
1184 2301 1257 2361 ad
1274 2303 1590 2381 imperium
1612 2302 1887 2380 longaeui
1914 2320 2136 2382 perue-

112 2408 169 2448 25
194 2391 464 2458 nissent,
512 2386 794 2448 amabiles
826 2389 1056 2449 senatui
1098 2394 1156 2447 et
1185 2386 1404 2467 populo
1438 2388 1641 2457 etiam,
1685 2390 1789 2467 qui
1817 2388 2136 2449 Maximum

189 2476 315 2536 iam
347 2472 566 2534 leuiter
595 2472 1114 2551 pertimescebant.
1162 2473 1324 2534 Haeo
1345 2480 1487 2533 sunt
1516 2490 1669 2553 quae
1701 2473 1773 2533 de
1785 2472 2040 2535 Maximo
2065 2492 2140 2535 ex
2174 2480 2210 2529 3

190 2556 569 2631 Herodiano,
603 2556 831 2620 Graeco
864 2560 1185 2637 scriptore,
1220 2575 1432 2635 magna
1465 2577 1537 2619 ex
1567 2566 1736 2638 parte
1768 2557 2163 2637 collegimus.-

331 2642 453 2705 Sed
484 2640 655 2704 multi
686 2661 807 2703 non
839 2661 873 2703 a
908 2644 1190 2713 Maximo,
1226 2661 1440 2704 uerum
1472 2662 1504 2703 a
1535 2644 1843 2723 Puppieno
1873 2646 2132 2723 impera·
2171 2650 2208 2698 4

190 2742 330 2792 tore
393 2730 621 2789 uictum
679 2728 836 2807 apud
878 2728 1203 2807 Aquileiam
1244 2729 1630 2789 Maximinum
1673 2746 1806 2789 esse
1839 2728 2134 2797 dixerunt,

114 2836 167 2875 30
199 2823 262 2877 et
291 2818 494 2895 ipsum
527 2832 659 2874 eum
684 2812 931 2874 Balbino
964 2832 1095 2875 esse
1126 2815 1409 2883 occisum,
1444 2814 1524 2874 ita
1556 2820 1620 2873 ut
1648 2814 1884 2875 Maximi
1915 2832 2136 2874 nomen

335 3037 362 3084 1
401 3034 603 3099 palatii
636 3032 712 3083 Β2
743 3050 835 3086 om.
873 3034 933 3085 M
1091 3038 1122 3085 3
1158 3050 1215 3085 se
1250 3051 1343 3089 om.
1380 3034 1453 3083 P¹
1619 3049 1778 3099 quem
1810 3033 2140 3098 postulabat

188 3102 572 3154 monarchiam
596 3102 766 3153 BPM
786 3118 834 3169 q.
860 3104 1097 3169 putabat.
1121 3120 1190 3155 m.
1214 3102 1361 3153 uelle
1385 3105 1518 3167 uoly.
1545 3117 1708 3167 quem
1731 3101 2012 3167 postulare
2038 3118 2138 3169 pu

190 3173 361 3222 tabat·
382 3173 575 3235 scripse·
708 3172 741 3220 6
768 3172 1224 3221 contradentibus
1248 3170 1321 3220 B¹
1436 3174 1466 3222 7
1489 3171 1685 3220 iniuris
1710 3168 1838 3220 BP¹
1951 3172 1982 3221 9
2009 3186 2139 3221 con-

192 3242 487 3305 perierunt
512 3238 616 3291 BP
716 3243 781 3289 10
806 3240 1164 3305 superueneri
1187 3237 1317 3288 BP¹
1429 3240 1489 3288 ll
1516 3238 1897 3303 relinquerunt
1921 3238 2026 3287 BP

194 3312 263 3359 13
294 3308 359 3357 id
384 3312 474 3358 est
496 3309 781 3373 Augustus
805 3310 945 3359 unde
969 3310 1171 3359 inclusit
1192 3308 1448 3374 Eyssenk.
1591 3308 1654 3357 16
1681 3306 1852 3357 occisi
1875 3307 1926 3356 P
2070 3308 2141 3355 20

186 3378 254 3427 in
274 3394 374 3428 om.
402 3376 469 3426 M
618 3378 682 3427 21
708 3376 885 3426 malas
908 3374 982 3425 B¹
1140 3378 1205 3425 22
1232 3374 1440 3425 accidit
1457 3374 1508 3423 B
1668 3378 1736 3425 24
1755 3374 1922 3439 longa
1948 3373 2038 3423 eul
2063 3372 2137 3423 B¹

188 3442 507 3510 longaelsul
530 3447 581 3495 P
712 3447 779 3495 25
802 3444 1095 3495 amabilem
1117 3444 1221 3493 BP
1353 3442 1712 3493 Maximinum
1737 3443 1796 3492 M
1934 3444 1998 3492 27
2027 3441 2138 3491 ool-

188 3513 435 3579 ligemus
462 3512 565 3563 BP
576 3512 587 3544 ¹
726 3514 793 3565 28
819 3514 1100 3579 puppiano
1124 3511 1253 3563 ΒΡ1
