2517 3884
287 179 354 236 v1
518 193 522 198 ’
1051 179 1445 256 rRAErArlo.

287 315 475 372 codice
505 315 690 391 aliquo
721 314 957 372 familiae
983 313 1062 378 11,
1096 317 1189 390 qui
1219 324 1505 372 correctus
1536 325 1683 372 esset
1710 326 2023 392 conparato
2036 319 2227 377 codice

289 401 629 474 interpolato
661 400 897 457 familiae
930 399 1000 456 Σ.
1193 451 1198 461 ,
1456 463 1477 480 ‚·
1584 401 1596 416 “

417 487 494 542 Ac
524 488 732 560 primae
761 485 977 560 quidem
1019 483 1212 542 classis
1243 486 1473 558 eiusque
1506 486 1685 543 multo
1716 487 2140 561 praestantioris-
2168 489 2227 545 hi

293 577 420 625 sunt
448 569 575 628 libri
592 565 666 643 1)’;
1512 563 1517 567 ’
1701 632 1714 647 x
2104 643 2111 651 ι
2130 563 2137 574 ’

423 659 472 711 l.
513 657 702 712 codex
732 655 1184 726 Bamberqensis
1243 653 1407 728 (apud
1456 654 1725 712 Iaeckium
1789 658 1846 712 in
1888 657 2043 714 catal.
2090 657 2225 714 bibl.

287 739 605 814 Bamberg.i
637 738 756 812 140)
789 739 1108 813 signatusE
1125 739 1191 796 111
1223 741 1289 792 19
1318 757 1370 796 n.
1404 742 1591 804 33331,
1621 740 2080 805 membranaceus,
2114 742 2230 799 for-

289 841 408 882 mae
453 825 763 899 quadratae,
809 823 981 880 seculi
1015 823 1170 886 vnit,
1217 825 1523 898 composite
1572 834 1737 899 atque
1776 824 1925 882 *clare
1969 829 2229 901 scriptus,

289 909 442 964 foliis
466 909 716 966 ducentis
739 909 1016 970 tredecim,
1038 908 1494 982 quaternionibus
1514 911 1715 981 uiginti
1740 918 1966 984 septem,
1994 929 2231 985 quorum

289 1011 432 1069 unus
463 1009 493 1048 e
523 991 638 1057 sex,
664 1010 806 1050 unus
838 1009 868 1049 e
898 1001 1108 1067 septem
1140 992 1289 1050 foliis
1320 1001 1564 1057 constat;
1596 993 1843 1068 paginae,
1878 1012 2019 1070 quae
2041 999 2229 1070 singu-

290 1079 464 1134 larum
506 1078 882 1143 columnarum
921 1086 1078 1140 sunt,
1133 1079 1363 1134 uicenos
1414 1085 1711 1152 quaternos
1754 1097 2001 1154 quaeque
2031 1097 2229 1138 uersus

289 1162 470 1219 habet.
530 1163 748 1220 litterae
779 1163 1074 1220 Saxonicae
1117 1169 1248 1219 sunt
1291 1179 1431 1236 quae
1464 1171 1763 1230 uocantur,
1808 1171 2114 1222 atramento
2145 1167 2229 1222 ni-

293 1265 396 1321 gro
429 1255 693 1319 exaratae.
726 1249 939 1322 aliquot
967 1264 1186 1306 errores
1216 1264 1408 1304 manus
1436 1250 1644 1321 primae
1676 1242 1799 1321 (B1)
1832 1249 2067 1306 correcti
2098 1259 2232 1307 sunt

291 1351 322 1388 a
351 1349 514 1390 manu
537 1333 772 1390 secunda
783 1326 928 1406 (B2),
955 1332 1045 1390 alii
1073 1331 1291 1389 conlato
1323 1333 1639 1408 archetypo,
1670 1350 1791 1390 cum
1819 1351 1979 1408 saepe
2004 1334 2091 1390 uel
2126 1337 2233 1393 toti

289 1433 488 1490 uersus
518 1411 860 1483 adderentur,
892 1417 984 1474 alii
1013 1417 1252 1472 leuiores
1285 1419 1511 1491 proprio
1542 1417 1737 1483 Mar-tm
1760 1415 1825 1476 at
1853 1435 2045 1476 manus
2070 1423 2237 1477 tertia

295 1494 440 1574 (B3),
455 1519 594 1576 quae
615 1511 790 1559 tamen
804 1501 992 1576 paucis
1006 1501 1160 1562 locis,
1175 1503 1230 1556 in
1249 1501 1423 1558 altera
1439 1511 1593 1575 parte
1606 1504 1769 1558 etiam
1781 1506 1957 1560 rarius
1972 1507 2229 1568 cor-rexit,

294 1604 524 1660 prorsus
555 1587 762 1645 nullius
791 1595 877 1643 est
907 1576 1267 1648 auctoritatiS,
1310 1602 1433 1642 cum
1464 1603 1575 1642 non
1608 1586 1786 1642 solum
1816 1587 1949 1648 nihil
1980 1587 2232 1644 attulerit

295 1673 361 1728 ad
401 1671 569 1728 uerba
621 1671 954 1728 emendanda
992 1670 1087 1730 sed
1125 1672 1292 1726 etiam
1336 1685 1497 1744 saepe
1540 1669 1920 1727 obscurauerit
1960 1673 2233 1743 genuinae

293 1757 597 1831 scripturae
619 1758 876 1828 uestigia.
909 1761 1138 1829 quartus
1157 1755 1394 1828 denique
1417 1757 1681 1828 magister
1696 1755 1895 1828 aliquis
1917 1765 2077 1816 notas
2102 1772 2234 1819 suas

297 1842 362 1897 ad
385 1843 687 1914 marginem
707 1841 1014 1914 adscripsit,
1049 1839 1248 1913 quibus
1282 1839 1607 1914 discipulum
1634 1840 1902 1913 quendam
1926 1841 2231 1898 odelricum

297 1922 635 1988 adhortatur,
686 1934 862 1982 utres
904 1925 1124 1999 egregie
1157 1932 1359 1997 gestas,
1404 1942 1545 1998 quae
1586 1924 1921 1988 referuntur,
1966 1923 2230 1994 imitetur,

296 2011 542 2084 exempla
583 2011 721 2087 mala
750 2010 944 2084 fugiat.
987 2011 1134 2066 hunc
1161 2009 1403 2066 codicem
1439 2012 1557 2084 ipse
1595 2009 1680 2066 bis
1723 2011 1947 2074 contuli,
1990 2011 2231 2085 primum

299 2112 422 2152 cum
463 2096 702 2152 editione
742 2095 1012 2170 Lipsiensi
1055 2101 1196 2151 anno
1232 2097 1363 2148 1857
1407 2094 1781 2158 Vratislauiae,
1826 2113 1937 2169 quo
1968 2095 2233 2153 Friderici

297 2180 456 2236 Haasi
499 2180 901 2243 beneuolentia‚
940 2173 1064 2237 cum
1106 2179 1182 2235 ibi
1223 2179 1431 2236 litteris
1454 2196 1679 2254 operam
1708 2179 1909 2243 darem,
1954 2197 2077 2236 eum
2106 2183 2237 2236 mit-

302 2258 520 2324 tendum
551 2273 854 2328 curauerat,
873 2265 1102 2327 iterum,
1133 2281 1256 2320 cum
1288 2263 1537 2338 pla-gulas
1568 2267 1793 2323 huiusce
1824 2265 2077 2322 editionis
2110 2281 2234 2321 cor-

298 2351 564 2422 rigerem,
606 2350 925 2411 Posnaniae,
971 2365 1080 2422 quo
1125 2348 1263 2404 mihi‘
1301 2349 1625 2406 liberalitate
1658 2350 1948 2406 ministerii
1978 2351 2114 2422 regii
2146 2358 2234 2406 est

303 2427 722 2505 transmissuS.²)
835 2461 844 2474 x

304 2619 708 2626 m..—

386 2754 395 2764 ‘
440 2734 490 2800 1)
517 2733 795 2786 Nonnulla
829 2749 899 2786 ex
931 2735 1012 2786 eis
1047 2751 1190 2801 quae
1216 2734 1284 2796 de
1312 2733 1593 2785 codicibus
1618 2731 1909 2798 disputabo
1934 2731 2044 2781 iam
2071 2747 2241 2797 expo-

305 2805 416 2854 sita
439 2807 566 2854 sunt
589 2805 647 2854 in
671 2804 906 2854 historia
938 2819 1061 2854 mea
1086 2803 1283 2853 critica
1306 2804 1636 2868 scriptorum
1660 2800 1924 2850 historiae
1948 2799 2236 2866 Augustae

305 2873 553 2938 (Lipsiae
581 2873 754 2935 1860),
789 2872 887 2922 sed
913 2887 1037 2922 cum
1060 2872 1146 2921 his
1173 2875 1433 2936 quattuor
1457 2868 1633 2931 annis,
1675 2884 1743 2918 ex
1780 2883 1883 2934 quo
1906 2867 2007 2918 illa
2032 2868 2238 2918 disser-

303 2941 442 2992 tatio
467 2940 679 3006 publici
711 2941 846 2990 iuris
879 2941 1032 2990 faeta
1058 2943 1158 3013 e‘st,
1195 2937 1343 2988 haud
1377 2951 1557 3004 pauca
1596 2951 1741 2988 noua
1766 2936 2141 2997 addidicerim,
2169 2935 2239 2986 de

307 3009 434 3059 aliis
459 3008 640 3069 rebus,
677 3007 745 3058 de
773 3008 972 3072 quibus
997 3003 1133 3056 tunc
1160 3006 1416 3058 conicere
1443 3009 1659 3055 tantum
1690 3004 1847 3055 modo
1872 3004 2091 3066 liceret,
2120 3019 2239 3053 cer·

304 3077 414 3126 tius
448 3075 714 3124 iudicium
737 3075 871 3125 mihi
909 3074 1345 3140 co'nparauerim,
1379 3073 1599 3126 de.aliis
1634 3073 1868 3138 denique
1905 3071 2240 3122 sententiam

301 3158 481 3193 meam
499 3143 844 3206 munium-im,
870 3157 981 3197 non
999 3157 1475 3208 superuacaneum
1496 3157 1618 3192 esse
1638 3141 1935 3191 arbitratus
1954 3153 2074 3188 sum
2090 3139 2238 3188 hanc

304 3211 684 3276 quaestionem
709 3209 886 3260 denuo
911 3215 1173 3275 tractare,
1212 3225 1336 3260 cum
1360 3210 1688 3277 praesertim
1712 3207 1770 3257 id
1793 3207 1935 3257 ratio
1962 3209 2129 3271 atque
2154 3206 2241 3256 in·

303 3279 562 3328 stitutum
585 3279 748 3328 huius
772 3271 1135 3342 praefationis
1158 3279 1445 3344 postulare
1469 3277 1745 3328 uideatur.

440 3345 499 3409 2)
522 3346 738 3397 Primus
762 3345 868 3396 hoc
893 3346 1036 3396 libro
1059 3361 1191 3398 usus
1229 3349 1317 3396 est
1340 3344 1686 3398 Godofredus
1710 3341 2117 3406 Bernhardyus,
2146 3342 2241 3407 qui

304 3418 492 3464 tamen
514 3411 692 3464 falsus
723 3416 828 3474 est,
865 3414 1009 3479 quod
1035 3413 1355 3464 Cramerum
1382 3412 1827 3477 (,Hauschronik’
1854 3427 1907 3476 p.
1934 3412 2053 3472 128)
2080 3425 2236 3460 secu-

303 3486 395 3530 tus
429 3482 659 3535 eundem
695 3495 817 3532 esse
851 3482 1096 3542 censuit,
1143 3495 1303 3546 quem
1338 3479 1747 3544 Heidelbergae
1790 3481 1848 3528 in
1893 3476 2239 3528 bibliotheca

303 3548 565 3600 Palatina
590 3550 1023 3615 descripsissem:
1049 3549 1317 3600 Gruterus
1346 3553 1405 3616 et
1427 3548 1748 3598 Salmasius.
1791 3547 1861 3597 cf.
1888 3545 2239 3610 Bernhardyi
