2517 3884
610 173 899 232 TYRANNl
942 174 1272 231 TRIGINTA.
1362 172 1415 230 C.
1462 176 1641 230 2-4,'
2002 171 2089 237 93

149 349 264 402 tus,
299 341 351 401 si
375 340 616 418 quidem
637 342 859 401 nimius
881 358 1050 403 amor
1063 356 1205 418 erga
1215 340 1561 426 Postumum
1581 343 1845 403 omnium
1870 346 2037 405 erat
2020 362 2083 405 m
2120 352 2155 403 6

151 424 597 488 Gallicanorum
627 434 828 486 mente
857 424 1238 505 populorum,
1274 426 1430 506 quod
1464 429 1772 488 summotis
1804 428 2084 491 omnibus

150 511 524 573 Germanicis
553 510 829 589 gentibus
859 510 1193 571 Romanum
1231 513 1293 571 in
1337 513 1652 591 pristinam
1694 514 2082 575 securitatem
2176 539 2179 543 ·

147 603 496 657 reuoeasset
521 597 860 675 imperium.
937 594 1044 657 sed
1103 614 1238 657 cum
1298 614 1365 657 se
1421 598 1777 675 grauissime
1814 606 2079 676 regeret,
2120 611 2153 659 ’τ

89 697 120 737 5
145 700 318 743 more
359 680 464 741 illo
509 699 624 761 quo
655 679 808 741 Galli
837 698 1131 741 nouarum
1171 699 1377 742 rerum
1418 701 1657 763 semper
1696 691 1837 744 sunt
1878 683 2085 764 cupidi

145 766 418 827 Lolliano
449 772 664 843 agente
693 768 1092 845 interemptus
1124 774 1233 827 est.

273 850 341 912 Si
372 852 504 929 quis
544 869 692 911 sane
721 850 989 912 Postumi
1027 852 1310 913 meritum
1350 854 1634 929 requirit,
1677 852 1965 915 iudicium
2007 853 2082 915 de
2119 866 2153 915 8

144 954 216 995 eo
249 934 550 997 Valeriani
581 954 655 995 ex
705 936 818 997 hae
873 935 1154 1015 epistula,
1211 953 1391 1014 quam
1431 936 1532 997 ille
1564 936 1637 998 ad
1669 936 1868 1000 Gallos
1898 940 2081 1009 misit,

140 1020 481 1099 intelleget:
529 1020 978 1092 „Transrenani
1005 1018 1465 1083 limitiS.ducem
1509 1027 1569 1082 et
1599 1020 1820 1085 Galliae
1849 1026 2081 1103 praesi-
2119 1036 2153 1085 9

65 1124 118 1164 ιο
143 1106 286 1167 dem
325 1106 676 1167 Postumum
717 1107 994 1176 fecimuS,
1057 1107 1254 1167 uirum
1308 1106 1721 1184 dignissimum
1760 1111 2084 1170 seueritate

144 1188 474 1261 Gallorum,
508 1201 824 1271 praesente
854 1208 968 1266 quo
997 1210 1119 1251 non
1149 1190 1321 1252 miles
1350 1193 1414 1252 in
1445 1194 1675 1263 castriS,
1708 1212 1830 1254 non
1860 1195 1990 1256 iura
2019 1196 2084 1255 in

141 1278 298 1345 foro,
335 1294 456 1337 non
485 1278 548 1337 in
580 1275 980 1337 tribunalibus
1011 1275 1172 1343 lites,
1203 1294 1326 1337 non
1366 1278 1430 1337 in
1463 1279 1629 1338 ouria
1657 1277 1913 1355 dignitas
1940 1298 2081 1359 per-

141 1370 257 1431 eat,
293 1364 398 1439 qui
431 1363 751 1438 unicuique
779 1362 1094 1440 proprium
1127 1370 1186 1421 et
1217 1379 1391 1423 suum
1416 1371 1637 1432 seruet,
1674 1365 1871 1425 uirum
1902 1380 2081 1441 quem

142 1464 257 1525 ego
285 1465 434 1527 prae
467 1447 681 1507 ceteris
711 1456 944 1525 stupeo,
991 1452 1051 1506 et
1093 1447 1195 1523 qui
1225 1445 1425 1508 locum
1454 1448 1747 1528 principis
1774 1456 2083 1510 mereatur

67 1533 298 1602 15iure,
345 1530 419 1591 de
449 1549 566 1611 quo
597 1549 776 1610 spero
810 1529 970 1609 quod
1000 1530 1146 1591 mihi
1175 1534 1396 1609 gratias
1428 1534 1635 1611 agetis,
1710 1532 1870 1613 quod
1902 1536 1952 1594 si
1983 1553 2081 1595 me
2120 1545 2186 1595 10

135 1615 428 1679 fefellerit
467 1616 668 1695 opinio
721 1634 898 1695 quam
943 1614 1017 1677 de
1059 1614 1162 1676 illo
1205 1615 1431 1688 habeo,
1492 1618 1721 1687 sciatiS‚
1784 1636 2081 1697 nusquam

139 1704 414 1780 gentium
466 1700 766 1781 repperiri
810 1703 912 1782 qui
952 1703 1140 1780 possit
1196 1704 1440 1782 penitus
1482 1701 1823 1783 adprobari.
1900 1703 2081 1765 huius
2119 1714 2183 1763 11

137 1786 262 1849 fflio
293 1786 580 1848 Postumo
608 1788 850 1847 nomine
884 1786 1252 1848 tribunatum
1286 1789 1711 1849 Vocontiorum
1742 1786 1898 1859 dedi,
1938 1787 2083 1851 adu-

139 1872 412 1943 lescenti,
445 1872 548 1953 qui
577 1890 644 1933 se
674 1872 919 1951 dignum
950 1874 1138 1952 patris
1170 1872 1443 1934 moribus
1474 1872 1755 1935 reddet.“

65 2143 114 2185 20
698 2122 1121 2190 POSTVMV
1124 2122 1169 2189 S
1213 2122 1533 2191 IVNIOR

271 2330 358 2391 De
389 2330 506 2391 hoe
537 2348 728 2409 prope
757 2330 906 2390 nihil
951 2337 1041 2391 est
1072 2330 1228 2410 quod
1264 2329 1525 2399 dicatur,
1569 2332 1688 2391 nisi
1720 2330 1878 2408 quod
1911 2349 1943 2391 a
1972 2348 2080 2411 pa-
2114 2332 2164 2396 4

139 2426 235 2476 tre
265 2414 602 2495 appellatus
626 2416 840 2476 Caesar
871 2434 939 2475 ae
969 2416 1254 2494 deinceps
1282 2418 1346 2475 in
1378 2417 1507 2477 eius
1535 2415 2081 2495 honoreAugustus

139 2520 280 2561 cum
315 2506 488 2580 patre
519 2499 735 2560 dicitur
766 2502 1189 2579 interemptus,
1245 2519 1383 2561 cum
1414 2497 1717 2562 Lollianus
1775 2502 1838 2561 in
1880 2501 2081 2564 locum

139 2586 411 2647 Postumi
452 2585 812 2663 subrogatus
853 2584 1114 2647 delatum
1147 2584 1259 2646 sibi
1306 2604 1339 2647 a
1368 2585 1549 2647 Gallis
1581 2588 1939 2666 sumpsisset
1966 2590 2079 2648 im·

67 2690 116 2731 25
139 2672 400 2749 perium.
477 2670 588 2732 fuit
630 2677 828 2731 autem
861 2669 1040 2747 (quod
1083 2669 1277 2731 solum
1322 2678 1656 2733 memoratu
1686 2669 1931 2749 dignum
1966 2670 2077 2749 est)
2118 2692 2152 2740 2

139 2760 220 2816 ita
281 2757 348 2815 in
407 2754 938 2816 declamationibus
997 2755 1254 2818 disertus
1311 2762 1377 2815 ut
1437 2757 1567 2816 eius
1625 2756 2081 2817 controuersiae

140 2840 511 2911 Quintiliano
571 2840 844 2901 dicantur
900 2841 1188 2910 insertae,
1219 2830 1430 2917 ‘quem
1464 2838 1923 2901 declamatorem
1954 2840 2074 2901 Ro-

135 2927 302 2985 mani
343 2926 587 3003 generis
628 2926 1034 2994 acutissimum
1072 2924 1173 2985 uel
1203 2927 1384 2986 unius
1424 2926 1633 3003 eapitis
1674 2924 1849 2986 lectio
1880 2926 2078 3004 prima

137 3012 341 3071 statim
371 3010 572 3071 fronte
605 3007 991 3071 demonstrat.

275 3232 309 3280 2
335 3234 506 3296 gente
529 3229 698 3281 BPM
717 3246 808 3281 em.
833 3229 877 3281 S
1012 3230 1044 3279 6
1067 3228 1290 3280 lollieno
1315 3224 1443 3277 ΒΡ1
1582 3226 1614 3279 9
1639 3226 1918 3295 intellegit
1940 3230 1992 3279 B

137 3298 485 3349 transrenati
509 3297 562 3347 B
697 3298 901 3349 milites
925 3297 1027 3347 BP
1163 3299 1224 3348 11
1251 3312 1360 3362 quo
1385 3313 1478 3348 om.
1502 3294 1633 3347 ΒΡι
1659 3298 1782 3352 add.
1807 3296 1953 3350 P⁸M

140 3367 206 3417 14
235 3370 562 3417 mereantur
589 3365 694 3417 BP
851 3369 914 3419 15
951 3381 1112 3432 spero
1145 3382 1240 3417 om.
1276 3363 1357 3414 B¹
1518 3366 1689 3431 agitis
1724 3364 1827 3416 BP
1858 3362 1899 3417 ιζ
1930 3368 2079 3419 Iord.

277 3436 342 3486 17
392 3435 618 3500 repperi
664 3433 740 3485 Ρί
900 3436 968 3486 28
1017 3435 1222 3500 primae
1271 3433 1373 3483 BP
1530 3434 1595 3485 29
1645 3434 2083 3499 demonstratum

138 3500 306 3552 BPM
