2517 3884
798 199 1144 258 PERTlNAX.
1235 202 1290 257 C.
1337 207 1508 256 4-7.
2007 198 2141 263 109,

194 369 367 428 etiam
392 373 533 426 ante
558 368 622 426 in
642 365 919 428 omnibus
942 366 1256 428 ducatibus
1289 366 1554 429 dederat.
1603 368 2130 448 exprobrationem
2161 375 2200 438 6

194 461 389 514 autem
420 454 600 512 istam
630 450 851 511 milites
880 470 999 511 non
1032 451 1302 512 tulerunt
1327 455 1644 531 statimque
1668 453 1741 514 de
1763 456 2128 533 imperatore

192 537 473 598 mutando
518 538 872 614 cogitarunt.
950 554 1019 596 ea
1061 537 1155 597 die
1205 539 1380 598 etiam
1435 537 1510 598 ad
1552 539 1898 600 conuiuium
1937 543 2124 619 magi·
2165 557 2196 604 2

194 630 411 684 stratus
444 629 504 682 et
534 639 825 701 proceres
854 631 1099 682 senatus
1129 624 1385 700 rogauit.
1421 638 1600 699 quam
1632 624 2130 687 consuetudinem

143 723 168 762 5
193 706 553 768 Commodus
581 708 1087 786 praetermiserat.
1134 725 1280 768 sane
1310 709 1430 769 iam
1460 715 1708 787 postero
1737 709 2126 772 kalendarum
2165 728 2196 773 3

191 792 281 852 die
325 809 465 852 cum
508 799 737 853 statuae
770 791 1080 852 Commodi
1124 791 1526 863 deicerentur,
1575 802 1934 871 gemuerunt
1973 795 2128 856 mili-

190 887 307 947 tes,
354 876 537 938 simul
580 879 718 954 quia
759 879 978 938 iterum
1020 879 1257 954 signum
1301 877 1462 938 idem
1492 878 1740 939 dederat
1779 881 2125 959 imperator.

190 962 512 1024 timebatur
554 971 753 1023 autem
795 961 1005 1023 militia
1045 961 1157 1023 suh
1216 979 1360 1022 sene
1415 964 1795 1041 imperatore.
1871 965 2128 1045 denique
2166 981 2199 1027 4

190 1049 433 1108 tertium
462 1065 759 1108 nonarum
814 1047 971 1107 diem
1014 1047 1171 1108 uotis
1215 1049 1365 1126 ipsis
1410 1049 1630 1110 milites
1661 1049 1962 1111 Triarium
2005 1051 2125 1112 Ma-

122 1151 163 1188 10
190 1143 429 1193 ternum
458 1131 827 1201 Lasciuium,
876 1139 1214 1193 senatorem
1246 1131 1542 1203 nobilem,
1589 1133 1812 1196 ducere
1842 1137 1904 1195 in
1937 1144 2125 1197 castra

188 1217 541 1287 uoluerunt,
586 1227 652 1278 ut
694 1235 831 1278 eum
870 1217 1053 1278 rebus
1094 1217 1380 1278 Romanis
1422 1219 1803 1298 inponerent.
1881 1221 1985 1280 sed
2027 1220 2127 1281 ille
2164 1237 2194 1285 5

188 1304 381 1364 nudus
424 1304 581 1381 fugit
622 1311 799 1380 atque
853 1303 926 1362 ad
981 1303 1356 1364 Pertinacem
1407 1305 1469 1363 in
1512 1303 1800 1364 Palatisim
1853 1307 2020 1366 uenit
2071 1312 2129 1366 et

186 1395 323 1468 post
354 1407 430 1449 ex
458 1387 611 1448 urbe
641 1388 916 1450 decessit.
982 1389 1197 1448 timore
1243 1407 1387 1450 sane
1417 1389 1696 1449 Pertinax
1727 1397 1967 1450 coactus
1997 1409 2124 1450 om·
2164 1405 2194 1452 6

186 1476 283 1535 nia
314 1490 471 1551 quae
504 1473 863 1534 Commodus
906 1472 1197 1534 militibus
1241 1481 1299 1533 et
1341 1476 1646 1535 ueteranis
1689 1475 1938 1536 dederat
1982 1493 2126 1536 con-

116 1573 161 1614 15
185 1560 463 1620 firmauit.
540 1560 847 1638 suscipere
901 1577 967 1619 se
1011 1560 1189 1618 etiam
1239 1559 1563 1638 imperium
1607 1578 1640 1619 a
1695 1565 1907 1621 senatu
1959 1560 2126 1630 dixit,
2167 1577 2196 1624 7

188 1645 348 1722 quod
378 1645 500 1706 iam
532 1651 745 1722 sponte
776 1645 1011 1704 inierat.
1078 1645 1494 1722 quaestionem
1533 1646 1858 1706 maiestatis
1888 1647 2128 1725 penitus
2165 1659 2205 1708 8-

189 1729 321 1790 tulit
350 1747 488 1790 cum
517 1727 925 1798 iureiurando,
956 1731 1268 1790 reuocauit
1313 1729 1488 1789 etiam
1540 1747 1642 1790 eos
1687 1733 1789 1810 qui
1831 1729 2128 1810 deportati

187 1816 422 1877 fuerant
452 1816 707 1875 crimine
738 1815 1085 1883 maiestatis
1134 1831 1346 1874 eorum
1375 1816 1666 1876 memoria
1708 1817 1982 1877 restituta
2023 1819 2127 1893 qui

188 1902 371 1961 occisi
398 1899 657 1961 fuerant.
720 1897 938 1960 Filium
973 1900 1103 1959 eius
1146 1906 1392 1959 senatus
1424 1899 1738 1960 Caesarem
1779 1899 2120 1979 appellauit.
2163 1915 2194 1962 9

118 1999 163 2039 20
186 1986 290 2046 sed
321 1985 606 2046 Pertinax
648 2003 761 2044 nec
800 1985 1006 2045 uxoris
1046 1985 1346 2062 Augustae
1389 1985 1851 2063 appellationem
1893 1989 2124 2064 recepit

188 2078 245 2130 et
274 2071 349 2131 de
379 2069 503 2131 filio
548 2071 727 2130 dixit:
762 2074 925 2130 ‘cum
955 2071 1295 2132 meruerit'.
1361 2077 1418 2129 et
1451 2087 1585 2130 cum
1617 2069 1974 2150 Commodus
2019 2070 2120 2130 ad·
2164 2085 2228 2133 10

185 2155 547 2217 lectionibus
576 2156 911 2216 innumeris
940 2156 1278 2233 praetorias
1308 2156 1678 2224 miscuisset,
1715 2162 1954 2215 senatus
1981 2173 2121 2215 con-

188 2240 407 2302 sultum
453 2241 734 2302 Pertinax
780 2240 925 2300 fecit
974 2241 1268 2316 iussitque
1323 2257 1426 2299 eos
1485 2241 1587 2317 qui
1638 2247 1952 2318 praeturas
2003 2257 2124 2299 non

187 2328 511 2404 gessissent
560 2325 672 2386 sed
717 2323 1052 2385 adlectione
1098 2326 1473 2403 accepissent
1515 2330 1654 2402 post
1701 2344 1802 2386 eos
1847 2341 1978 2386 esse
2021 2328 2125 2402 qui

118 2424 165 2464 25
188 2429 331 2472 uere
360 2418 675 2490 praetores
705 2410 975 2471 fuissent.
1042 2410 1148 2471 sed
1196 2409 1336 2495 hinc
1379 2427 1615 2490 quoque
1653 2410 1880 2487 grande
1922 2409 2124 2472 odium
2165 2426 2227 2472 11

188 2496 301 2557 sibi
330 2495 661 2557 multorum
686 2496 1032 2577 commouit.
1098 2498 1318 2555 cen‘sus
1359 2496 1670 2556 retractari
1711 2497 1900 2557 iussit.
1963 2495 2123 2556 dela·
2162 2501 2196 2562 7

186 2589 350 2641 tores
394 2583 707 2641 conuictos
750 2581 1015 2657 grauiter
1057 2581 1260 2658 puniri
1311 2581 1485 2640 iussit
1541 2589 1601 2641 et
1647 2587 1846 2641 tamen
1887 2580 2125 2642 mollius

186 2684 365 2744 quam
394 2665 633 2744 priores
663 2666 1081 2744 imperatoreS,
1114 2665 1437 2744 unicuique
1469 2664 1756 2743 dignitati,
1793 2668 1846 2727 si
1877 2665 2122 2726 delatio-

188 2752 281 2812 nis
313 2751 544 2811 crimen
572 2751 933 2820 incurreret,
967 2768 1222 2829 poenam
1257 2756 1542 2811 statuens.
1606 2750 1800 2828 legem
1845 2769 1984 2812 sane
2030 2759 2122 2812 tu·
2161 2768 2190 2814 2

120 2847 164 2888 ³0
190 2834 286 2904 lit,
330 2843 401 2896 ut
442 2841 801 2896 testamenta
843 2837 1046 2914 priora
1087 2853 1209 2895 non
1248 2836 1416 2914 prius
1459 2843 1663 2896 essent
1692 2837 1900 2904 inrita,
1949 2853 2124 2912 quam

190 2919 301 2980 alia
330 2921 599 3000 perfecta
631 2926 858 2990 essent,
902 2937 1054 2986 neue
1098 2920 1175 2980 ob
1216 2919 1331 2980 hoc
1359 2921 1538 2980 fiscus
1570 2917 1884 2997 aliquando
1917 2939 2120 2981 succe-

188 3006 378 3067 deret.
440 3007 697 3084 ipseque
726 3006 1033 3084 prol'essus
1066 3011 1174 3075 est,
1207 3004 1430 3066 nullius
1463 3024 1526 3066 se
1558 3004 1856 3067 aditurum
1883 3003 2121 3066 heredi·
2160 3027 2190 3072 3

186 3099 401 3161 tatem,
446 3107 599 3168 quae
644 3097 747 3150 aut
786 3088 1122 3151 adulatione
1164 3089 1412 3152 alicuius
1457 3088 1646 3151 delata
1690 3099 1848 3152 esset
1889 3100 1990 3152 aut
2019 3091 2121 3152 lite

187 3175 504 3256 perplexa,
550 3183 618 3236 ut
656 3175 909 3254 legitimi
951 3173 1207 3258 heredes
1250 3184 1310 3236 et
1353 3176 1679 3238 necessarii
1716 3178 2116 3258 priuarentur.

282 3397 317 3447 5
342 3410 467 3446 cum
489 3396 657 3447 BPM
673 3397 785 3448 iam
806 3397 997 3462 scripsi
1130 3397 1160 3445 6
1187 3387 1313 3446 cum*
1333 3413 1425 3447 om.
1451 3397 1519 3447 M
1631 3399 1694 3448 27
1719 3396 1939 3449 uinctos
1963 3397 2130 3447 BPM

184 3479 277 3516 em.
300 3465 492 3516 Petrus
514 3465 687 3516 Faber
822 3467 889 3516 28
916 3463 1227 3515 delationes
1251 3465 1303 3514 B
1429 3467 1496 3516 29
1522 3463 1724 3515 detulit
1747 3465 1798 3514 B
1913 3467 1977 3516 32
2005 3463 2121 3514 adi-

184 3535 365 3583 turam
388 3532 491 3583 BP
624 3537 689 3586 33
716 3538 813 3584 aut
836 3533 935 3584 lite
961 3538 1060 3583 aut
1084 3532 1349 3599 perplexa
1373 3532 1539 3582 BPM
