2517 3884
565 187 918 270 COMMODVS
961 187 1357 244 ANTONINVS.
1444 189 1501 245 C.
1546 191 1753 247 9—11.
2058 179 2140 248 97

189 353 476 416 omnibus
509 362 601 416 est
624 356 968 416 infamatus.
1012 354 1349 415 inridentes
1380 372 1445 416 se
1476 355 1623 416 feris
1654 355 1964 418 obiciebat.
2000 375 2140 419 eum
2176 369 2207 416 2

195 442 374 500 etiam
405 441 512 520 qui
543 438 877 517 Tranquilli
905 439 1126 500 librum
1160 440 1351 500 uitam
1386 440 1684 519 Caligulae
1727 444 2139 504 continentem

194 525 424 603 legerat
455 527 602 586 feris
630 525 790 586 obici
819 527 1020 595 iussit,
1055 525 1483 602 quia-eundem
1514 527 1674 587 diem
1706 527 1916 588 natalis
1946 527 2135 590 habu-

198 619 340 680 erat,
381 627 562 688 quem
593 618 656 670 et
685 610 966 688 Caligula.
1045 612 1096 671 si
1127 612 1263 688 quis
1305 628 1448 672 sane
1490 630 1554 672 se
1584 613 1741 673 mori
1774 611 1931 673 uelle
1959 632 2133 693 prae·
2174 625 2207 672 3

150 711 175 749 5
199 696 479 765 dixisset,
538 695 698 756 hunc
757 697 1015 757 inuitum
1071 697 1457 775 praecipitari
1512 696 1775 758 iubebat.
1868 699 1928 758 in
1988 701 2136 760 iocis
2170 709 2207 756 4

197 798 443 858 quoque
473 782 874 860 perniciosus
933 799 1074 841 nam
1105 799 1242 841 eum
1274 799 1455 860 quem
1484 783 1735 843 uidisset
1764 781 2135 845 albescentes

196 868 351 928 inter
377 868 592 944 nigros
625 865 874 946 capillos
917 867 1090 944 quasi
1120 867 1485 928 uermiculos
1528 867 1753 928 habere
1784 876 1998 929 sturno
2030 869 2132 930 ad-

193 953 409 1031 posito,
445 953 548 1031 qui
581 969 645 1012 se
673 969 912 1011 vermes
943 953 1160 1012 sectari
1189 951 1483 1021 crederet,
1518 955 1711 1032 capite
1738 962 2135 1032 suppuratum

194 1036 487 1098 reddebat
515 1035 994 1098 obtunsionibus.
1039 1038 1321 1116 pinguem
1354 1039 1659 1098 hominem
1692 1038 1889 1099 medio
1918 1049 2132 1100 uentre
2170 1050 2201 1096 5

128 1140 172 1177 ιο
195 1122 498 1191 dissicuit,
545 1129 611 1182 ut
653 1123 785 1182 eius
813 1123 1100 1182 intestina
1131 1121 1329 1182 subito
1360 1122 2128 1204 funderentu1.monopo-
2168 1134 2201 1180 6

193 1206 325 1267 dios
373 1215 431 1267 et
471 1207 757 1268 luscinios
811 1225 916 1268 eos
957 1206 1174 1284 quibus
1215 1215 1317 1267 aut
1359 1207 1627 1284 singulos
1667 1207 1911 1268 tulisset
1936 1213 2136 1269 oculos

193 1299 293 1352 aut
322 1291 591 1370 singulos
621 1292 807 1371 pedes
836 1294 1119 1370 fregisset
1147 1291 1501 1370 appellabat.
1563 1290 1782 1352 multos
1821 1303 2133 1372 praeterea
2171 1305 2199 1352 7

15 1375 29 1420 ⁹
189 1379 418 1456 passim
449 1379 734 1438 exstinxit
764 1376 933 1448 alios,
965 1379 1105 1454 quia
1139 1376 1452 1438 barbarico
1482 1376 1692 1437 habitu
1722 1386 2130 1448 occurrerant,

193 1461 372 1532 alioS,
423 1465 560 1539 quia
603 1461 834 1528 nobiles
877 1469 937 1522 et
977 1463 1233 1541 speciosi
1278 1470 1463 1523 erant.
1548 1461 1757 1522 habuit
1795 1466 1859 1523 in
1901 1463 2131 1525 deliciis
2168 1475 2200 1522 8

122 1565 166 1605 15
191 1547 472 1608 homines
538 1545 870 1626 appellatos
935 1547 1281 1608 nominibus
1345 1547 1752 1608 uerendorum
1818 1551 2131 1627 utriusque

190 1651 404 1702 sexuS,
439 1649 605 1710 -quos
645 1632 932 1693 libentius
973 1634 1100 1692 suis
1141 1631 1365 1693 osculis
1396 1631 1746 1712 applicabat.
1820 1633 2027 1695 habuit
2072 1643 2131 1695 et
2167 1646 2199 1693 9

189 1716 498 1778 hominem
522 1736 680 1797 pene
702 1718 1084 1797 prominente
1107 1716 1265 1778 ultra
1288 1717 1533 1778 modum
1558 1717 1922 1789 animalium,
1950 1738 2129 1800 quem

191 1821 351 1863 onon
383 1802 740 1883 appellabat,
774 1803 888 1864 sibi
919 1803 1320 1864 carissimum.
1382 1821 1561 1882 quem
1582 1811 1663 1862 .et
1693 1803 1905 1864 ditauit
1946 1813 2003 1866 et
2036 1823 2127 1866 sa-

193 1888 461 1950 cerdotio
491 1888 768 1950 Herculis
809 1890 1021 1950 rustici
1061 1889 1425 1968 praeposuit.
1498 1889 1725 1948 Dicitur
1768 1907 1946 1968 saepe
1988 1909 2126 1969 pre·
2153 1886 2229 1949 11

123 1990 170 2028 20
196 1975 538 2034 tiosissimis
589 1972 741 2034 cibis
792 1974 1051 2034 humana
1107 1980 1377 2035 stercora·
1427 1975 1738 2034 miscuisse
1792 1993 1904 2034 nec
1948 1974 2129 2035 absti-

190 2061 396 2120 nuisse
427 2067 669 2136 gustum
700 2058 856 2129 aliis,
899 2065 967 2120 ut
995 2057 1269 2138 putabat,
1300 2058 1521 2118 inrisis.
1586 2056 1738 2118 duos
1780 2057 1991 2136 gibbos
2034 2077 2130 2118 re·
2168 2067 2199 2112 2

189 2153 381 2204 tortos
438 2146 502 2204 in
554 2143 724 2204 lance
775 2150 1060 2222 argentea
1115 2143 1230 2203 sibi
1284 2144 1473 2220 sinapi
1527 2143 1805 2221 perfusos
1862 2142 2133 2204 exhibuit

192 2229 560 2308 eosdemque
625 2231 824 2290 statim
880 2229 1187 2308 promouit
1238 2245 1307 2287 ac
1359 2226 1590 2287 ditauit.
1692 2230 1879 2306 praef.
1934 2235 2125 2307 praet.
2168 2237 2199 2283 3

190 2331 365 2374 suum
395 2313 693 2374 lulianum
722 2321 990 2392 togatum
1021 2319 1343 2394 praesente
1375 2313 1569 2373 officio
1608 2331 1715 2374 suo
1746 2315 1808 2374 in
1838 2315 2129 2393 piscinam

117 2416 166 2455 25
193 2398 470 2460 detrusit.
558 2415 738 2476 quem
795 2399 1013 2460 saltare
1067 2400 1244 2459 etiam
1296 2397 1522 2458 nudum
1574 2405 1713 2458 ante
1769 2399 2129 2460 concubinas

191 2502 328 2546 suas
357 2485 538 2544 iussit
568 2485 930 2561 quatientem
977 2483 1243 2564 cymbala
1288 2483 1840 2544 deformatonultu.
1906 2501 2129 2563 genere
2165 2493 2199 2540 4

187 2569 564 2646 leguminum
596 2577 905 2630 coctorum
935 2569 1009 2630 ad
1040 2570 1383 2630 conuiuium
1412 2575 1661 2648 propter
1684 2569 1957 2630 luxuriae
1987 2589 2127 2631 con-

195 2657 589 2716 tinuationem
652 2673 794 2715 raro
858 2657 1114 2714 uacauit.
1235 2653 1475 2715 lauabat
1531 2673 1642 2734 per
1700 2655 1877 2716 diem·
1910 2657 2130 2735 septies
2168 2663 2200 2711 5

191 2747 367 2818 atque
411 2740 602 2800 octies
645 2741 804 2800 etin
844 2741 992 2819 ipsis
1035 2738 1265 2800 balneis
1309 2738 1540 2800 edebat.
1616 2739 1865 2800 deorum
1910 2738 2131 2818 templa
2166 2747 2199 2792 6

119 2841 164 2882 30
191 2825 454 2904 pollutus
508 2826 730 2904 stupris
785 2832 844 2885 et
896 2824 1157 2886 humano
1203 2827 1513 2902 sanguine.
1604 2825 1869 2886 imitatus
1927 2831 2017 2884 est
2071 2831 2130 2883 et
2165 2832 2195 2878 7

190 2911 512 2979 medicum,
537 2917 603 2969 ut
627 2911 979 2988 san-guinem
1003 2909 1346 2970 hominibus
1373 2911 1670 2969 emitteret
1696 2908 1946 2987 scalpris
1971 2909 2129 2969 fera-

292 3116 321 3164 1
349 3129 475 3163 cum
500 3114 673 3163 etiam
696 3113 748 3162 B
884 3115 915 3163 2
952 3113 1246 3179 calligulae
1272 3110 1344 3162 Bl
1484 3112 1516 3161 6
1552 3127 1673 3162 eam
1696 3113 1747 3162 P
1778 3121 1814 3163 t.
1842 3113 1993 3166 Iord.

189 3183 218 3232 7
245 3197 350 3250 cap
353 3181 467 3232 illis
488 3181 543 3232 B
681 3184 714 3233 8
740 3181 961 3232 eredere
986 3182 1108 3232 ΒΡι
1245 3184 1277 3232 9
1305 3180 1713 3232 obtunsioneris
1736 3180 1946 3246 BP(M)
1972 3197 2062 3233 em.
2093 3183 2136 3233 0

277 3252 352 3300 11
383 3249 576 3301 oeulos
600 3265 694 3304 om.
719 3248 840 3299 BP1
866 3253 986 3304 add.
1013 3249 1154 3300 P³M
1185 3247 1329 3315 [fort.
1367 3257 1531 3300 tamen
1564 3258 1681 3300 ante
1715 3250 1939 3300 tulisset
1974 3252 2133 3300 inter-

173 3315 500 3383 ponendum]
645 3321 708 3369 13
715 3319 1006 3436 lextincxit
1028 3319 1080 3368 B
1220 3320 1283 3368 16
1310 3317 1483 3370 oculis
1506 3317 1674 3368 BPM
1692 3337 1782 3374 em.
1815 3320 2032 3369 Vrsinus

187 3386 478 3450 explicabat
501 3385 553 3435 B
715 3389 1203 3488 l7lprominentem
1226 3386 1277 3436 B
1440 3389 1502 3438 18
1529 3385 1691 3454 onon]
1719 3403 1831 3438 non
1854 3387 1904 3436 B
2066 3389 2130 3435 19

189 3455 666 3516 praetiosissimus
689 3455 793 3505 BP
949 3459 1014 3507 20
1040 3457 1180 3507 ciuis
1205 3453 1327 3505 BP¹
1464 3457 1529 3505 21
1557 3461 1724 3520 gustu
1748 3455 1817 3504 M
1946 3455 2011 3502 26
2038 3469 2129 3517 ge-

187 3535 323 3572 nera.
349 3549 416 3558 --
439 3523 671 3573 uocauit
694 3524 861 3575 BPM
881 3541 968 3578 em.
999 3524 1038 3574 S
1176 3527 1240 3574 27
1269 3527 1589 3574 cunctorum
1614 3524 1654 3573 S
1791 3523 1856 3574 31
1892 3521 2132 3572 hominis

260 3635 474 3674 sempr.
504 3640 654 3674 msr.
680 3640 808 3676 Avo.
857 3629 899 3677 Ι.
1682 3606 1718 3668 7
