2517 3884
1022 186 1413 244 PRAEFATIO.
2088 189 2175 248 ‚vn

353 332 412 382 2.
435 327 623 382 codex
653 323 958 386 Palatinus
979 339 1009 379 a
1042 323 1279 379 Grutero
1310 322 1501 396 paucis
1530 321 1685 385 locis,
1716 339 1839 380 cum
1862 321 2175 381 Heidelber·
2224 331 2285 386 P

226 429 334 485 gae
365 418 530 472 esset,
573 411 872 483 inspectus,
917 426 947 464 a
979 407 1244 464 Salmasio
1291 407 1559 464 conlatus.
1606 409 1701 482 qui
1751 416 1931 466 tamen
1960 425 2083 466 cum
2114 412 2172 466 in

223 496 476 552 editione
504 512 606 550 sua
632 511 736 568 pro
755 509 910 550 more
939 492 1088 549 illius
1109 492 1305 550 aetatis
1329 490 1561 550 selectas
1582 499 1799 550 tantum
1820 493 1985 550 modo
2006 494 2174 552 huius

231 581 358 637 libri
391 581 695 654 scripturas
725 576 1112 652 prompsisset,
1141 576 1313 633 multa
1343 576 1643 638 restabant,
1674 585 1909 652 propter
1939 596 2081 652 quae
2111 588 2177 636 ut

229 667 414 722 denuo
445 664 736 738 diligenter
758 670 1124 726 excuteretur,
1157 669 1425 736 optarem.
1459 663 1641 736 itaque
1666 670 1729 718 ut
1750 664 1987 736 primum
2010 663 2177 721 Adel·

231 751 398 824 phum
427 748 820 822 Kiesslingium
851 750 1083 805 amicum
1114 744 1252 804 ‘eum
1296 747 1441 803 inter
1467 745 1641 804 libros
1669 746 1946 804 Palatinos
1976 747 2176 806 bibli-o·

233 835 422 890 thecae
453 834 755 895 Vaticanae‚
787 833 881 889 ubi
911 832 1007 888 diu
1036 831 1215 894 latuit,
1245 831 1559 906 repperisse
1589 834 1793 888 certior
1821 833 2001 890 faetus
2032 851 2173 896 sum,

229 914 362 975 nihil
393 918 676 991 antiquius
707 917 888 980 habui,
932 909 1106 990 quam'
1133 924 1196 972 ut
1224 918 1401 990 prima
1428 933 1569 990 quae
1599 917 1733 973 mihi
1762 918 1987 975 daretur
2018 935 2171 976 ocea—

231 1005 390 1060 sione
428 1019 565 1058 usus
607 1004 830 1058 ineunte
875 1018 1007 1057 uere
1049 1003 1176 1078 anni
1209 1001 1513 1075 superioris
1542 1001 1765 1058 Romam
1797 1017 2169 1076 properarem,

231 1087 324 1143 ubi
368 1103 532 1161 quam
569 1088 982 1144 accuratissime
1023 1103 1147 1143 eum
1190 1085 1517 1142 conferrem.
1563 1103 1669 1159 qua
1699 1087 1769 1142 in·
1787 1103 1847 1143 re
1878 1104 2015 1143 usus
2048 1105 2169 1144 sum

231 1171 527 1245 exemplari
558 1171 941 1234 Obrechtiano,
973 1171 1030 1226 in
1063 1189 1174 1244 quo
1203 1178 1364 1227 antea
1398 1187 1585 1227 omnes
1616 1169 1847 1234 litteras,
1879 1173 1937 1229 in
1969 1171 2169 1245 quibus

229 1257 396 1312 codex
423 1256 838 1328 Bambergensis
868 1255 1230 1329 discrepabat,
1260 1256 1483 1328 pnnetis
1514 1255 1881 1312 distinxeram.
1918 1264 2004 1312 est
2034 1273 2169 1314 uero

229 1341 278 1396 is
307 1340 447 1398 liber
473 1357 702 1397 numero
732 1342 836 1394 899
865 1339 1177 1402 distinctus,
1208 1339 1670 1402 membranaceus,
1704 1340 1875 1397 seculi
1904 1340 1949 1398 X
1972 1340 2055 1396 vel
2081 1341 2166 1403 Xl,

224 1425 526 1498 diligenter
534 1425 678 1481 idem
694 1424 899 1480 litteris
913 1424 1191 1480 Saxonicis
1203 1426 1445 1498 scriptus
1458 1424 1634 1482 forma
1650 1424 1933 1499 quadrata.
1948 1434 2170 1484 constat

227 1509 683 1584 quaternionibus
693 1510 898 1583 uiginti
915 1516 1128 1583 septem
1137 1508 1228 1565 uel
1253 1508 1403 1566 foliis
1424 1509 1677 1566 ducentis
1690 1509 1945 1572 sedecim,
1968 1513 2167 1584 pagina
2190 1564 2195 1568 ,
2270 1510 2275 1516 ”

225 1595 460 1668 singulis
489 1610 739 1668 quaeque
769 1593 1036 1650 columnis
1078 1593 1331 1650 uersibus
1362 1595 1541 1668 primo
1572 1595 1779 1651 nicenis
1810 1595 2009 1668 quinis,
2041 1596 2167 1652 dein

226 1679 443 1736 nicenis
465 1681 631 1735 senis,
665 1679 808 1734 inter
835 1695 1030 1736 manus
1061 1686 1176 1734 tres
1208 1686 1547 1752 quattuorue
1577 1680 1985 1742 emendatrices,
2030 1697 2167 1754 quas

223 1771 490 1837 expertus
521 1771 624 1826 est,
669 1763 864 1820 similis
905 1763 1196 1820 intercedit
1235 1764 1377 1819 ratio
1422 1766 1763 1837 atqueinter
1790 1781 1983 1839 mannus
2012 1766 2167 1820 Bam-

225 1847 532 1921 bergensis,
562 1849 673 1913 nisi
701 1847 852 1922 quod
879 1849 934 1909 in
951 1847 1006 1904 P
1024 1849 1192 1904 etiam
1221 1863 1282 1904 ea
1315 1864 1455 1926 quae
1484 1856 1730 1906 tenorem
1758 1849 2025 1906 orationis
2046 1865 2170 1906 exa·-

225 1926 502 2007 rauit(P¹)
517 1932 732 1990 litteras
759 1932 975 2007 aliquot
1001 1932 1092 1990 uel
1121 1949 1291 1990 uoces
1322 1939 1378 1988 et
1408 1949 1623 1996 uersus,
1656 1935 1751 2007 qui
1784 1941 1947 1991 antea
1976 1935 2167 1992 omissi

221 2027 430 2080 essent,
463 2017 696 2077 addidit:
747 2017 942 2074 deinde
973 2016 1143 2074 altera
1172 2034 1366 2074 manus
1396 2010 1545 2090 (Ρῖ),
1591 2033 1729 2091 quae
1759 2026 1989 2092 propter
2018 2027 2167 2075 atra·

225 2110 470 2158 mentum
523 2101 708 2158 minus
747 2101 968 2158 fuscum
1008 2101 1168 2158 facile
1208 2121 1240 2158 a
1281 2102 1456 2176 prima
1496 2103 1858 2174 dignoscitur,
1911 2105 2161 2176 inspecto

222 2187 415 2244 codice⁴
431 2187 620 2260 aliquo
645 2186 789 2242 haud
812 2187 1228 2250 contemnendo,
1253 2188 1349 2259 qui
1372 2189 1536 2243 etiam
1562 2188 1843 2260 antiquior
1864 2188 2161 2261 archetypo

225 2271 394 2328 fuisse
424 2262 712 2342 uidetur-3),
731 2288 952 2328 errores
982 2271 1194 2345 aliquot
1221 2271 1477 2333 correxit,
1509 2279 1573 2327 ut
1600 2273 1784 2346 magni
1806 2274 1881 2327 sit
1904 2274 2165 2330 momenti

221 2355 292 2410 ad
319 2357 556 2429 genuina
587 2357 918 2430 scriptorum
948 2355 1118 2412 uerba
1147 2356 1550 2413 constituenda.
1597 2356 1759 2412 tertia
1788 2356 2023 2432 denique
2050 2373 2167 2413 ma-

225 2455 328 2495 nus
359 2439 531 2497 seculi
561 2441 711 2497 tertii
739 2441 936 2497 decimi
972 2440 1061 2498 uel
1094 2441 1277 2515 quarti
1308 2441 1500 2497 decimi
1530 2434 1659 2515 (P3)
1692 2457 1755 2496 ex
1788 2441 2035 2516 exemplo
2066 2441 2169 2499 ali-

223 2540 334 2597 quo
355 2525 652 2581 deterioris
674 2525 912 2582 familiae
935 2523 1036 2598 (Σ)
1054 2525 1252 2582 multas
1278 2526 1597 2599 scripturas,
1624 2543 1761 2600 quae
1785 2543 2016 2600 prorsus
2040 2524 2166 2582 nul-

223 2607 334 2665 lius
353 2617 484 2665 sunt
505 2611 665 2682 preti,
682 2611 976 2684 adscripsit
1000 2627 1162 2684 saepe
1185 2609 1277 2666 uel
1300 2611 1471 2666 erasis
1493 2609 1701 2685 primae
1722 2609 1913 2668 manus
1936 2612 2161 2668 litteris,

352 2694 484 2748 Cum
515 2702 694 2750 autem
725 2696 776 2751 ei
808 2696 900 2768 qui
932 2696 1033 2752 hos
1063 2695 1234 2752 libros
1268 2704 1629 2778 exarauerunt
1658 2696 1843 2752 eadem
1874 2695 2160 2768 diligentia

222 2942 502 3004 prooemia
535 2942 642 2994 duo
677 2943 746 2994 de
765 2945 1142 3010 -scriptoribus
1177 2945 1445 2996 historiae
1470 2945 1757 3011 Augustae
1794 2943 2159 3008 (coniunctim

219 3009 399 3060 editos
421 3010 607 3062 Halae
635 3011 788 3075 1847)
816 3029 868 3078 p.
895 3014 930 3062 4
954 3016 1009 3062 et
1030 3011 1483 3071 dissertationem
1505 3029 1703 3064 meam·
1748 3054 1761 3064 .
1787 3015 1873 3062 21.

355 3075 408 3141 3)
446 3076 821 3142 conpluribus
859 3080 1004 3130 enim
1036 3080 1175 3131 locis
1209 3082 1308 3131 ubi
1330 3079 1381 3130 B
1408 3085 1464 3130 et
1490 3079 1565 3130 Ρι
1604 3081 1684 3131 eis
1726 3080 2046 3131 em'mendis
2072 3079 2161 3130 la·-

219 3144 420 3193 borant
451 3159 587 3195 uera
612 3147 889 3210 scriptura
915 3147 1104 3197 addita
1131 3151 1215 3198 est
1239 3163 1275 3198 a
1300 3145 1405 3210 1²²3
1444 3153 1507 3198 ut
1541 3149 1795 3214 exempla
1820 3147 2035 3212 aliquot
2060 3148 2154 3197 ad-

219 3211 412 3274 feram,
440 3213 717 3264 adiectum
737 3215 903 3264 estin
922 3215 1080 3266 Pesc.
1095 3218 1126 3264 2
1157 3217 1355 3280 „quusi
1372 3217 1659 3281 imperat''‚
1688 3215 1831 3280 quod
1854 3217 2158 3267 omiserant

219 3277 268 3326 B
295 3284 352 3328 et
376 3277 484 3329 P¹t
513 3281 792 3346 „denique
819 3285 986 3332 etiam
1012 3281 1338 3347 Aquilonem
1361 3284 1589 3334 miserat
1623 3283 1801 3348 [quasi
1833 3279 2157 3348 imperat]or

217 3350 405 3396 tantus
433 3362 466 3396 a
493 3349 818 3399 centurione
851 3365 1014 3414 posse
1048 3350 1343 3402 interfici.”
1391 3353 1539 3401 Pert.
1569 3352 1597 3400 7
1623 3351 1673 3400 B
1701 3356 1758 3400 et
1774 3351 1851 3400 P¹
1886 3351 2033 3401 falso
2062 3365 2154 3398 ex-

215 3412 414 3464 hibent
449 3417 798 3480 ‚peeuniam',
834 3415 912 3466 1²²
939 3419 1177 3468 correxit
1212 3409 1553 3483 ‚penuriam'.
1610 3417 1807 3468 Carae.
1830 3418 1863 3467 8
1887 3419 1981 3466 uel
2004 3421 2159 3465 totus

215 3495 410 3531 uersus
445 3498 700 3599 ’‘³¹¹Pm2que
725 3511 792 3519 —
816 3484 1194 3548 successisse’‚
1223 3487 1319 3550 qui
1344 3487 1401 3534 in
1421 3487 1472 3534 B
1499 3489 1554 3534 et
1572 3485 1644 3534 P¹
1674 3485 1883 3546 deerat,
1909 3484 2157 3546 adscrip-

213 3552 304 3596 tus
343 3555 432 3603 est
457 3565 492 3598 a
601 3591 614 3604 .
1243 3581 1252 3587 -
