<?xml version="1.0" encoding="UTF-8"?>
<!DOCTYPE html PUBLIC "-//W3C//DTD XHTML 1.0 Transitional//EN"
    "http://www.w3.org/TR/xhtml1/DTD/xhtml1-transitional.dtd">
<html xmlns="http://www.w3.org/1999/xhtml" xml:lang="en" lang="en">
 <head>
  <title>
</title>
<meta http-equiv="Content-Type" content="text/html;charset=utf-8" />
  <meta name='ocr-system' content='tesseract 3.04.00' />
  <meta name='ocr-capabilities' content='ocr_page ocr_carea ocr_par ocr_line ocrx_word'/>
</head>
<body>
  <div class='ocr_page' id='page_1' title='image "./scriptoreshisto02petegoog_0477.png"; bbox 0 0 2517 3884; ppageno 0'>
   <div class='ocr_carea' id='block_1_1' title="bbox 367 128 1585 217">
    <p class='ocr_par' dir='ltr' id='par_1_1' title="bbox 367 128 1585 217">
     <span class='ocr_line' id='line_1_1' title="bbox 367 128 1585 217; baseline -0.004 -1"><span class='ocrx_word' id='word_1_1' title='bbox 367 150 492 217; x_wconf 81' lang='lat'><strong>162</strong></span> <span class='ocrx_word' id='word_1_2' title='bbox 915 210 918 212; x_wconf 6' lang='lat' dir='ltr'><strong>a</strong></span> <span class='ocrx_word' id='word_1_3' title='bbox 1067 128 1287 211; x_wconf 75' lang='lat' dir='ltr'><strong>FLAvu</strong></span> <span class='ocrx_word' id='word_1_4' title='bbox 1330 152 1585 211; x_wconf 74' lang='lat' dir='ltr'><strong>vomscl</strong></span> 
     </span>
    </p>
   </div>
   <div class='ocr_carea' id='block_1_2' title="bbox 233 319 2378 2767">
    <p class='ocr_par' dir='ltr' id='par_1_2' title="bbox 370 319 2297 392">
     <span class='ocr_line' id='line_1_2' title="bbox 370 319 2297 392; baseline -0.001 -6"><span class='ocrx_word' id='word_1_5' title='bbox 370 324 589 390; x_wconf 82' lang='lat' dir='ltr'><strong>cidere,</strong></span> <span class='ocrx_word' id='word_1_6' title='bbox 624 321 761 382; x_wconf 90' lang='lat' dir='ltr'><strong>illos</strong></span> <span class='ocrx_word' id='word_1_7' title='bbox 791 338 939 383; x_wconf 90' lang='lat' dir='ltr'><strong>uero</strong></span> <span class='ocrx_word' id='word_1_8' title='bbox 971 319 1193 381; x_wconf 89' lang='lat' dir='ltr'><strong>debere</strong></span> <span class='ocrx_word' id='word_1_9' title='bbox 1225 336 1371 381; x_wconf 90' lang='lat' dir='ltr'><strong>suae</strong></span> <span class='ocrx_word' id='word_1_10' title='bbox 1404 322 1594 389; x_wconf 86' lang='lat' dir='ltr'><strong>uitae,</strong></span> <span class='ocrx_word' id='word_1_11' title='bbox 1650 321 1701 380; x_wconf 91' lang='lat' dir='ltr'><strong>si</strong></span> <span class='ocrx_word' id='word_1_12' title='bbox 1730 322 1847 381; x_wconf 88' lang='lat' dir='ltr'><strong>uiri</strong></span> <span class='ocrx_word' id='word_1_13' title='bbox 1876 322 2025 392; x_wconf 89' lang='lat' dir='ltr'><strong>sint,</strong></span> <span class='ocrx_word' id='word_1_14' title='bbox 2081 320 2297 385; x_wconf 82' lang='lat' dir='ltr'><strong>subue-</strong></span> 
     </span>
    </p>

    <p class='ocr_par' dir='ltr' id='par_1_3' title="bbox 301 406 2373 739">
     <span class='ocr_line' id='line_1_3' title="bbox 301 406 2296 482; baseline -0.002 -11"><span class='ocrx_word' id='word_1_15' title='bbox 301 420 334 471; x_wconf 84' lang='lat'><strong>6</strong></span> <span class='ocrx_word' id='word_1_16' title='bbox 369 411 520 470; x_wconf 85' lang='lat' dir='ltr'><strong>nire.</strong></span> <span class='ocrx_word' id='word_1_17' title='bbox 583 406 682 471; x_wconf 87' lang='lat' dir='ltr'><strong>hic</strong></span> <span class='ocrx_word' id='word_1_18' title='bbox 714 424 850 467; x_wconf 85' lang='lat' dir='ltr'><strong>cum</strong></span> <span class='ocrx_word' id='word_1_19' title='bbox 881 406 1247 465; x_wconf 76' lang='lat' dir='ltr'>exarsissent</span> <span class='ocrx_word' id='word_1_20' title='bbox 1291 406 1509 466; x_wconf 85' lang='lat' dir='ltr'><strong>timore</strong></span> <span class='ocrx_word' id='word_1_21' title='bbox 1551 407 1655 482; x_wconf 91' lang='lat' dir='ltr'><strong>qui</strong></span> <span class='ocrx_word' id='word_1_22' title='bbox 1692 406 2083 467; x_wconf 85' lang='lat' dir='ltr'><strong>merebantur-</strong></span> <span class='ocrx_word' id='word_1_23' title='bbox 2113 406 2296 469; x_wconf 79' lang='lat' dir='ltr'><strong>offen-</strong></span> 
     </span>
     <span class='ocr_line' id='line_1_4' title="bbox 369 488 2296 571; baseline -0.001 -16"><span class='ocrx_word' id='word_1_24' title='bbox 369 512 498 555; x_wconf 88' lang='lat' dir='ltr'><strong>sam</strong></span> <span class='ocrx_word' id='word_1_25' title='bbox 513 540 529 563; x_wconf 91' lang='lat'><strong>,</strong></span> <span class='ocrx_word' id='word_1_26' title='bbox 593 491 802 553; x_wconf 85' lang='lat' dir='ltr'><strong>dolore</strong></span> <span class='ocrx_word' id='word_1_27' title='bbox 842 492 1194 551; x_wconf 88' lang='lat' dir='ltr'><strong>innocentes</strong></span> <span class='ocrx_word' id='word_1_28' title='bbox 1237 534 1426 550; x_wconf 88' lang='grc'><strong>......</strong></span> <span class='ocrx_word' id='word_1_29' title='bbox 1490 488 1794 551; x_wconf 86' lang='lat' dir='ltr'><strong>beneficiis</strong></span> <span class='ocrx_word' id='word_1_30' title='bbox 1852 498 2029 571; x_wconf 82' lang='lat' dir='ltr'><strong>atque</strong></span> <span class='ocrx_word' id='word_1_31' title='bbox 2087 492 2296 553; x_wconf 81' lang='lat' dir='ltr'><strong>officiis</strong></span> 
     </span>
     <span class='ocr_line' id='line_1_5' title="bbox 365 573 2296 653; baseline -0.001 -14"><span class='ocrx_word' id='word_1_32' title='bbox 365 578 719 639; x_wconf 77' lang='lat' dir='ltr'><strong>Aurelianus</strong></span> <span class='ocrx_word' id='word_1_33' title='bbox 748 573 1067 638; x_wconf 87' lang='lat' dir='ltr'><strong>uidebatur</strong></span> <span class='ocrx_word' id='word_1_34' title='bbox 1097 574 1389 651; x_wconf 86' lang='lat' dir='ltr'><strong>ingratus,</strong></span> <span class='ocrx_word' id='word_1_35' title='bbox 1413 576 1477 635; x_wconf 89' lang='lat' dir='ltr'><strong>in</strong></span> <span class='ocrx_word' id='word_1_36' title='bbox 1510 574 1873 653; x_wconf 87' lang='lat' dir='ltr'><strong>supradicto</strong></span> <span class='ocrx_word' id='word_1_37' title='bbox 1904 574 2039 637; x_wconf 93' lang='lat' dir='ltr'><strong>loco</strong></span> <span class='ocrx_word' id='word_1_38' title='bbox 2067 578 2185 637; x_wconf 87' lang='lat' dir='ltr'><strong>iter</strong></span> <span class='ocrx_word' id='word_1_39' title='bbox 2213 578 2296 637; x_wconf 87' lang='lat' dir='ltr'><strong>fa-</strong></span> 
     </span>
     <span class='ocr_line' id='line_1_6' title="bbox 366 657 2373 739; baseline -0.003 -16"><span class='ocrx_word' id='word_1_40' title='bbox 366 658 620 723; x_wconf 77' lang='lat' dir='ltr'><strong>cientem</strong></span> <span class='ocrx_word' id='word_1_41' title='bbox 652 660 988 739; x_wconf 87' lang='lat' dir='ltr'><strong>principem</strong></span> <span class='ocrx_word' id='word_1_42' title='bbox 1021 657 1218 719; x_wconf 87' lang='lat' dir='ltr'><strong>subito</strong></span> <span class='ocrx_word' id='word_1_43' title='bbox 1249 658 1442 719; x_wconf 85' lang='lat' dir='ltr'><strong>adorti</strong></span> <span class='ocrx_word' id='word_1_44' title='bbox 1471 661 1927 721; x_wconf 83' lang='lat' dir='ltr'><strong>interemerunt.</strong></span> <span class='ocrx_word' id='word_1_45' title='bbox 2348 675 2373 717; x_wconf 79' lang='lat'>5</span> 
     </span>
    </p>

    <p class='ocr_par' dir='ltr' id='par_1_4' title="bbox 257 741 2296 994">
     <span class='ocr_line' id='line_1_7' title="bbox 257 741 2295 824; baseline 0 -19"><span class='ocrx_word' id='word_1_46' title='bbox 257 748 342 815; x_wconf 80' lang='lat'><strong>37</strong></span> <span class='ocrx_word' id='word_1_47' title='bbox 489 747 600 805; x_wconf 88' lang='lat' dir='ltr'><strong>Hic</strong></span> <span class='ocrx_word' id='word_1_48' title='bbox 629 745 764 805; x_wconf 87' lang='lat' dir='ltr'><strong>finis</strong></span> <span class='ocrx_word' id='word_1_49' title='bbox 804 741 1127 804; x_wconf 85' lang='lat' dir='ltr'><strong>Aureliano</strong></span> <span class='ocrx_word' id='word_1_50' title='bbox 1169 744 1317 813; x_wconf 82' lang='lat' dir='ltr'><strong>fuit,</strong></span> <span class='ocrx_word' id='word_1_51' title='bbox 1376 745 1641 823; x_wconf 81' lang='lat' dir='ltr'>principi</span> <span class='ocrx_word' id='word_1_52' title='bbox 1696 746 2047 805; x_wconf 85' lang='lat' dir='ltr'><strong>necessario</strong></span> <span class='ocrx_word' id='word_1_53' title='bbox 2107 747 2295 824; x_wconf 85' lang='lat' dir='ltr'><strong>magis</strong></span> 
     </span>
     <span class='ocr_line' id='line_1_8' title="bbox 364 821 2296 909; baseline 0 -18"><span class='ocrx_word' id='word_1_54' title='bbox 364 848 540 908; x_wconf 88' lang='lat' dir='ltr'><strong>quam</strong></span> <span class='ocrx_word' id='word_1_55' title='bbox 569 828 748 889; x_wconf 86' lang='lat' dir='ltr'><strong>bono</strong></span> <span class='ocrx_word' id='word_1_56' title='bbox 827 821 946 905; x_wconf 75' lang='lat' dir='ltr'><strong>quo</strong></span> <span class='ocrx_word' id='word_1_57' title='bbox 1005 828 1325 888; x_wconf 84' lang='lat' dir='ltr'><strong>interfecto</strong></span> <span class='ocrx_word' id='word_1_58' title='bbox 1387 847 1567 889; x_wconf 89' lang='lat' dir='ltr'><strong>cum</strong></span> <span class='ocrx_word' id='word_1_59' title='bbox 1586 836 1751 889; x_wconf 88' lang='lat' dir='ltr'><strong>esset</strong></span> <span class='ocrx_word' id='word_1_60' title='bbox 1790 847 1889 891; x_wconf 88' lang='lat' dir='ltr'><strong>res</strong></span> <span class='ocrx_word' id='word_1_61' title='bbox 1933 829 2201 909; x_wconf 86' lang='lat' dir='ltr'><strong>prodita,</strong></span> <span class='ocrx_word' id='word_1_62' title='bbox 2239 838 2296 891; x_wconf 89' lang='lat' dir='ltr'><strong>et</strong></span> 
     </span>
     <span class='ocr_line' id='line_1_9' title="bbox 361 911 2295 994; baseline 0 -19"><span class='ocrx_word' id='word_1_63' title='bbox 361 914 790 994; x_wconf 81' lang='lat' dir='ltr'><strong>sepulchrum</strong></span> <span class='ocrx_word' id='word_1_64' title='bbox 773 930 986 990; x_wconf 82' lang='lat' dir='ltr'><strong>ingens</strong></span> <span class='ocrx_word' id='word_1_65' title='bbox 1029 919 1087 973; x_wconf 90' lang='lat' dir='ltr'><strong>et</strong></span> <span class='ocrx_word' id='word_1_66' title='bbox 1119 911 1407 992; x_wconf 85' lang='lat' dir='ltr'><strong>templum</strong></span> <span class='ocrx_word' id='word_1_67' title='bbox 1448 912 1534 973; x_wconf 88' lang='lat' dir='ltr'><strong>illi</strong></span> <span class='ocrx_word' id='word_1_68' title='bbox 1567 912 1914 975; x_wconf 82' lang='lat' dir='ltr'><strong>detulerunt</strong></span> <span class='ocrx_word' id='word_1_69' title='bbox 1942 915 1991 974; x_wconf 85' lang='grc'><strong>11</strong></span> <span class='ocrx_word' id='word_1_70' title='bbox 2016 933 2051 975; x_wconf 90' lang='lat' dir='ltr'><strong>a</strong></span> <span class='ocrx_word' id='word_1_71' title='bbox 2081 913 2295 991; x_wconf 83' lang='lat' dir='ltr'><strong>quibus</strong></span> 
     </span>
    </p>

    <p class='ocr_par' dir='ltr' id='par_1_5' title="bbox 291 996 2291 1078">
     <span class='ocr_line' id='line_1_10' title="bbox 291 996 2291 1078; baseline -0.002 -14"><span class='ocrx_word' id='word_1_72' title='bbox 291 1015 326 1065; x_wconf 84' lang='lat'>2</span> <span class='ocrx_word' id='word_1_73' title='bbox 359 1001 760 1077; x_wconf 84' lang='lat' dir='ltr'><strong>interemptus</strong></span> <span class='ocrx_word' id='word_1_74' title='bbox 791 1003 899 1057; x_wconf 88' lang='lat' dir='ltr'><strong>est.</strong></span> <span class='ocrx_word' id='word_1_75' title='bbox 963 1015 1106 1057; x_wconf 89' lang='lat' dir='ltr'><strong>sane</strong></span> <span class='ocrx_word' id='word_1_76' title='bbox 1135 996 1441 1059; x_wconf 79' lang='lat' dir='ltr'><strong>Mnesteus</strong></span> <span class='ocrx_word' id='word_1_77' title='bbox 1480 1005 1687 1077; x_wconf 88' lang='lat' dir='ltr'><strong>postea</strong></span> <span class='ocrx_word' id='word_1_78' title='bbox 1728 998 2054 1078; x_wconf 83' lang='lat' dir='ltr'><strong>subreptus</strong></span> <span class='ocrx_word' id='word_1_79' title='bbox 2084 998 2157 1061; x_wconf 88' lang='lat' dir='ltr'><strong>ad</strong></span> <span class='ocrx_word' id='word_1_80' title='bbox 2191 1001 2291 1061; x_wconf 78' lang='lat' dir='ltr'><strong>sti·</strong></span> 
     </span>
    </p>

    <p class='ocr_par' dir='ltr' id='par_1_6' title="bbox 311 1080 2373 1244">
     <span class='ocr_line' id='line_1_11' title="bbox 311 1080 2373 1163; baseline -0.001 -18"><span class='ocrx_word' id='word_1_81' title='bbox 311 1099 324 1105; x_wconf 56' lang='lat'><em>⁴</em></span> <span class='ocrx_word' id='word_1_82' title='bbox 356 1086 542 1163; x_wconf 90' lang='lat' dir='ltr'><strong>pitem</strong></span> <span class='ocrx_word' id='word_1_83' title='bbox 571 1083 783 1145; x_wconf 85' lang='lat' dir='ltr'><strong>bestiis</strong></span> <span class='ocrx_word' id='word_1_84' title='bbox 823 1080 1090 1143; x_wconf 86' lang='lat' dir='ltr'><strong>obiectus</strong></span> <span class='ocrx_word' id='word_1_85' title='bbox 1133 1088 1254 1151; x_wconf 87' lang='lat' dir='ltr'><strong>est,</strong></span> <span class='ocrx_word' id='word_1_86' title='bbox 1320 1082 1479 1160; x_wconf 89' lang='lat' dir='ltr'><strong>quod</strong></span> <span class='ocrx_word' id='word_1_87' title='bbox 1522 1088 1751 1143; x_wconf 80' lang='lat' dir='ltr'><strong>statuae</strong></span> <span class='ocrx_word' id='word_1_88' title='bbox 1780 1100 2155 1144; x_wconf 78' lang='lat' dir='ltr'><strong>marmoreae</strong></span> <span class='ocrx_word' id='word_1_89' title='bbox 2184 1102 2289 1163; x_wconf 88' lang='lat' dir='ltr'><strong>po·</strong></span> <span class='ocrx_word' id='word_1_90' title='bbox 2320 1096 2373 1137; x_wconf 74' lang='grc' dir='ltr'><strong>ιο</strong></span> 
     </span>
     <span class='ocr_line' id='line_1_12' title="bbox 357 1166 2291 1255; baseline -0.005 -25"><span class='ocrx_word' id='word_1_91' title='bbox 357 1171 506 1230; x_wconf 88' lang='lat' dir='ltr'><strong>sitae</strong></span> <span class='ocrx_word' id='word_1_92' title='bbox 537 1170 599 1228; x_wconf 89' lang='lat' dir='ltr'><strong>in</strong></span> <span class='ocrx_word' id='word_1_93' title='bbox 633 1167 844 1229; x_wconf 89' lang='lat' dir='ltr'><strong>eodem</strong></span> <span class='ocrx_word' id='word_1_94' title='bbox 873 1166 1006 1227; x_wconf 88' lang='lat' dir='ltr'><strong>loco</strong></span> <span class='ocrx_word' id='word_1_95' title='bbox 1037 1168 1342 1255; x_wconf 80' lang='lat' dir='ltr'><strong>utrimque</strong></span> <span class='ocrx_word' id='word_1_96' title='bbox 1374 1168 1709 1244; x_wconf 83' lang='lat' dir='ltr'><strong>significant</strong></span> <span class='ocrx_word' id='word_1_97' title='bbox 1748 1167 1853 1231; x_wconf 87' lang='lat' dir='ltr'><strong>ubi</strong></span> <span class='ocrx_word' id='word_1_98' title='bbox 1884 1175 1944 1227; x_wconf 86' lang='lat' dir='ltr'><strong>et</strong></span> <span class='ocrx_word' id='word_1_99' title='bbox 1971 1170 2035 1227; x_wconf 88' lang='lat' dir='ltr'><strong>in</strong></span> <span class='ocrx_word' id='word_1_100' title='bbox 2066 1166 2291 1228; x_wconf 79' lang='lat' dir='ltr'><strong>colum.-</strong></span> 
     </span>
    </p>

    <p class='ocr_par' dir='ltr' id='par_1_7' title="bbox 283 1249 2290 1416">
     <span class='ocr_line' id='line_1_13' title="bbox 283 1249 2287 1319; baseline -0.003 0"><span class='ocrx_word' id='word_1_101' title='bbox 283 1269 319 1319; x_wconf 81' lang='lat'>3</span> <span class='ocrx_word' id='word_1_102' title='bbox 353 1255 446 1313; x_wconf 89' lang='lat' dir='ltr'><strong>nis</strong></span> <span class='ocrx_word' id='word_1_103' title='bbox 478 1253 616 1314; x_wconf 92' lang='lat' dir='ltr'><strong>diuo</strong></span> <span class='ocrx_word' id='word_1_104' title='bbox 646 1250 964 1314; x_wconf 87' lang='lat' dir='ltr'><strong>Aureliano</strong></span> <span class='ocrx_word' id='word_1_105' title='bbox 997 1257 1222 1311; x_wconf 81' lang='lat' dir='ltr'><strong>statuae</strong></span> <span class='ocrx_word' id='word_1_106' title='bbox 1253 1249 1607 1315; x_wconf 84' lang='lat' dir='ltr'><strong>constitutae</strong></span> <span class='ocrx_word' id='word_1_107' title='bbox 1638 1258 1795 1312; x_wconf 90' lang='lat' dir='ltr'><strong>sunt.</strong></span> <span class='ocrx_word' id='word_1_108' title='bbox 1856 1259 2099 1313; x_wconf 86' lang='lat' dir='ltr'><strong>senatus</strong></span> <span class='ocrx_word' id='word_1_109' title='bbox 2126 1271 2287 1314; x_wconf 87' lang='lat' dir='ltr'><strong>mor-</strong></span> 
     </span>
     <span class='ocr_line' id='line_1_14' title="bbox 356 1335 2290 1416; baseline 0 -19"><span class='ocrx_word' id='word_1_110' title='bbox 356 1345 474 1399; x_wconf 87' lang='lat' dir='ltr'><strong>tem</strong></span> <span class='ocrx_word' id='word_1_111' title='bbox 519 1340 648 1397; x_wconf 93' lang='lat' dir='ltr'><strong>eius</strong></span> <span class='ocrx_word' id='word_1_112' title='bbox 689 1336 952 1413; x_wconf 83' lang='lat' dir='ltr'><strong>gra-niter</strong></span> <span class='ocrx_word' id='word_1_113' title='bbox 989 1335 1154 1405; x_wconf 89' lang='lat' dir='ltr'><strong>tulit,</strong></span> <span class='ocrx_word' id='word_1_114' title='bbox 1199 1337 1445 1413; x_wconf 81' lang='lat' dir='ltr'><strong>grauius</strong></span> <span class='ocrx_word' id='word_1_115' title='bbox 1485 1342 1689 1396; x_wconf 89' lang='lat' dir='ltr'><strong>tamen</strong></span> <span class='ocrx_word' id='word_1_116' title='bbox 1730 1355 1787 1416; x_wconf 90' lang='lat' dir='ltr'><strong>p.</strong></span> <span class='ocrx_word' id='word_1_117' title='bbox 1822 1336 1927 1407; x_wconf 66' lang='lat' dir='ltr'><strong>R„</strong></span> <span class='ocrx_word' id='word_1_118' title='bbox 1972 1338 2073 1416; x_wconf 87' lang='lat' dir='ltr'><strong>qui</strong></span> <span class='ocrx_word' id='word_1_119' title='bbox 2111 1336 2290 1415; x_wconf 85' lang='lat' dir='ltr'><strong>uulgo</strong></span> 
     </span>
    </p>

    <p class='ocr_par' dir='ltr' id='par_1_8' title="bbox 282 1419 2371 1668">
     <span class='ocr_line' id='line_1_15' title="bbox 282 1419 2289 1501; baseline -0.003 -15"><span class='ocrx_word' id='word_1_120' title='bbox 282 1438 318 1487; x_wconf 86' lang='lat'>4</span> <span class='ocrx_word' id='word_1_121' title='bbox 354 1421 604 1491; x_wconf 84' lang='lat' dir='ltr'><strong>dicebat,</strong></span> <span class='ocrx_word' id='word_1_122' title='bbox 637 1419 1020 1481; x_wconf 88' lang='lat' dir='ltr'><strong>Aurelianum</strong></span> <span class='ocrx_word' id='word_1_123' title='bbox 1051 1420 1463 1499; x_wconf 83' lang='lat' dir='ltr'><strong>paedagogum</strong></span> <span class='ocrx_word' id='word_1_124' title='bbox 1506 1439 1639 1481; x_wconf 89' lang='lat' dir='ltr'><strong>esse</strong></span> <span class='ocrx_word' id='word_1_125' title='bbox 1670 1427 2033 1481; x_wconf 87' lang='lat' dir='ltr'><strong>senatorum.</strong></span> <span class='ocrx_word' id='word_1_126' title='bbox 2096 1420 2289 1501; x_wconf 87' lang='lat' dir='ltr'><strong>Impe-</strong></span> 
     </span>
     <span class='ocr_line' id='line_1_16' title="bbox 350 1504 2371 1584; baseline 0 -18"><span class='ocrx_word' id='word_1_127' title='bbox 350 1508 510 1567; x_wconf 90' lang='lat' dir='ltr'><strong>rauit</strong></span> <span class='ocrx_word' id='word_1_128' title='bbox 539 1506 709 1566; x_wconf 89' lang='lat' dir='ltr'><strong>annis</strong></span> <span class='ocrx_word' id='word_1_129' title='bbox 754 1522 888 1571; x_wconf 85' lang='lat' dir='ltr'><strong>sex,</strong></span> <span class='ocrx_word' id='word_1_130' title='bbox 946 1505 1144 1565; x_wconf 88' lang='lat' dir='ltr'><strong>minus</strong></span> <span class='ocrx_word' id='word_1_131' title='bbox 1182 1506 1388 1584; x_wconf 82' lang='lat' dir='ltr'><strong>paucis</strong></span> <span class='ocrx_word' id='word_1_132' title='bbox 1431 1504 1671 1577; x_wconf 85' lang='lat' dir='ltr'><strong>diebus,</strong></span> <span class='ocrx_word' id='word_1_133' title='bbox 1725 1523 1794 1567; x_wconf 89' lang='lat' dir='ltr'><strong>ac</strong></span> <span class='ocrx_word' id='word_1_134' title='bbox 1832 1504 2019 1567; x_wconf 84' lang='lat' dir='ltr'><strong>rebus</strong></span> <span class='ocrx_word' id='word_1_135' title='bbox 2057 1506 2289 1584; x_wconf 85' lang='lat' dir='ltr'><strong>magnis</strong></span> <span class='ocrx_word' id='word_1_136' title='bbox 2318 1518 2371 1561; x_wconf 82' lang='lat'><strong>1⁵</strong></span> 
     </span>
     <span class='ocr_line' id='line_1_17' title="bbox 351 1588 1322 1668; baseline -0.001 -18"><span class='ocrx_word' id='word_1_137' title='bbox 351 1591 537 1668; x_wconf 85' lang='lat' dir='ltr'><strong>gestis</strong></span> <span class='ocrx_word' id='word_1_138' title='bbox 568 1591 724 1650; x_wconf 86' lang='lat' dir='ltr'><strong>inter</strong></span> <span class='ocrx_word' id='word_1_139' title='bbox 756 1588 926 1650; x_wconf 90' lang='lat' dir='ltr'><strong>diuos</strong></span> <span class='ocrx_word' id='word_1_140' title='bbox 957 1588 1182 1650; x_wconf 85' lang='lat' dir='ltr'><strong>relatus</strong></span> <span class='ocrx_word' id='word_1_141' title='bbox 1212 1597 1322 1649; x_wconf 88' lang='lat' dir='ltr'><strong>est.</strong></span> 
     </span>
    </p>

    <p class='ocr_par' dir='ltr' id='par_1_9' title="bbox 283 1672 2289 1921">
     <span class='ocr_line' id='line_1_18' title="bbox 283 1672 2287 1754; baseline 0.001 -21"><span class='ocrx_word' id='word_1_142' title='bbox 283 1692 317 1743; x_wconf 78' lang='lat'>5</span> <span class='ocrx_word' id='word_1_143' title='bbox 479 1674 628 1745; x_wconf 83' lang='lat' dir='ltr'><strong>Quia</strong></span> <span class='ocrx_word' id='word_1_144' title='bbox 656 1674 922 1752; x_wconf 86' lang='lat' dir='ltr'><strong>pertinet</strong></span> <span class='ocrx_word' id='word_1_145' title='bbox 949 1672 1023 1733; x_wconf 87' lang='lat' dir='ltr'><strong>ad</strong></span> <span class='ocrx_word' id='word_1_146' title='bbox 1052 1674 1469 1745; x_wconf 85' lang='lat' dir='ltr'><strong>Aurelianum,</strong></span> <span class='ocrx_word' id='word_1_147' title='bbox 1512 1674 1574 1735; x_wconf 86' lang='lat' dir='ltr'><strong>id</strong></span> <span class='ocrx_word' id='word_1_148' title='bbox 1616 1674 1774 1754; x_wconf 88' lang='lat' dir='ltr'><strong>quod</strong></span> <span class='ocrx_word' id='word_1_149' title='bbox 1814 1673 2159 1735; x_wconf 76' lang='lat' dir='ltr'><strong>in-historia</strong></span> <span class='ocrx_word' id='word_1_150' title='bbox 2190 1693 2287 1735; x_wconf 85' lang='lat' dir='ltr'><strong>re-</strong></span> 
     </span>
     <span class='ocr_line' id='line_1_19' title="bbox 347 1756 2285 1831; baseline 0.001 -14"><span class='ocrx_word' id='word_1_151' title='bbox 347 1758 533 1821; x_wconf 87' lang='lat' dir='ltr'><strong>latum</strong></span> <span class='ocrx_word' id='word_1_152' title='bbox 565 1765 656 1818; x_wconf 90' lang='lat' dir='ltr'><strong>est</strong></span> <span class='ocrx_word' id='word_1_153' title='bbox 687 1765 884 1818; x_wconf 88' lang='lat' dir='ltr'><strong>tacere</strong></span> <span class='ocrx_word' id='word_1_154' title='bbox 917 1774 1040 1817; x_wconf 92' lang='lat' dir='ltr'><strong>non</strong></span> <span class='ocrx_word' id='word_1_155' title='bbox 1069 1756 1268 1819; x_wconf 87' lang='lat' dir='ltr'><strong>debui.</strong></span> <span class='ocrx_word' id='word_1_156' title='bbox 1303 1776 1443 1819; x_wconf 88' lang='lat' dir='ltr'><strong>nam</strong></span> <span class='ocrx_word' id='word_1_157' title='bbox 1472 1758 1644 1819; x_wconf 89' lang='lat' dir='ltr'><strong>multi</strong></span> <span class='ocrx_word' id='word_1_158' title='bbox 1664 1760 1881 1828; x_wconf 85' lang='lat' dir='ltr'><strong>ferunt,</strong></span> <span class='ocrx_word' id='word_1_159' title='bbox 1917 1758 2285 1831; x_wconf 85' lang='lat' dir='ltr'><strong>Quintillum,</strong></span> 
     </span>
     <span class='ocr_line' id='line_1_20' title="bbox 348 1841 2289 1921; baseline 0.001 -17"><span class='ocrx_word' id='word_1_160' title='bbox 348 1844 596 1904; x_wconf 84' lang='lat' dir='ltr'><strong>fratrem</strong></span> <span class='ocrx_word' id='word_1_161' title='bbox 638 1841 892 1911; x_wconf 86' lang='lat' dir='ltr'><strong>Claudii,</strong></span> <span class='ocrx_word' id='word_1_162' title='bbox 955 1861 1091 1904; x_wconf 83' lang='lat' dir='ltr'><strong>cum</strong></span> <span class='ocrx_word' id='word_1_163' title='bbox 1129 1845 1194 1903; x_wconf 91' lang='lat' dir='ltr'><strong>in</strong></span> <span class='ocrx_word' id='word_1_164' title='bbox 1236 1844 1537 1921; x_wconf 80' lang='lat' dir='ltr'><strong>praesidio</strong></span> <span class='ocrx_word' id='word_1_165' title='bbox 1591 1842 1792 1904; x_wconf 89' lang='lat' dir='ltr'><strong>Italico</strong></span> <span class='ocrx_word' id='word_1_166' title='bbox 1846 1851 2035 1918; x_wconf 78' lang='lat' dir='ltr'><strong>esset,</strong></span> <span class='ocrx_word' id='word_1_167' title='bbox 2088 1842 2289 1905; x_wconf 85' lang='lat' dir='ltr'><strong>audita</strong></span> 
     </span>
    </p>

    <p class='ocr_par' dir='ltr' id='par_1_10' title="bbox 279 1925 2367 2260">
     <span class='ocr_line' id='line_1_21' title="bbox 279 1925 2367 2027; baseline -0.002 -34"><span class='ocrx_word' id='word_1_168' title='bbox 279 1944 312 1993; x_wconf 82' lang='lat'><strong>6</strong></span> <span class='ocrx_word' id='word_1_169' title='bbox 347 1935 542 1989; x_wconf 82' lang='lat' dir='ltr'><strong>morte</strong></span> <span class='ocrx_word' id='word_1_170' title='bbox 585 1925 814 1989; x_wconf 87' lang='lat' dir='ltr'><strong>Claudii</strong></span> <span class='ocrx_word' id='word_1_171' title='bbox 855 1929 1182 2027; x_wconf 79' lang='lat' dir='ltr'><strong>sumpsisse</strong></span> <span class='ocrx_word' id='word_1_172' title='bbox 1234 1930 1573 2007; x_wconf 87' lang='lat' dir='ltr'><strong>imperium.</strong></span> <span class='ocrx_word' id='word_1_173' title='bbox 1650 1946 1862 1989; x_wconf 87' lang='lat' dir='ltr'><strong>uerum</strong></span> <span class='ocrx_word' id='word_1_174' title='bbox 1899 1935 2135 2007; x_wconf 87' lang='lat' dir='ltr'><strong>postea,</strong></span> <span class='ocrx_word' id='word_1_175' title='bbox 2179 1928 2367 2001; x_wconf 70' lang='lat' dir='ltr'><strong>uhieo</strong></span> 
     </span>
     <span class='ocr_line' id='line_1_22' title="bbox 343 2010 2282 2092; baseline 0.001 -19"><span class='ocrx_word' id='word_1_176' title='bbox 343 2012 731 2074; x_wconf 84' lang='lat' dir='ltr'><strong>Aurelianum</strong></span> <span class='ocrx_word' id='word_1_177' title='bbox 763 2010 1054 2090; x_wconf 89' lang='lat' dir='ltr'><strong>comperit</strong></span> <span class='ocrx_word' id='word_1_178' title='bbox 1081 2014 1401 2092; x_wconf 86' lang='lat' dir='ltr'><strong>imperare,</strong></span> <span class='ocrx_word' id='word_1_179' title='bbox 1436 2032 1468 2073; x_wconf 89' lang='lat' dir='ltr'><strong>a</strong></span> <span class='ocrx_word' id='word_1_180' title='bbox 1498 2021 1621 2074; x_wconf 89' lang='lat' dir='ltr'><strong>toto</strong></span> <span class='ocrx_word' id='word_1_181' title='bbox 1646 2015 1909 2074; x_wconf 83' lang='lat' dir='ltr'><strong>exercitu</strong></span> <span class='ocrx_word' id='word_1_182' title='bbox 1942 2030 2077 2073; x_wconf 90' lang='lat' dir='ltr'><strong>eum</strong></span> <span class='ocrx_word' id='word_1_183' title='bbox 2109 2012 2282 2074; x_wconf 85' lang='lat' dir='ltr'><strong>dere-</strong></span> 
     </span>
     <span class='ocr_line' id='line_1_23' title="bbox 342 2095 2280 2175; baseline 0.001 -19"><span class='ocrx_word' id='word_1_184' title='bbox 342 2095 577 2166; x_wconf 86' lang='lat' dir='ltr'><strong>lictum;</strong></span> <span class='ocrx_word' id='word_1_185' title='bbox 625 2114 880 2175; x_wconf 90' lang='lat' dir='ltr'><strong>cumque</strong></span> <span class='ocrx_word' id='word_1_186' title='bbox 922 2104 1127 2157; x_wconf 85' lang='lat' dir='ltr'><strong>contra</strong></span> <span class='ocrx_word' id='word_1_187' title='bbox 1171 2114 1308 2157; x_wconf 91' lang='lat' dir='ltr'><strong>eum</strong></span> <span class='ocrx_word' id='word_1_188' title='bbox 1348 2099 1795 2158; x_wconf 81' lang='lat' dir='ltr'><strong>contionaretur</strong></span> <span class='ocrx_word' id='word_1_189' title='bbox 1838 2115 1953 2158; x_wconf 91' lang='lat' dir='ltr'><strong>nec</strong></span> <span class='ocrx_word' id='word_1_190' title='bbox 1994 2116 2028 2158; x_wconf 91' lang='lat' dir='ltr'><strong>a</strong></span> <span class='ocrx_word' id='word_1_191' title='bbox 2080 2097 2280 2157; x_wconf 86' lang='lat' dir='ltr'><strong>militi·</strong></span> 
     </span>
     <span class='ocr_line' id='line_1_24' title="bbox 341 2180 2285 2260; baseline 0.001 -19"><span class='ocrx_word' id='word_1_192' title='bbox 341 2180 456 2254; x_wconf 86' lang='lat' dir='ltr'><strong>bus</strong></span> <span class='ocrx_word' id='word_1_193' title='bbox 487 2181 822 2251; x_wconf 84' lang='lat' dir='ltr'><strong>audiretur,</strong></span> <span class='ocrx_word' id='word_1_194' title='bbox 866 2181 1072 2241; x_wconf 88' lang='lat' dir='ltr'><strong>incisis</strong></span> <span class='ocrx_word' id='word_1_195' title='bbox 1115 2182 1355 2242; x_wconf 89' lang='lat' dir='ltr'><strong>sibimet</strong></span> <span class='ocrx_word' id='word_1_196' title='bbox 1396 2184 1568 2242; x_wconf 90' lang='lat' dir='ltr'><strong>uenis</strong></span> <span class='ocrx_word' id='word_1_197' title='bbox 1600 2182 1695 2243; x_wconf 89' lang='lat' dir='ltr'><strong>die</strong></span> <span class='ocrx_word' id='word_1_198' title='bbox 1726 2183 2014 2243; x_wconf 83' lang='lat' dir='ltr'><strong>uicesimo</strong></span> <span class='ocrx_word' id='word_1_199' title='bbox 2043 2182 2285 2260; x_wconf 83' lang='lat' dir='ltr'><strong>imperii</strong></span> 
     </span>
    </p>

    <p class='ocr_par' dir='ltr' id='par_1_11' title="bbox 274 2263 2281 2345">
     <span class='ocr_line' id='line_1_25' title="bbox 274 2263 2281 2345; baseline 0.001 -21"><span class='ocrx_word' id='word_1_200' title='bbox 274 2284 304 2333; x_wconf 82' lang='lat'>7</span> <span class='ocrx_word' id='word_1_201' title='bbox 345 2268 438 2325; x_wconf 89' lang='lat' dir='ltr'><strong>sui</strong></span> <span class='ocrx_word' id='word_1_202' title='bbox 467 2268 718 2343; x_wconf 89' lang='lat' dir='ltr'><strong>perisse.</strong></span> <span class='ocrx_word' id='word_1_203' title='bbox 759 2263 1073 2345; x_wconf 88' lang='lat' dir='ltr'><strong>[quidquid</strong></span> <span class='ocrx_word' id='word_1_204' title='bbox 1105 2284 1248 2325; x_wconf 88' lang='lat' dir='ltr'><strong>sane</strong></span> <span class='ocrx_word' id='word_1_205' title='bbox 1282 2266 1577 2327; x_wconf 89' lang='lat' dir='ltr'><strong>scelerum</strong></span> <span class='ocrx_word' id='word_1_206' title='bbox 1609 2268 1737 2336; x_wconf 85' lang='lat' dir='ltr'><strong>fuit,</strong></span> <span class='ocrx_word' id='word_1_207' title='bbox 1772 2266 2059 2345; x_wconf 88' lang='lat' dir='ltr'><strong>quidquid</strong></span> <span class='ocrx_word' id='word_1_208' title='bbox 2090 2265 2281 2327; x_wconf 89' lang='lat' dir='ltr'><strong>malae</strong></span> 
     </span>
    </p>

    <p class='ocr_par' dir='ltr' id='par_1_12' title="bbox 275 2342 2378 2430">
     <span class='ocr_line' id='line_1_26' title="bbox 275 2342 2378 2430; baseline -0.002 -20"><span class='ocrx_word' id='word_1_209' title='bbox 275 2342 284 2355; x_wconf 84' lang='grc'><strong><em>’</em></strong></span> <span class='ocrx_word' id='word_1_210' title='bbox 343 2350 742 2410; x_wconf 87' lang='lat' dir='ltr'><strong>conscientiae</strong></span> <span class='ocrx_word' id='word_1_211' title='bbox 793 2348 890 2409; x_wconf 88' lang='lat' dir='ltr'><strong>uel</strong></span> <span class='ocrx_word' id='word_1_212' title='bbox 945 2350 1160 2410; x_wconf 87' lang='lat' dir='ltr'><strong>artium</strong></span> <span class='ocrx_word' id='word_1_213' title='bbox 1217 2352 1615 2419; x_wconf 79' lang='lat' dir='ltr'><strong>funestarum,</strong></span> <span class='ocrx_word' id='word_1_214' title='bbox 1683 2351 1966 2430; x_wconf 87' lang='lat' dir='ltr'><strong>quidquid</strong></span> <span class='ocrx_word' id='word_1_215' title='bbox 2018 2348 2281 2427; x_wconf 88' lang='lat' dir='ltr'><strong>denique</strong></span> <span class='ocrx_word' id='word_1_216' title='bbox 2303 2365 2378 2406; x_wconf 80' lang='lat'><strong>25.</strong></span> 
     </span>
    </p>

    <p class='ocr_par' dir='ltr' id='par_1_13' title="bbox 233 2432 2283 2767">
     <span class='ocr_line' id='line_1_27' title="bbox 233 2432 2283 2515; baseline 0.001 -22"><span class='ocrx_word' id='word_1_217' title='bbox 233 2440 320 2507; x_wconf 83' lang='lat'><strong>38</strong></span> <span class='ocrx_word' id='word_1_218' title='bbox 339 2433 692 2501; x_wconf 78' lang='lat' dir='ltr'><strong>factionum,</strong></span> <span class='ocrx_word' id='word_1_219' title='bbox 746 2432 1100 2494; x_wconf 83' lang='lat' dir='ltr'><strong>Aurelianus</strong></span> <span class='ocrx_word' id='word_1_220' title='bbox 1145 2440 1268 2495; x_wconf 86' lang='lat' dir='ltr'><strong>toto</strong></span> <span class='ocrx_word' id='word_1_221' title='bbox 1310 2435 1547 2513; x_wconf 87' lang='lat' dir='ltr'><strong>penitus</strong></span> <span class='ocrx_word' id='word_1_222' title='bbox 1588 2434 1736 2495; x_wconf 86' lang='lat' dir='ltr'><strong>orbe</strong></span> <span class='ocrx_word' id='word_1_223' title='bbox 1780 2434 2113 2515; x_wconf 84' lang='lat' dir='ltr'><strong>purgauit.]</strong></span> <span class='ocrx_word' id='word_1_224' title='bbox 2164 2434 2283 2496; x_wconf 86' lang='lat' dir='ltr'><strong>hoc</strong></span> 
     </span>
     <span class='ocr_line' id='line_1_28' title="bbox 339 2505 2279 2595; baseline 0.002 -18"><span class='ocrx_word' id='word_1_225' title='bbox 339 2534 578 2594; x_wconf 90' lang='lat' dir='ltr'><strong>quoque</strong></span> <span class='ocrx_word' id='word_1_226' title='bbox 611 2516 683 2577; x_wconf 91' lang='lat' dir='ltr'><strong>ad</strong></span> <span class='ocrx_word' id='word_1_227' title='bbox 712 2534 844 2577; x_wconf 86' lang='lat' dir='ltr'><strong>rem</strong></span> <span class='ocrx_word' id='word_1_228' title='bbox 882 2519 1186 2595; x_wconf 86' lang='lat' dir='ltr'><strong>pertinere</strong></span> <span class='ocrx_word' id='word_1_229' title='bbox 1227 2518 1515 2588; x_wconf 87' lang='lat' dir='ltr'><strong>arbitror,</strong></span> <span class='ocrx_word' id='word_1_230' title='bbox 1550 2505 1858 2581; x_wconf 80' lang='lat' dir='ltr'><strong>Vabalathi</strong></span> <span class='ocrx_word' id='word_1_231' title='bbox 1898 2518 2004 2579; x_wconf 86' lang='lat' dir='ltr'><strong>filii</strong></span> <span class='ocrx_word' id='word_1_232' title='bbox 2032 2521 2279 2580; x_wconf 85' lang='lat' dir='ltr'><strong>nomine</strong></span> 
     </span>
     <span class='ocr_line' id='line_1_29' title="bbox 335 2601 2278 2705; baseline 0.001 -42"><span class='ocrx_word' id='word_1_233' title='bbox 335 2601 677 2671; x_wconf 84' lang='lat' dir='ltr'><strong>Zenobiam,</strong></span> <span class='ocrx_word' id='word_1_234' title='bbox 711 2620 830 2685; x_wconf 85' lang='lat' dir='ltr'><strong>non</strong></span> <span class='ocrx_word' id='word_1_235' title='bbox 864 2601 1115 2662; x_wconf 89' lang='lat' dir='ltr'><strong>Timolai</strong></span> <span class='ocrx_word' id='word_1_236' title='bbox 1147 2609 1206 2663; x_wconf 90' lang='lat' dir='ltr'><strong>et</strong></span> <span class='ocrx_word' id='word_1_237' title='bbox 1233 2602 1619 2705; x_wconf 88' lang='lat' dir='ltr'><strong>Herenniani,</strong></span> <span class='ocrx_word' id='word_1_238' title='bbox 1658 2605 1979 2684; x_wconf 88' lang='lat' dir='ltr'><strong>imperium</strong></span> <span class='ocrx_word' id='word_1_239' title='bbox 2007 2606 2278 2667; x_wconf 86' lang='lat' dir='ltr'><strong>tenuisse</strong></span> 
     </span>
     <span class='ocr_line' id='line_1_30' title="bbox 337 2686 731 2767; baseline -0.003 -20"><span class='ocrx_word' id='word_1_240' title='bbox 337 2686 494 2767; x_wconf 84' lang='lat' dir='ltr'><strong>quod</strong></span> <span class='ocrx_word' id='word_1_241' title='bbox 528 2687 731 2747; x_wconf 88' lang='lat' dir='ltr'><strong>tenuit.</strong></span> 
     </span>
    </p>
   </div>
   <div class='ocr_carea' id='block_1_3' title="bbox 323 2852 2309 3523">
    <p class='ocr_par' dir='ltr' id='par_1_14' title="bbox 331 2852 2276 2987">
     <span class='ocr_line' id='line_1_31' title="bbox 470 2852 2275 2921; baseline 0.001 -18"><span class='ocrx_word' id='word_1_242' title='bbox 470 2858 497 2903; x_wconf 92' lang='lat'>1</span> <span class='ocrx_word' id='word_1_243' title='bbox 525 2859 654 2906; x_wconf 83' lang='lat' dir='ltr'><strong>sunt</strong></span> <span class='ocrx_word' id='word_1_244' title='bbox 678 2854 846 2905; x_wconf 92' lang='lat' dir='ltr'><strong>BPM</strong></span> <span class='ocrx_word' id='word_1_245' title='bbox 987 2857 1019 2905; x_wconf 88' lang='lat'><strong>3</strong></span> <span class='ocrx_word' id='word_1_246' title='bbox 1045 2852 1290 2905; x_wconf 87' lang='lat' dir='ltr'><strong>dolorem</strong></span> <span class='ocrx_word' id='word_1_247' title='bbox 1312 2854 1415 2906; x_wconf 93' lang='lat' dir='ltr'><strong>BP</strong></span> <span class='ocrx_word' id='word_1_248' title='bbox 1436 2854 1637 2906; x_wconf 84' lang='lat' dir='ltr'><strong>debere</strong></span> <span class='ocrx_word' id='word_1_249' title='bbox 1662 2856 1731 2907; x_wconf 89' lang='lat' dir='ltr'><em>M</em></span> <span class='ocrx_word' id='word_1_250' title='bbox 1747 2872 1839 2906; x_wconf 84' lang='lat' dir='ltr'><strong>em.</strong></span> <span class='ocrx_word' id='word_1_251' title='bbox 1866 2856 1909 2906; x_wconf 88' lang='lat' dir='ltr'><strong><em>S</em></strong></span> <span class='ocrx_word' id='word_1_252' title='bbox 2044 2864 2170 2921; x_wconf 73' lang='lat' dir='ltr'><strong>post</strong></span> <span class='ocrx_word' id='word_1_253' title='bbox 2190 2856 2275 2905; x_wconf 87' lang='lat' dir='ltr'><strong>in·</strong></span> 
     </span>
     <span class='ocr_line' id='line_1_32' title="bbox 331 2922 2276 2987; baseline 0 -14"><span class='ocrx_word' id='word_1_254' title='bbox 331 2927 599 2975; x_wconf 83' lang='lat' dir='ltr'><strong>nocentes</strong></span> <span class='ocrx_word' id='word_1_255' title='bbox 611 2922 654 2972; x_wconf 88' lang='lat' dir='ltr'><strong><em>S</em></strong></span> <span class='ocrx_word' id='word_1_256' title='bbox 669 2923 788 2973; x_wconf 82' lang='lat' dir='ltr'><strong>add.</strong></span> <span class='ocrx_word' id='word_1_257' title='bbox 811 2936 1040 2987; x_wconf 82' lang='lat' dir='ltr'><strong>quorum</strong></span> <span class='ocrx_word' id='word_1_258' title='bbox 1056 2924 1140 2973; x_wconf 83' lang='lat' dir='ltr'><strong>uel</strong></span> <span class='ocrx_word' id='word_1_259' title='bbox 1157 2922 1320 2987; x_wconf 88' lang='lat' dir='ltr'><strong>quod.</strong></span> <span class='ocrx_word' id='word_1_260' title='bbox 1342 2926 1495 2985; x_wconf 82' lang='lat' dir='ltr'><strong>plura</strong></span> <span class='ocrx_word' id='word_1_261' title='bbox 1514 2931 1679 2974; x_wconf 80' lang='lat' dir='ltr'><strong>tamen</strong></span> <span class='ocrx_word' id='word_1_262' title='bbox 1694 2926 2017 2975; x_wconf 69' lang='lat' dir='ltr'><strong>intercidisse</strong></span> <span class='ocrx_word' id='word_1_263' title='bbox 2034 2925 2276 2975; x_wconf 76' lang='lat' dir='ltr'><strong>uidentur</strong></span> 
     </span>
    </p>

    <p class='ocr_par' dir='ltr' id='par_1_15' title="bbox 323 2988 2309 3523">
     <span class='ocr_line' id='line_1_33' title="bbox 465 2988 2275 3057; baseline 0.002 -18"><span class='ocrx_word' id='word_1_264' title='bbox 465 2991 498 3039; x_wconf 82' lang='lat'><strong>6</strong></span> <span class='ocrx_word' id='word_1_265' title='bbox 522 2990 772 3055; x_wconf 84' lang='lat' dir='ltr'><strong>principe</strong></span> <span class='ocrx_word' id='word_1_266' title='bbox 798 2988 968 3039; x_wconf 86' lang='lat' dir='ltr'><strong>BPM</strong></span> <span class='ocrx_word' id='word_1_267' title='bbox 1074 2992 1106 3040; x_wconf 89' lang='lat'>8</span> <span class='ocrx_word' id='word_1_268' title='bbox 1129 2988 1189 3039; x_wconf 86' lang='lat' dir='ltr'><strong>hi</strong></span> <span class='ocrx_word' id='word_1_269' title='bbox 1212 2989 1382 3040; x_wconf 90' lang='lat' dir='ltr'><strong>BPM</strong></span> <span class='ocrx_word' id='word_1_270' title='bbox 1510 2994 1543 3041; x_wconf 88' lang='grc'>9</span> <span class='ocrx_word' id='word_1_271' title='bbox 1570 2992 1770 3057; x_wconf 81' lang='lat' dir='ltr'><strong>stipem</strong></span> <span class='ocrx_word' id='word_1_272' title='bbox 1791 2992 1844 3041; x_wconf 89' lang='lat' dir='ltr'><em>B</em></span> <span class='ocrx_word' id='word_1_273' title='bbox 1982 2993 2048 3042; x_wconf 86' lang='lat'><strong>10</strong></span> <span class='ocrx_word' id='word_1_274' title='bbox 2070 2991 2275 3043; x_wconf 77' lang='lat' dir='ltr'><strong>uestiis</strong></span> 
     </span>
     <span class='ocr_line' id='line_1_34' title="bbox 327 3046 2275 3159; baseline 0.001 -52"><span class='ocrx_word' id='word_1_275' title='bbox 327 3055 488 3107; x_wconf 82' lang='lat' dir='ltr'><em>B¹P¹</em></span> <span class='ocrx_word' id='word_1_276' title='bbox 600 3060 666 3108; x_wconf 82' lang='lat'><strong>14</strong></span> <span class='ocrx_word' id='word_1_277' title='bbox 689 3046 1036 3123; x_wconf 65' lang='lat' dir='ltr'><strong>pedagogum</strong></span> <span class='ocrx_word' id='word_1_278' title='bbox 1060 3056 1164 3107; x_wconf 90' lang='lat' dir='ltr'><strong>BP</strong></span> <span class='ocrx_word' id='word_1_279' title='bbox 1185 3056 1538 3123; x_wconf 76' lang='lat' dir='ltr'><strong>(paedagogo</strong></span> <span class='ocrx_word' id='word_1_280' title='bbox 1561 3060 1613 3109; x_wconf 89' lang='lat' dir='ltr'><strong><em>P</em></strong></span> <span class='ocrx_word' id='word_1_281' title='bbox 1635 3067 1671 3110; x_wconf 75' lang='lat' dir='ltr'><strong>t,</strong></span> <span class='ocrx_word' id='word_1_282' title='bbox 1696 3060 1845 3111; x_wconf 79' lang='lat' dir='ltr'><strong>Iord.</strong></span> <span class='ocrx_word' id='word_1_283' title='bbox 1852 3058 1872 3122; x_wconf 90' lang='lat'><em>)</em></span> <span class='ocrx_word' id='word_1_284' title='bbox 1980 3060 2045 3109; x_wconf 79' lang='grc'><strong>16</strong></span> <span class='ocrx_word' id='word_1_285' title='bbox 2072 3057 2179 3159; x_wconf 48' lang='lat' dir='ltr'><strong>est}</strong></span> <span class='ocrx_word' id='word_1_286' title='bbox 2210 3074 2275 3109; x_wconf 79' lang='lat' dir='ltr'><strong>er</strong></span> 
     </span>
     <span class='ocr_line' id='line_1_35' title="bbox 327 3122 2145 3178; baseline 0.002 -4"><span class='ocrx_word' id='word_1_287' title='bbox 327 3123 407 3174; x_wconf 89' lang='lat' dir='ltr'><strong>B¹</strong></span> <span class='ocrx_word' id='word_1_288' title='bbox 569 3127 632 3178; x_wconf 74' lang='lat'><strong>21</strong></span> <span class='ocrx_word' id='word_1_289' title='bbox 660 3140 728 3175; x_wconf 84' lang='lat' dir='ltr'><strong>ea</strong></span> <span class='ocrx_word' id='word_1_290' title='bbox 750 3124 876 3174; x_wconf 90' lang='lat' dir='ltr'><strong>B¹P</strong></span> <span class='ocrx_word' id='word_1_291' title='bbox 897 3140 1020 3173; x_wconf 86' lang='lat' dir='ltr'><strong>eum</strong></span> <span class='ocrx_word' id='word_1_292' title='bbox 1041 3122 1124 3174; x_wconf 82' lang='lat' dir='ltr'><strong>B³</strong></span> <span class='ocrx_word' id='word_1_293' title='bbox 1151 3140 1244 3177; x_wconf 88' lang='lat' dir='ltr'><strong>om.</strong></span> <span class='ocrx_word' id='word_1_294' title='bbox 1270 3124 1338 3175; x_wconf 91' lang='lat' dir='ltr'><em>M</em></span> <span class='ocrx_word' id='word_1_295' title='bbox 1470 3125 1743 3177; x_wconf 79' lang='lat' dir='ltr'><strong>delectum</strong></span> <span class='ocrx_word' id='word_1_296' title='bbox 1765 3124 1959 3177; x_wconf 86' lang='lat' dir='ltr'><em>B¹PM</em></span> <span class='ocrx_word' id='word_1_297' title='bbox 1974 3142 2066 3177; x_wconf 87' lang='lat' dir='ltr'><strong>em.</strong></span> <span class='ocrx_word' id='word_1_298' title='bbox 2092 3126 2145 3176; x_wconf 88' lang='lat' dir='ltr'><em>B</em></span> 
     </span>
     <span class='ocr_line' id='line_1_36' title="bbox 328 3190 2309 3259; baseline 0.003 -19"><span class='ocrx_word' id='word_1_299' title='bbox 328 3192 434 3241; x_wconf 83' lang='lat'><strong>23·</strong></span> <span class='ocrx_word' id='word_1_300' title='bbox 416 3192 640 3243; x_wconf 80' lang='lat' dir='ltr'><strong>meissis</strong></span> <span class='ocrx_word' id='word_1_301' title='bbox 663 3192 716 3242; x_wconf 93' lang='lat' dir='ltr'><em>B</em></span> <span class='ocrx_word' id='word_1_302' title='bbox 875 3194 940 3243; x_wconf 83' lang='lat'><strong>25</strong></span> <span class='ocrx_word' id='word_1_303' title='bbox 965 3190 1188 3259; x_wconf 81' lang='lat' dir='ltr'><strong>artium]</strong></span> <span class='ocrx_word' id='word_1_304' title='bbox 1225 3194 1397 3243; x_wconf 76' lang='lat' dir='ltr'><strong>etiam</strong></span> <span class='ocrx_word' id='word_1_305' title='bbox 1418 3194 1487 3243; x_wconf 90' lang='lat' dir='ltr'><em>M</em></span> <span class='ocrx_word' id='word_1_306' title='bbox 1635 3196 1705 3245; x_wconf 77' lang='lat'><strong>24</strong></span> <span class='ocrx_word' id='word_1_307' title='bbox 1736 3193 2005 3259; x_wconf 78' lang='lat' dir='ltr'><strong>quidquid</strong></span> <span class='ocrx_word' id='word_1_308' title='bbox 2039 3210 2175 3245; x_wconf 80' lang='lat' dir='ltr'><strong>sane</strong></span> <span class='ocrx_word' id='word_1_309' title='bbox 2200 3220 2270 3229; x_wconf 91' lang='lat'><strong>—</strong></span> <span class='ocrx_word' id='word_1_310' title='bbox 2304 3191 2309 3196; x_wconf 73' lang='grc'>’</span> 
     </span>
     <span class='ocr_line' id='line_1_37' title="bbox 327 3260 2267 3335; baseline 0.003 -28"><span class='ocrx_word' id='word_1_311' title='bbox 327 3260 590 3323; x_wconf 78' lang='lat' dir='ltr'><strong>purgauit</strong></span> <span class='ocrx_word' id='word_1_312' title='bbox 622 3275 715 3323; x_wconf 67' lang='lat' dir='ltr'><strong>ego</strong></span> <span class='ocrx_word' id='word_1_313' title='bbox 749 3275 777 3309; x_wconf 83' lang='lat' dir='ltr'><strong>e</strong></span> <span class='ocrx_word' id='word_1_314' title='bbox 807 3260 977 3310; x_wconf 71' lang='lat' dir='ltr'><strong>uerbis</strong></span> <span class='ocrx_word' id='word_1_315' title='bbox 1017 3260 1230 3325; x_wconf 73' lang='lat' dir='ltr'><strong>Vopisci·</strong></span> <span class='ocrx_word' id='word_1_316' title='bbox 1258 3264 1568 3335; x_wconf 77' lang='lat' dir='ltr'><strong>remouenda</strong></span> <span class='ocrx_word' id='word_1_317' title='bbox 1607 3276 1719 3313; x_wconf 76' lang='lat' dir='ltr'><strong>esse</strong></span> <span class='ocrx_word' id='word_1_318' title='bbox 1761 3278 1973 3320; x_wconf 60' lang='lat' dir='ltr'><strong>oensem</strong></span> <span class='ocrx_word' id='word_1_319' title='bbox 2006 3262 2095 3328; x_wconf 74' lang='lat' dir='ltr'><strong>Ey</strong></span> <span class='ocrx_word' id='word_1_320' title='bbox 2090 3262 2267 3313; x_wconf 66' lang='lat' dir='ltr'><strong>esenh-</strong></span> 
     </span>
     <span class='ocr_line' id='line_1_38' title="bbox 323 3280 2269 3389; baseline 0.002 -14"><span class='ocrx_word' id='word_1_321' title='bbox 323 3326 476 3375; x_wconf 78' lang='lat' dir='ltr'><strong>reicit</strong></span> <span class='ocrx_word' id='word_1_322' title='bbox 508 3326 562 3374; x_wconf 81' lang='lat' dir='ltr'><strong>in</strong></span> <span class='ocrx_word' id='word_1_323' title='bbox 585 3326 616 3387; x_wconf 66' lang='grc' dir='ltr'>ξ</span> <span class='ocrx_word' id='word_1_324' title='bbox 643 3328 676 3375; x_wconf 78' lang='grc'><strong><em>4</em></strong></span> <span class='ocrx_word' id='word_1_325' title='bbox 703 3334 828 3389; x_wconf 78' lang='lat' dir='ltr'><strong>post</strong></span> <span class='ocrx_word' id='word_1_326' title='bbox 857 3344 906 3380; x_wconf 87' lang='lat' dir='ltr'><strong>u.</strong></span> <span class='ocrx_word' id='word_1_327' title='bbox 933 3326 1144 3377; x_wconf 77' lang='lat' dir='ltr'><strong>relatus</strong></span> <span class='ocrx_word' id='word_1_328' title='bbox 1168 3332 1300 3378; x_wconf 79' lang='lat' dir='ltr'><strong>est</strong></span> <span class='ocrx_word' id='word_1_329' title='bbox 1394 3326 1740 3381; x_wconf 75' lang='lat' dir='ltr'><strong>funestorum</strong></span> <span class='ocrx_word' id='word_1_330' title='bbox 1762 3330 1933 3381; x_wconf 89' lang='lat' dir='ltr'><strong>BPM</strong></span> <span class='ocrx_word' id='word_1_331' title='bbox 2056 3280 2151 3379; x_wconf 52' lang='lat'><strong>927</strong></span> <span class='ocrx_word' id='word_1_332' title='bbox 2177 3344 2269 3379; x_wconf 85' lang='lat' dir='ltr'><strong>ar-</strong></span> 
     </span>
     <span class='ocr_line' id='line_1_39' title="bbox 323 3390 2265 3461; baseline 0.001 -18"><span class='ocrx_word' id='word_1_333' title='bbox 323 3392 540 3443; x_wconf 79' lang='lat' dir='ltr'><strong>buitror</strong></span> <span class='ocrx_word' id='word_1_334' title='bbox 560 3390 644 3440; x_wconf 90' lang='lat' dir='ltr'><strong>B¹</strong></span> <span class='ocrx_word' id='word_1_335' title='bbox 803 3393 1056 3445; x_wconf 75' lang='lat' dir='ltr'><strong>bahalati</strong></span> <span class='ocrx_word' id='word_1_336' title='bbox 1077 3394 1183 3444; x_wconf 91' lang='lat' dir='ltr'><strong>BP</strong></span> <span class='ocrx_word' id='word_1_337' title='bbox 1203 3395 1433 3449; x_wconf 76' lang='lat' dir='ltr'><strong>Balbati</strong></span> <span class='ocrx_word' id='word_1_338' title='bbox 1466 3396 1533 3446; x_wconf 92' lang='lat' dir='ltr'><em>M</em></span> <span class='ocrx_word' id='word_1_339' title='bbox 1562 3414 1651 3449; x_wconf 83' lang='lat' dir='ltr'><strong>em.</strong></span> <span class='ocrx_word' id='word_1_340' title='bbox 1687 3396 1730 3446; x_wconf 77' lang='lat' dir='ltr'><strong><em>S</em></strong></span> <span class='ocrx_word' id='word_1_341' title='bbox 1762 3396 1854 3461; x_wconf 76' lang='lat' dir='ltr'><strong>(ef.</strong></span> <span class='ocrx_word' id='word_1_342' title='bbox 1878 3396 2079 3447; x_wconf 73' lang='lat' dir='ltr'><strong>Eclchel</strong></span> <span class='ocrx_word' id='word_1_343' title='bbox 2098 3398 2165 3447; x_wconf 78' lang='lat' dir='ltr'><strong>D.</strong></span> <span class='ocrx_word' id='word_1_344' title='bbox 2178 3394 2265 3446; x_wconf 80' lang='lat' dir='ltr'><strong>N.</strong></span> 
     </span>
     <span class='ocr_line' id='line_1_40' title="bbox 330 3457 2289 3523; baseline 0.003 -14"><span class='ocrx_word' id='word_1_345' title='bbox 330 3458 450 3510; x_wconf 88' lang='lat' dir='ltr'><strong>VII</strong></span> <span class='ocrx_word' id='word_1_346' title='bbox 467 3474 524 3523; x_wconf 80' lang='lat' dir='ltr'><strong>p.</strong></span> <span class='ocrx_word' id='word_1_347' title='bbox 555 3457 680 3523; x_wconf 69' lang='lat'><strong>492)</strong></span> <span class='ocrx_word' id='word_1_348' title='bbox 819 3462 886 3511; x_wconf 81' lang='lat'><strong>28</strong></span> <span class='ocrx_word' id='word_1_349' title='bbox 911 3462 1144 3511; x_wconf 83' lang='lat' dir='ltr'><strong>zenobia.</strong></span> <span class='ocrx_word' id='word_1_350' title='bbox 1165 3462 1334 3518; x_wconf 86' lang='lat' dir='ltr'><strong>BPM</strong></span> <span class='ocrx_word' id='word_1_351' title='bbox 1466 3462 1811 3521; x_wconf 73' lang='lat' dir='ltr'><strong>heremniani</strong></span> <span class='ocrx_word' id='word_1_352' title='bbox 1833 3464 1887 3513; x_wconf 91' lang='lat' dir='ltr'><em>B</em></span> <span class='ocrx_word' id='word_1_353' title='bbox 2284 3502 2289 3505; x_wconf 89' lang='lat'>-</span> 
     </span>
    </p>
   </div>
   <div class='ocr_carea' id='block_1_4' title="bbox 2507 1396 2508 1921">
    <p class='ocr_par' dir='ltr' id='par_1_16' title="bbox 2507 1396 2508 1921">
     <span class='ocr_line' id='line_1_41' title="bbox 2507 1396 2508 1921; baseline 0 0"><span class='ocrx_word' id='word_1_354' title='bbox 2507 1396 2508 1921; x_wconf 95' lang='lat' dir='ltr'><strong> </strong></span> 
     </span>
    </p>
   </div>
  </div>
 </body>
</html>
