2517 3884
563 188 936 246 ANTONINVS
981 189 1495 247 HELIOGABALVS.
1585 191 1641 248 C.
1689 196 1859 248 4—7.
2048 185 2175 252 207

237 356 600 436 profanauit.
687 357 890 434 ignem
947 364 1305 436 perpetuum
1359 359 1708 435 extinguere
1766 357 1975 419 uoluit.
2063 377 2174 420 nec
2214 370 2245 417 7

240 443 542 504 Romanas
584 449 814 503 tantum
860 444 1208 520 extinguere
1262 441 1451 502 uoluit
1490 441 1843 520 religioneS,
1907 444 2011 504 sed
2065 463 2174 523 per

243 527 452 588 orbem
486 534 684 588 terrae
717 545 901 590 unum
933 527 1197 596 studenS,
1233 535 1299 588 ut
1320 527 1739 605 Heliogabalus
1771 527 1919 588 deus
1948 528 2173 606 ubique

241 611 542 682 coleretur
561 657 577 681 ,
613 619 672 672 et
702 613 764 671 in
796 629 1020 690 penum
1052 613 1297 682 Vestae,
1353 611 1511 688 quod
1544 613 1705 673 solae
1735 613 2003 690 uirgines
2034 613 2197 674 soli·-

181 711 210 752 5
241 713 356 774 que
387 696 700 776 pontifices
729 695 970 765 adeunt,
1018 698 1242 776 inrupit
1286 696 1549 775 pollutus
1588 699 1718 776 ipse
1760 700 1922 758 omni
1969 706 2171 760 conta-

237 785 416 858 gione
446 799 682 842 morum
713 798 847 841 cum
879 782 930 840 is
963 782 1065 858 qui
1095 799 1160 842 se
1199 780 1557 860 polluerant.
1631 790 1691 844 et
1729 783 2035 863 penetrale
2078 803 2168 845 sa·
2211 795 2240 842 7

229 885 410 936 crum
459 873 549 926 est
591 866 830 926 auferre
885 872 1136 926 conatus
1178 883 1435 944 cumque
1492 868 1708 928 seriam
1753 870 1920 945 quasi
1968 886 2171 930 ueram

236 950 555 1030 rapuisset,
589 951 724 1030 quia
759 951 814 1010 ei
846 952 1017 1028 uirgo
1049 951 1307 1012 maxima
1337 951 1543 1012 falsam
1576 961 2049 1024 monstrauerat,
2087 961 2172 1014 at-

239 1054 354 1114 que
386 1038 448 1095 in
481 1053 552 1095 ea
581 1035 731 1094 nihil
773 1038 1164 1116 repperisset,
1199 1035 1545 1116 adplausam
1585 1039 1795 1116 fregit;
1831 1057 1940 1098 nec
1970 1047 2171 1100 tamen

155 1139 210 1178 10
230 1124 561 1204 ¹quicquam
603 1119 880 1198 religioni
925 1121 1211 1200 dempsit,
1262 1124 1397 1199 quia
1440 1120 1646 1202 plures
1701 1120 1925 1184 similes
1978 1124 2171 1184 factae

239 1207 522 1268 dicuntur
567 1224 730 1275 esse,
777 1225 854 1266 ne
898 1207 1030 1282 quis
1073 1225 1283 1269 ueram
1334 1223 1616 1282 umquam
1669 1210 1859 1285 possit
1910 1209 2167 1268 auferre.

237 1291 388 1353 haec
419 1309 551 1352 cum
583 1292 666 1352 ita
698 1297 918 1360 essent,
953 1293 1189 1368 signum
1219 1299 1420 1352 tamen
1466 1291 1623 1368 quod
1668 1290 1991 1352 Palladium
2040 1311 2171 1352 esse
2209 1305 2241 1353 8

238 1375 524 1438 credebat
537 1374 779 1437 abstulit
804 1383 865 1436 et
885 1395 1033 1437 auro
1058 1379 1331 1437 uinctum
1355 1378 1417 1436 in
1442 1378 1533 1436 sui
1560 1376 1656 1438 dei
1677 1376 1900 1456 templo
1928 1376 2166 1438 locauit.

365 1461 572 1522 Matris
605 1463 782 1521 etiam
816 1460 991 1520 deum
1025 1480 1190 1522 sacra
1224 1463 1453 1538 accepit
1498 1469 1558 1522 et
1600 1461 2029 1524 tauroboliatus
2061 1468 2167 1531 est,
2205 1448 2240 1512 7

159 1562 216 1602 15
243 1555 308 1608 nt
349 1554 557 1626 typum
599 1547 862 1624 eriperet
916 1552 974 1605 et
1019 1545 1132 1607 alia
1172 1565 1341 1608 sacra
1388 1564 1539 1622 quae
1589 1548 1832 1626 penitus
1873 1545 2171 1607 habentur

237 1631 491 1692 condita.
576 1632 824 1694 iactauit
865 1638 1060 1692 autem
1120 1639 1300 1710 caput
1339 1632 1497 1691 inter
1539 1633 1840 1710 praecisos
1881 1633 2170 1694 fanaticos
2207 1632 2240 1678 2

235 1724 296 1777 et
325 1714 604 1795 genitalia
637 1715 752 1776 sibi
783 1714 1051 1780 deuinxit
1081 1724 1141 1776 et
1171 1716 1371 1777 omnia
1412 1717 1553 1776 fec-it
1596 1734 1746 1794 quae
1778 1716 1929 1778 Galli
1971 1718 2169 1778 facere

237 1801 450 1871 solent,
485 1799 868 1877 ablatumque
901 1807 1170 1861 sanctum
1204 1804 1265 1861 in
1297 1801 1603 1880 penetrale
1634 1801 1729 1861 dei
1770 1804 1863 1862 sui
1908 1809 2165 1862 transtu-

235 1885 320 1952 lit.
379 1884 797 1947 Salambonem
831 1887 1008 1946 etiam
1043 1887 1206 1946 omni
1234 1885 1476 1965 planctu
1511 1892 1571 1946 et
1597 1888 1911 1948 iactatione
1945 1886 2169 1966 Syriaci
2206 1888 2239 1945 3

159 1988 210 2028 20
239 1970 432 2032 cultus
459 1969 745 2040 exhibuit,
774 1989 950 2030 omen
973 1970 1087 2031 sibi
1118 1971 1343 2032 faciens
1372 1973 1717 2032 inminentis
1744 1973 1924 2031 exitii.
1962 1989 2169 2032 omnes
2206 1973 2240 2018 4

235 2074 377 2117 sane
430 2055 574 2116 deos
615 2057 707 2116 sui
749 2053 845 2114 dei
885 2057 1192 2116 ministros
1237 2074 1369 2121 esse
1400 2055 1623 2125 aiebat,
1669 2074 1805 2115 cum
1850 2054 1995 2115 alios
2043 2057 2169 2114 eius

234 2139 636 2202 cubicularios
682 2138 1039 2220 appellaret,
1095 2140 1242 2201 alios
1298 2159 1541 2209 seruos,
1600 2140 1747 2201 alios
1792 2141 2169 2200 diuersarum

231 2244 442 2288 rerum
487 2226 812 2286 ministros.
900 2225 1127 2305 lapides
1169 2227 1271 2302 qui
1312 2225 1438 2285 diui
1482 2224 1761 2286 dicuntur
1804 2243 1878 2286 ex
1919 2226 2167 2304 proprio
2206 2227 2238 2276 5

233 2309 486 2390 temple,
533 2313 922 2372 simulacrum
964 2311 1184 2372 Dianae
1226 2310 1541 2372 Laodiciae
1592 2328 1667 2370 ex
1700 2311 1874 2391 adyto
1919 2329 2061 2380 suc,
2106 2310 2169 2368 in

158 2411 212 2452 25
239 2412 356 2472 quo
387 2395 449 2456 id
481 2395 726 2459 Orestes
756 2401 1058 2474 posuerat,
1094 2395 1331 2456 adferre
1362 2394 1569 2456 uoluit.
1625 2396 1699 2456 Et
1730 2396 2003 2458 Orestem
2036 2395 2165 2474 qui·
2204 2396 2237 2444 6

235 2481 372 2540 dem
414 2481 618 2542 ferunt
662 2499 784 2540 non
826 2497 1012 2542 unum
1057 2479 1443 2545 simulacrum
1493 2481 1717 2545 Dianae
1769 2500 1882 2543 nec
1934 2499 2055 2541 uno
2105 2481 2167 2540 in

234 2564 366 2625 loco
397 2566 674 2644 posuisse
705 2565 811 2626 sed
853 2566 1040 2626 multa
1080 2567 1142 2626 in
1173 2566 1395 2630 multis.
1468 2575 1859 2646 posteaquam
1902 2584 1967 2626 se
2006 2565 2168 2645 apud
2205 2567 2235 2616 7

233 2652 348 2711 tria
377 2649 626 2710 flumina
657 2653 812 2710 circa
845 2649 1111 2713 Hebrum
1150 2670 1220 2712 ex
1265 2670 1557 2730 responso
1586 2652 1952 2731 purificauit,
1988 2651 2168 2713 etiam

236 2735 510 2796 Orestam
543 2735 808 2795 condidit
838 2737 1166 2806 ciuitatem,
1201 2756 1380 2816 quam
1412 2755 1590 2814 saepe
1642 2738 1945 2797 cruentari
1975 2734 2165 2793 homi-

163 2835 210 2877 30
236 2839 378 2882 num
425 2821 715 2898 sanguine
768 2839 1014 2882 necesse
1059 2828 1168 2882 est.
1245 2830 1305 2882 et
1347 2821 1620 2882 Orestam
1665 2820 1908 2899 quidem
1954 2817 2167 2878 urbem
2204 2822 2237 2870 8

222 2979 229 2987 ”
333 2975 364 3022 3
389 2971 701 3036 heliogalus
724 2971 799 3022 P¹
935 2987 1080 3022 unus
1102 2973 1311 3037 ubique
1336 2973 1399 3023 M
1539 2973 1573 3022 4
1598 2987 1834 3036 poenum
1858 2970 1909 3020 B
2046 2971 2077 3020 5
2103 2985 2171 3018 an

234 3041 380 3090 omni
405 3043 488 3090 uel
512 3041 748 3090 omnium
773 3041 1104 3104 contagione
1130 3042 1430 3090 malorum?
1570 3042 1601 3090 8
1628 3039 1991 3104 quamquisgo
2014 3035 2168 3086 ΒῙΡ1

234 3109 485 3172 quamuis
511 3123 642 3172 ergo
664 3105 750 3156 B²
775 3109 1064 3173 quamquis
1085 3107 1191 3174 sigo
1216 3107 1296 3158 P²
1330 3109 1581 3172 quamuis
1602 3108 1762 3174 uirgo
1788 3107 1855 3158 M
1874 3123 1965 3158 em.
1992 3105 2035 3156 S

233 3178 264 3225 9
288 3175 614 3241 adplaosam
636 3175 741 3225 BP
760 3176 1048 3242 applosam
1067 3177 1134 3227 M
1153 3175 1480 3242 adplausam
1501 3178 1692 3241 scripsi
1796 3175 1941 3240 regit
1964 3170 2095 3223 ΒΡ1
2120 3189 2165 3227 c.
2252 3181 2258 3189 “’

232 3241 310 3292 1³³
449 3245 512 3294 13
536 3245 746 3295 uictum
771 3245 834 3296 M
971 3247 1035 3294 14
1059 3249 1116 3294 et
1142 3245 1283 3294 adeo
1310 3244 1647 3295 ebaechatus
1674 3248 1761 3295 est
1793 3245 1856 3294 M
1992 3243 2057 3292 15
2081 3245 2168 3306 ty-

234 3311 346 3362 fum
369 3311 476 3362 BP
494 3311 726 3378 typhum
748 3313 817 3362 M
950 3314 1012 3362 17
1049 3311 1264 3364 deuixit
1286 3312 1390 3362 BP
1412 3311 1601 3363 defixit
1626 3312 1667 3362 S
1814 3314 1878 3364 18
1914 3314 2167 3360 sanctum

233 3395 430 3430 nomen
465 3380 532 3430 M
686 3383 750 3431 19
785 3381 1072 3446 planctum
1104 3379 1185 3430 B¹
1342 3383 1409 3433 20
1451 3381 1611 3431 cuius
1642 3378 1725 3431 B1
1888 3381 1953 3428 23
1989 3376 2167 3426 diuidi

233 3447 284 3496 B
315 3446 496 3509 -diuill
515 3447 592 3498 Ρ2
615 3448 734 3498 uiui
758 3448 800 3498 S
967 3451 1034 3498 24
1058 3449 1409 3500 simulacrum
1433 3465 1527 3502 om.
1552 3449 1716 3500 BPM
1738 3449 1858 3502 add.
1884 3447 2005 3498 Obr-

230 3517 298 3566 25
320 3514 542 3566 auferre
571 3515 612 3566 Ο
745 3519 810 3568 30
835 3515 1057 3581 quidam
1081 3518 1133 3565 B
