2517 3884
323 175 444 239 134
921 178 1259 234 TREBELLll
1304 177 1648 235 POLLIONlS

316 364 498 426 puras
529 344 693 414 duas,
727 353 942 422 togam,
987 364 1164 425 quam
1195 344 1491 413 refundat,
1538 362 1735 412 unam,
1774 343 1961 403 latum
1992 342 2256 412 clauum,

220 442 280 489 11
317 450 496 511 quem
527 431 821 499 refundat,
855 448 1060 495 unum.
1133 437 1473 497 uenatores,
1520 430 1623 507 qui
1650 428 2075 505 obsequantur,
2110 427 2255 496 duo,

318 517 752 595 carpentarium
795 533 1011 583 unum,
1075 533 1279 575 curam
1332 515 1616 594 praetorii
1655 532 1873 583 unum,
1937 514 2252 590 aquarium

218 612 282 659 12
317 620 528 671 unum,
574 602 934 679 piscatorem
979 616 1193 669 unum,
1249 598 1603 659 dulciarium
1646 617 1851 659 unum.
1929 597 2076 675 ligni
2104 599 2255 657 coti·

317 686 475 747 diani
504 685 706 765 pondo
737 683 916 754 mille,
963 685 1013 745 si
1045 692 1137 744 est
1167 686 1355 763 copia,
1400 686 1491 745 sin
1540 686 1757 753 minus,
1804 691 2087 760 quantum
2120 683 2253 744 fue·
2317 698 2343 739 5

315 773 395 831 rit
448 778 506 831 et
549 769 651 830 ubi
697 771 908 837 fuerin
971 769 1271 831 coctilium
1332 768 1627 830 cotidiana
1687 767 1891 836 uatilla
1948 774 2309 847 quattuor..

217 869 280 917 13
317 855 723 916 balneatorem
767 872 952 915 unum
987 861 1046 914 et
1076 855 1146 915 ad
1181 854 1425 915 balneas
1456 854 1641 933 ligna,
1688 855 1782 914 sin
1812 854 2042 922 minus,
2086 852 2252 913 laue-

219 953 284 1001 14
316 942 506 1001 turin
547 939 804 1019 publico.
881 940 999 999 iam
1041 947 1271 1008 cetera,
1316 957 1469 1018 quae
1511 945 1760 1019 propter
1801 939 2081 999 minutias
2113 956 2255 999 suas

317 1025 499 1087 scribi
541 1033 872 1102 nequeunt,
928 1043 1039 1103 pro
1080 1025 1487 1084 moderatione
1533 1024 1895 1103 praestabis,
1940 1022 2045 1083 sed
2074 1024 2157 1082 ita
2188 1029 2257 1081 ut

317 1108 464 1171 nihil
494 1110 764 1179 adaeret,
808 1118 868 1171 et
897 1111 949 1169 si
979 1108 1197 1170 alicubi
1227 1109 1450 1189 aliquid
1492 1109 1780 1176 defuerit,
1828 1126 1948 1168 non
1980 1114 2251 1186 praeste-
2288 1125 2343 1165 io

219 1208 281 1256 16
319 1202 415 1256 tur
444 1214 555 1255 nec
604 1197 664 1256 in
705 1213 953 1256 nummo
996 1197 1280 1272 exigatur.
1360 1193 1506 1253 haec
1550 1201 1745 1255 autem
1788 1194 1987 1254 omnia
2026 1192 2257 1253 idcirco

317 1278 655 1359 specialiter
685 1298 804 1340 non
836 1281 1006 1358 quasi
1040 1278 1281 1340 tribuno
1325 1277 1429 1339 sed
1472 1280 1639 1356 quasi
1682 1279 1820 1338 duci
1850 1276 2065 1346 detuli,
2116 1278 2255 1355 quia
2320 1345 2325 1353 ⁴

315 1368 410 1425 uir
440 1365 574 1425 talis
606 1373 698 1425 est
725 1372 794 1424 ut
824 1366 880 1423 ei
911 1363 1083 1442 plura
1115 1365 1293 1424 etiam
1326 1363 1646 1424 deferenda
1678 1365 1861 1423 sint.“

219 1446 297 1513 15
445 1450 591 1509 Item
635 1468 704 1509 ex
750 1447 997 1526 epistola
1042 1449 1309 1509 eiusdem
1360 1447 1473 1509 alia
1516 1450 1675 1509 inter
1716 1455 1912 1509 cetera
1958 1446 2030 1506 ad
2074 1445 2253 1506 Abla-

314 1536 482 1596 uium
513 1535 818 1593 Murenam
851 1534 1034 1611 praef.
1071 1536 1361 1612 praetori:
1417 1534 1679 1603 „Desine
1710 1540 1910 1593 autem
1940 1533 2253 1611 conqueri,
2286 1548 2339 1589 15

316 1617 476 1695 quod
506 1617 700 1678 adhuc
730 1616 1006 1678 Claudius
1050 1625 1140 1678 est
1186 1617 1461 1678 tribunus
1502 1636 1614 1679 nec
1650 1619 1949 1677 exercitus
1992 1615 2256 1676 ducendi

317 1701 509 1763 locum
553 1704 781 1780 accipit,
825 1702 982 1761 unde
1026 1704 1201 1763 etiam
1233 1710 1505 1763 senatum
1536 1709 1595 1763 et
1634 1700 1923 1781 populum
1959 1703 2254 1780 conqueri

247 1800 278 1846 2
315 1786 593 1848 iactabas.
672 1787 790 1847 dux
833 1788 1024 1847 factus
1067 1795 1158 1847 est
1189 1796 1249 1849 et
1280 1787 1399 1848 dux
1442 1789 1623 1847 totius
1663 1786 1899 1866 Illyrici.
1979 1785 2160 1847 habet
2188 1787 2250 1845 in

314 1878 667 1952 potestatem
723 1871 1010 1933 Thracios
1060 1872 1295 1933 Moesos
1340 1872 1633 1933 Dalmatas
1675 1873 2016 1933 Pannonios
2060 1871 2252 1931 Dacos

248 1970 279 2019 3
316 1960 631 2018 exereitus,
691 1958 786 2017 uir
824 1956 925 2017 ille
968 1976 1236 2018 summus
1277 1964 1483 2018 nostro
1524 1955 2015 2036 quoqueiudicio
2048 1963 2253 2034 speret
2280 1975 2335 2015 20

315 2041 689 2103 consulatum
721 2049 798 2109 et,
833 2044 884 2102 si
917 2045 1046 2103 eius
1075 2044 1275 2103 animo
1308 2042 1689 2103 commodum
1720 2048 1828 2109 est,
1869 2040 2107 2120 quando
2142 2058 2248 2100 uo-

245 2140 280 2187 4
312 2127 512 2195 luerit,
545 2129 795 2206 accipiat
822 2129 1257 2206 praetorianam
1286 2125 1593 2207 [accipiat]
1620 2127 2070 2203 praefecturam.
2106 2144 2249 2185 sane

313 2214 494 2279 scias,
543 2220 771 2272 tantum
805 2214 858 2271 ei
889 2230 922 2271 a
953 2211 1126 2273 nobis
1158 2211 1467 2273 decretum
1512 2211 1711 2273 salarii
1750 2218 2037 2288 quantum
2070 2209 2252 2271 habet

311 2298 559 2377 Aegypti
601 2298 1004 2373 praefectura,
1059 2304 1287 2357 tantum
1352 2298 1602 2357 uestium
1648 2304 1934 2373 quantum
1988 2313 2247 2374 procon-

315 2380 531 2441 sulatui
561 2382 836 2441 Africano
868 2381 1206 2450 detulimuS‚
1252 2388 1484 2443 tantum
1515 2383 1747 2459 argenti
1776 2388 2059 2460 quantum
2091 2380 2247 2440 acci-
2277 2400 2333 2442 25

313 2465 400 2543 pit
429 2472 668 2525 curator
699 2465 916 2545 lllyrici
945 2466 1271 2534 Metlarius,
1305 2475 1536 2528 tantum
1566 2468 2036 2527 ministeriorum
2061 2481 2250 2542 quan-

314 2556 440 2609 tum
475 2568 582 2609 nos
611 2552 727 2627 ipsi
759 2549 930 2610 nobis
961 2568 1068 2628 per
1101 2550 1367 2628 singulas
1397 2569 1664 2630 quasque
1687 2551 2067 2611 decernimus
2098 2550 2246 2609 ciui-

315 2641 497 2702 tates,
542 2644 606 2694 ut
646 2634 992 2712 intellegant
1037 2652 1277 2705 omnes,
1323 2654 1477 2713 quae
1522 2638 1599 2697 sit
1643 2643 1848 2696 nostra
1879 2633 1953 2694 de
1981 2636 2114 2695 uiro
2148 2634 2253 2749 tali

319 2721 660 2779 sententia.‘

221 2803 299 2867 16
445 2804 588 2864 Item
623 2804 870 2882 epistola
903 2805 1067 2865 Decii
1100 2804 1172 2864 de
1205 2805 1414 2865 eodem
1449 2804 1711 2865 Claudio
2274 2826 2331 2866 ao

444 2890 702 2958 „Decius
731 2888 1016 2951 Messalae
1048 2890 1310 2973 praesidi
1340 2889 1591 2951 Achaiae
1624 2890 1943 2951 salutem.‘³

454 3093 480 3139 1
509 3107 670 3160 quam
695 3092 746 3140 B
892 3093 923 3140 6
947 3091 1144 3143 batilla
1167 3092 1335 3141 BPM
1354 3107 1443 3141 em.
1468 3091 1509 3141 S
1654 3093 1683 3141 7
1708 3092 1930 3141 labetur
1955 3090 2120 3140 BPM

318 3160 382 3209 10
405 3158 598 3207 aderet
621 3160 726 3209 BP
753 3159 1054 3210 adderetur
1077 3160 1138 3210 M
1161 3177 1250 3209 em.
1282 3161 1369 3209 Gr.
1520 3162 1582 3209 16
1608 3160 1801 3209 ducem
1824 3159 1947 3208 loco
1970 3157 2138 3208 BPM
2154 3173 2247 3207 em.

319 3226 407 3274 Gr.
434 3228 736 3276 exercitum
762 3227 918 3277 ducis
941 3227 1063 3278 loco
1087 3228 1423 3278 Momm-senus
1539 3230 1601 3279 19
1627 3228 1882 3292 tyhaeias
1909 3224 1977 3275 Βί
2003 3226 2251 3276 trhacias

314 3293 365 3340 P
385 3292 654 3343 Thracios
677 3298 866 3358 sev-ipsi
997 3310 1181 3359 mysos
1203 3295 1371 3345 BPM
1389 3312 1479 3345 em.
1504 3296 1547 3345 S
1658 3298 1722 3345 21
1749 3300 1837 3345 est
1862 3294 1963 3343 BP
1984 3310 2075 3345 om.
2104 3294 2164 3343 M
2192 3297 2250 3342 et

315 3358 405 3408 em.
432 3359 474 3408 S
631 3363 696 3411 22
722 3363 967 3428 accipiat
999 3365 1097 3413 del.
1126 3362 1167 3413 S
1324 3365 1390 3412 26
1424 3363 1707 3413 Metlarius
1732 3362 1797 3413 M
1838 3363 2131 3411 Metiarius
2157 3361 2249 3413 Gr.

313 3426 596 3477 Metianns
620 3430 660 3478 S
683 3429 1025 3481 metallarius
1053 3432 1387 3481 Mommsenus
1521 3434 1585 3482 27
1614 3430 1846 3496 singulis
1873 3430 1921 3478 B
2043 3431 2108 3479 28
2134 3429 2249 3478 sint

318 3492 450 3542 B¹P
583 3499 643 3546 31
673 3512 885 3547 messae
913 3496 989 3544 B¹
1015 3500 1068 3547 in
1094 3501 1144 3548 P
1165 3497 1219 3547 al
1243 3502 1295 3548 in
1320 3515 1426 3551 ras
