2517 3884
803 97 1235 206 AVRFJMANVS.
1326 149 1379 226 C.
1426 154 1667 207 41—44.
2080 147 2201 212 167

257 317 416 385 simi,
450 314 626 376 aulici
653 313 753 374 uel
783 313 947 375 stulti
976 313 1072 374 uel
1105 316 1487 378 detestabiles
1520 325 1606 386 et,
1651 317 1812 397 quod
1841 320 2049 396 negari
2078 337 2200 379 non
2354 379 2359 382 .

255 405 489 479 potest,
543 417 752 459 rerum
795 397 1172 477 publicarum
1215 402 1571 478 ignorantia.
1650 401 1755 463 sed
1800 420 1911 480 ego
1954 421 1986 462 a
2028 410 2202 481 patre
2234 415 2268 462 2

255 500 398 545 meo
441 483 678 551 audiui,
741 481 1172 546 Diocletianum
1229 486 1564 564 principem
1602 487 1721 546 iam
1762 489 2061 565 priuatum
2105 488 2195 547 di-

251 571 442 638 xisse,
474 566 622 628 nihil
654 585 785 628 esse
818 567 1114 629 difficilius
1147 587 1327 646 quam
1355 568 1509 631 bene
1540 573 1859 649 imperare.
1908 571 2196 649 colligunt
2228 583 2263 632 3

200 668 227 708 5
255 672 322 714 se
354 660 634 732 quattuor
672 650 770 712 uel
800 653 1060 732 quinque
1106 660 1283 730 atque
1326 672 1515 715 unum
1559 655 1873 717 consilium
1918 656 1991 716 ad
2034 656 2193 716 deci·

251 737 548 818 piendum
589 738 1014 815 imperatorem
1049 740 1317 817 capiunt,
1362 738 1602 809 dicunt,
1648 740 1791 817 quid
1820 739 2195 819 probandum

252 824 350 882 sit.
413 823 760 900 imperator,
805 823 906 898 qui
935 821 1096 882 domi
1125 821 1359 883 clausus
1392 832 1499 894 est,
1534 843 1680 885 uera
1710 842 1829 886 non
1861 826 2047 884 nouit.
2093 843 2193 886 co·
2230 837 2269 886 4

251 908 416 984 gitur
445 905 561 966 hoc
589 911 820 966 tantum
851 907 1006 966 scire
1053 907 1212 984 quod
1253 905 1342 966 illi
1381 907 1734 988 loquuntur,
1788 910 1929 969 facit
1967 908 2195 970 iudices

253 1009 409 1068 quos
437 991 569 1050 fieri
597 1008 719 1050 non
751 997 1006 1068 oportet,
1041 999 1281 1052 amouet
1308 1011 1341 1051 a
1369 1010 1438 1052 re
1464 1011 1521 1072 p.
1574 1009 1722 1071 quos
1753 992 2010 1054 debebat
2040 995 2193 1073 opti-

169 1093 223 1134 ιο
251 1093 422 1136 nere.
499 1074 640 1152 quid
679 1074 898 1134 multa?
958 1081 1023 1135 ut
1063 1075 1464 1138 Diocletianus
1504 1078 1635 1155 ipse
1680 1075 1941 1146 dicebat,
1998 1077 2196 1138 bonus

249 1167 465 1220 cautus
495 1159 752 1236 optimus
776 1159 1058 1220 manditur
1079 1162 1425 1239 imperator.
1459 1161 1609 1222 haec
1632 1160 1984 1221 Diocletiani
2002 1160 2193 1222 uerba
2230 1174 2263 1224 5

251 1251 425 1312 sunt,
468 1261 618 1322 quae
654 1243 878 1304 idcirco
919 1245 1144 1306 inserui
1186 1253 1250 1304 ut
1279 1245 1596 1323 prudentia
1639 1251 1740 1306 tua
1783 1247 1992 1314 sciret,
2042 1243 2191 1304 nihil

251 1347 390 1389 esse
421 1327 716 1388 difficilius
748 1327 908 1388 bono
937 1331 1230 1408 principe.

382 1413 457 1472 Et
485 1412 864 1474 Aurelianum
896 1413 1136 1491 quidem
1165 1414 1348 1474 multi
1368 1431 1564 1491 neque
1594 1415 1753 1474 inter
1776 1413 1968 1474 bonos
1992 1431 2187 1491 neque
2206 1413 2296 1478 44

165 1516 222 1556 15
249 1498 412 1556 inter
442 1495 630 1556 malos
661 1497 963 1575 princi-pes
993 1507 1250 1576 ponunt,
1308 1498 1533 1559 idcirco
1576 1498 1734 1578 quod
1766 1499 1821 1558 ei
1854 1498 2188 1566 clementia,
2228 1521 2236 1528 ·

248 1584 686 1660 imperatorum
716 1581 824 1640 dos
855 1584 1066 1660 prima,
1105 1583 1383 1644 defuerit.
1462 1584 1829 1643 Verconnius
1858 1582 2187 1642 Herennia-
2225 1596 2259 1644 2

249 1684 365 1726 nus
422 1665 762 1744 praefectus
821 1668 1104 1743 praetorii
1160 1667 1513 1728 Diocletiani
1571 1674 1721 1728 teste
1773 1666 2192 1745 Asclepiodoto

251 1765 432 1828 saepe
464 1749 713 1818 dicebat,
748 1749 1178 1811 Diocletianum
1207 1752 1553 1835 frequenter
1570 1751 1813 1826 dixisse,
1848 1769 1983 1811 cum
2004 1751 2189 1810 Maxi·
2300 1825 2307 1830 .

247 1835 437 1894 miani
465 1835 847 1912 asperitatem
882 1834 1383 1913 reprehenderet,
1428 1836 1811 1896 Aurelianum
1854 1837 2044 1912 magis
2082 1835 2191 1894 du-

163 1938 220 1978 20
249 1936 384 1978 cem
417 1935 550 1978 esse
580 1917 856 1979 debuisse
886 1937 1064 1997 quam
1091 1920 1448 1998 principem.
1486 1938 1620 1979 nam
1656 1921 1782 1979 eius
1814 1920 1995 1978 nimia
2026 1919 2187 1977 fero-

249 2005 400 2064 citas
433 2002 626 2062 eidem
658 2001 1031 2081 displicebat.

379 2085 650 2146 Mirabile
679 2088 934 2147 fortasse
962 2087 1203 2148 uidetur
1235 2087 1396 2163 quod
1433 2093 1786 2166 conpertum
1821 2085 2189 2146 Diocletiano
2227 2101 2261 2148 3

245 2171 967 2249 AsclepiodotusCelsino
1001 2171 1339 2232 consiliario
1372 2190 1481 2233 suo
1515 2171 1733 2232 dixisse
1754 2169 2053 2250 perhibet,
2086 2168 2191 2229 sed

247 2254 326 2315 de
357 2255 472 2315 hoc
501 2257 733 2334 posteri
759 2255 1128 2317 iudicabunt.
1163 2255 1399 2316 dicebat
1420 2257 1600 2325 enim,
1634 2255 1893 2332 quodam
1918 2260 2190 2332 tempore
2226 2267 2261 2316 4

163 2358 222 2399 25
247 2339 638 2401 Aurelianum
679 2339 1010 2401 Gallicanas
1053 2339 1425 2402 consu-luisse
1469 2340 1732 2420 Dryadas
1764 2340 2187 2406 sciscitantem,

246 2431 458 2486 utrum
510 2423 663 2503 apud
717 2426 844 2484 eius
895 2430 1170 2502 posteros
1223 2427 1545 2503 imperium
1583 2432 1983 2504 permaneret.
2061 2431 2190 2482 tum

245 2507 386 2568 illas
436 2507 822 2586 respondisse
870 2509 1049 2579 dixit,
1109 2509 1332 2570 nullius
1385 2509 1602 2571 clarius
1643 2511 1704 2571 in
1744 2527 1813 2570 re
1854 2527 1912 2587 p.
1966 2523 2189 2567 nomen

247 2609 432 2670 quam
486 2592 712 2653 Claudii
761 2589 1139 2672 posterorum
1183 2595 1473 2656 futurum.
1554 2602 1611 2654 et
1655 2601 1745 2662 est
1786 2593 2026 2670 quidem
2068 2593 2186 2650 iam
2224 2604 2259 2653 5

248 2677 635 2738 Constantius
661 2679 1018 2755 imperator,
1052 2678 1319 2738 eiusdem
1348 2681 1445 2738 uir
1475 2679 1811 2754 sanguiniS,
1844 2679 2013 2736 cuius
2042 2681 2189 2752 puto

167 2781 220 2821 ao
246 2769 530 2840 posteros
571 2761 644 2821 ad
689 2779 816 2822 eam
860 2761 1114 2840 gloriam
1155 2779 1305 2838 quae
1347 2781 1380 2822 a
1423 2762 1753 2840 Dryadibus
1804 2760 2190 2839 pronuntiata

249 2848 329 2906 sit
358 2847 702 2924 peruenire.
739 2846 897 2924 quod
927 2846 1154 2906 idcirco
1187 2863 1297 2924 ego
1327 2848 1389 2906 in
1420 2845 1723 2907 Aureliani
1751 2846 1877 2904 uita
1905 2843 2195 2904 constitui

247 2932 390 3008 quia
419 2927 569 2990 haec
597 2931 715 3008 ipsi
743 2929 1062 2991 Aureliano
1096 2929 1434 2991 consulenti
1461 2947 1748 3008 responsa
1781 2936 1937 2988 sunt.

380 3013 641 3091 Vectigal
703 3031 774 3074 ex
832 3018 1095 3094 Aegypto
1155 3014 1295 3074 urbi
1350 3014 1575 3074 Romae
1640 3012 1993 3074 Aurelianus
2051 3011 2297 3077 uitri45

385 3184 418 3232 9
444 3180 649 3231 debeat
673 3181 836 3232 BPM
999 3184 1063 3234 13
1089 3180 1319 3232 diffilius
1343 3181 1394 3230 B
1559 3183 1623 3231 1-6
1649 3179 1749 3230 dos
1772 3195 1867 3230 om.
1892 3179 1995 3228 BP
2129 3180 2197 3228 23

247 3249 576 3316 perhibetur
605 3248 775 3299 BPM
927 3251 993 3298 22
1027 3249 1348 3300 aurelianus
1380 3248 1550 3299 BPM
1704 3247 2045 3298 consoluisse
2080 3247 2131 3295 P
2162 3252 2201 3297 t.

247 3317 400 3368 [ord.
541 3317 608 3366 26
633 3332 757 3366 cum
781 3315 949 3366 BPM
1081 3319 1146 3367 27
1173 3331 1318 3380 resp.
1346 3314 1482 3366 B¹P
1615 3317 1678 3368 31
1708 3318 1855 3365 circo
1880 3314 1931 3363 B
2070 3327 2199 3363 con-

247 3383 472 3434 sulento
495 3381 575 3434 B¹
677 3387 744 3435 32
771 3399 976 3448 sponsa
1001 3383 1156 3434 B¹P¹
1181 3382 1348 3448 (corr.
1372 3383 1471 3447 1⁹⁸)
1500 3383 1567 3434 M
1670 3387 1735 3436 33
1759 3383 1857 3433 ubi
1880 3381 2009 3431 ΒΡι
2027 3379 2201 3444 (corr.

246 3449 348 3513 1²³)
377 3449 444 3500 M
575 3450 936 3502 astrei-BPM
