2517 3884
679 197 987 256 GORDIANI
1033 198 1217 256 TRES.
1308 199 1362 256 C.
1407 204 1652 257 23—25.
2055 197 2144 261 45

197 365 498 446 spadones
551 371 610 426 et
659 384 769 446 per
809 365 944 427 illos
997 368 1098 444 qui
1149 367 1321 427 amici
1374 367 1482 428 tibi
1534 368 1889 431 uidebantur
1943 369 2138 451 (erant

199 457 398 512 autem
429 450 820 512 uehementes
847 449 1102 530 inimici)
1148 454 1347 513 omnia
1379 451 1811 524 uendebantur‚
1843 454 2136 535 uoluptati

199 543 291 600 est
322 555 394 598 eo
426 537 642 614 magis,
687 553 806 613 quo
847 536 955 597 tibi
997 539 1223 615 gratior
1268 538 1603 600 emendatio
1662 547 1779 610 est,
1838 548 1902 601 ut
1936 542 2135 619 siqua

167 623 342 709 ‘uitia
373 623 648 690 fuerunt,
683 629 782 682 tua
813 639 934 684 non
963 623 1151 682 fuisse
1181 624 1327 684 satis
1356 631 1617 695 constet,
1640 627 1735 686 xmi
1768 624 1849 686 fili
1879 643 2135 688 uenera-
2230 699 2245 712 ρ

139 721 169 762 5
194 706 355 769 bilis.
406 723 602 784 neque
647 708 804 768 enim
847 708 1160 787 quisquam
1203 710 1365 770 serre
1413 711 1607 788 potuit
1648 710 1813 772 datas
1846 711 2135 773 eunuchis
2170 721 2205 770 3

4 811 8 880 ι
197 790 659 871 suffragantibus
698 791 954 853 militum
983 795 1460 872 praeposituras,
1506 803 1786 872 negatum
1827 795 2135 858 laboribus

4 885 7 906 ²
195 879 548 958 praemium,
577 883 678 938 aut
701 877 1096 957 interemptos
1119 885 1220 939 aut
1239 877 1527 940 liberatos
1548 899 1661 958 pro
1684 881 1931 943 libidine
1954 888 2136 963 atque

195 963 478 1024 mere-ede
509 981 660 1042 quos
689 980 811 1023 non
841 962 1119 1033 decebat,
1165 970 1487 1026 uacuatum
1516 968 1849 1036 aerarium,
1883 985 1995 1046 per
2026 986 2133 1028 eos

195 1050 303 1128 qui
345 1048 584 1109 cottidie
624 1047 1076 1110 insidiosissime
1117 1048 1575 1128 frequentabant
1615 1053 1792 1112 initas
1820 1053 2132 1122 factioneS,

112 1147 167 1188 ιο
197 1140 264 1194 ut
294 1141 360 1196 tu
390 1132 785 1212 decipereris,
837 1151 974 1194 cum
1021 1135 1180 1194 inter
1221 1153 1288 1194 se
1324 1132 1398 1193 de
1428 1133 1605 1196 honis
1633 1137 1878 1214 pessimi
1910 1139 2134 1214 quique

192 1217 490 1280 haberent
531 1225 666 1279 ante
697 1217 943 1279 consilia
983 1218 1220 1279 tibimet
1262 1220 1667 1296 suggerenda,
1711 1220 1900 1282 bonos
1946 1220 2134 1301 pelle-

194 1312 352 1374 rent,
387 1303 764 1364 detestandos
793 1305 1190 1373 insinuarent,
1225 1322 1434 1365 omnes
1465 1314 1771 1383 postremo
1802 1312 1931 1367 tuas
1962 1306 2133 1368 labu-

193 1389 286 1452 las
326 1389 678 1450 uenderent.
753 1387 844 1448 dis
884 1390 1065 1466 igitur
1105 1390 1359 1467 gratiaS,
1414 1389 1572 1467 quod
1620 1390 1860 1453 uolente
1900 1400 1959 1453 te
1996 1394 2131 1471 ipso
2167 1401 2204 1449 4

195 1473 511 1536 emendata
539 1492 636 1535 res
669 1481 776 1534 est.
839 1472 1094 1536 delectat
1128 1493 1271 1534 sane
1302 1474 1444 1535 boni
1477 1493 1609 1538 esse
1637 1477 1929 1556 principis
1962 1495 2130 1538 soce·
2168 1486 2202 1535 5

109 1572 165 1614 15
194 1579 334 1621 rum
379 1564 439 1619 et
482 1560 609 1620 eius
653 1559 751 1636 qui
788 1559 986 1620 omnia
1029 1562 1299 1640 requirat
1341 1567 1401 1620 et
1431 1562 1629 1622 omnia
1677 1560 1822 1622 uelit
1873 1563 2028 1624 scire
2073 1571 2135 1622 et

193 1647 300 1726 qui
340 1643 638 1724 pepulerit
677 1642 947 1706 homines
992 1663 1102 1724 per
1143 1662 1292 1724 quos
1335 1651 1507 1707 antea
1553 1643 1718 1707 uelut
1750 1648 1813 1709 in
1854 1650 2131 1708 auctione

191 1731 429 1811 positus
461 1728 822 1790 nundinatus
853 1737 1009 1791 est.“

324 1815 476 1876 Item
505 1814 788 1876 Gordiani
820 1814 892 1875 ad
922 1816 1148 1894 ipsum:
2148 1812 2237 1878 25

193 1901 572 1980 „Imperator
588 1899 922 1962 Gordianus
936 1901 1238 1978 Augustus
1253 1900 1527 1962 Misitheo
1549 1903 1705 1979 patri
1731 1909 1789 1962 et
1805 1921 1911 1980 pra
1919 1904 2129 1964 efecto.

105 2001 166 2041 20
324 1985 454 2048 Nisi
482 1985 543 2046 di
573 1987 1011 2065 omnipotentes
1059 1985 1395 2046 Romanum
1436 1993 1751 2048 tuerentur
1791 1988 2132 2065 imperium,

196 2073 377 2133 etiam
421 2089 579 2133 nunc
622 2089 733 2150 per
778 2078 1011 2150 emptos
1069 2071 1366 2150 spadones
1422 2070 1591 2132 uelut
1632 2072 1696 2131 in
1742 2071 1909 2132 hasta
1954 2073 2135 2150 positi

192 2155 620 2219 uenderemur.
661 2155 918 2233 denique
949 2174 1113 2216 nunc
1141 2155 1381 2217 demum
1410 2155 1713 2234 intellego,
1748 2173 1948 2233 neque
1978 2155 2132 2218 Feli·
2168 2166 2203 2215 2

194 2244 400 2304 ciones
440 2242 836 2320 praetorianis
876 2239 1224 2302 cohortibus
1266 2243 1554 2321 praeponi
1585 2240 1893 2310 debuisse,
1938 2258 2135 2318 neque

195 2327 649 2405 Serapammoni
680 2332 952 2405 quartam
983 2325 1279 2406 legionem
1306 2326 1667 2388 credendam
1697 2327 1910 2395 fuisse,
1946 2333 2023 2396 et,
2057 2345 2134 2388 ne

105 2423 166 2466 25
195 2413 396 2472 omnia
417 2411 808 2481 dinumerem,
841 2410 1028 2474 multa
1050 2428 1172 2474 non
1198 2429 1331 2472 esse
1350 2411 1639 2482 facienda,
1668 2429 1820 2490 quae
1842 2412 1993 2480 feci;
2029 2410 2134 2473 sed
2238 2476 2243 2480 ,

194 2497 289 2558 dis
319 2499 568 2576 gratias,
612 2495 770 2577 quod
810 2503 872 2557 te
911 2498 1252 2558 insinuante
1284 2498 1387 2575 qui
1417 2496 1567 2558 nihil
1596 2496 1823 2567 uendis‚
1856 2496 2034 2558 didici
2067 2516 2136 2558 ea

196 2599 352 2661 quae
400 2581 667 2644 inclusus
718 2583 874 2644 scire
926 2600 1046 2642 non
1097 2591 1387 2662 poteram.
1452 2583 1594 2662 quid
1650 2584 1808 2643 enim
1848 2583 2131 2656 facerem,
2170 2593 2203 2641 3

194 2666 357 2749 quod
385 2667 612 2729 Admau
643 2664 690 2748 †
711 2672 824 2728 n'os
854 2667 1148 2729 uenderet
1179 2674 1239 2729 et
1268 2667 1515 2728 consilio
1548 2685 1683 2729 cum
1728 2667 2032 2729 Gaudiano
2076 2676 2137 2727 et

193 2751 554 2814 Reuerendo
605 2760 662 2814 et
710 2751 989 2813 Montano
1042 2752 1246 2814 habito
1300 2752 1398 2813 uel
1446 2751 1719 2813 laudaret
1758 2752 1991 2832 aliquos
2035 2751 2132 2813 uel

103 2852 167 2892 30
195 2838 584 2916 uituperaret,
619 2843 680 2898 et
705 2836 947 2898 ill'orum
977 2855 1275 2902 consensu
1306 2839 1477 2917 quasi
1502 2838 1743 2898 testium
1776 2837 1934 2916 quod
1968 2835 2132 2897 dixe-

195 2929 291 2984 rat
333 2922 767 3002 adprobarem?
823 2924 905 2983 mi
943 2928 1142 3002 pater,
1189 2942 1403 2991 uerum
1445 2922 1649 2984 audias
1690 2919 1903 2991 uel-im:
1948 2923 2133 2982 miser
2168 2932 2233 2981 4·

197 3013 290 3068 est
318 3009 675 3088 imperator,
719 3008 876 3087 apud
910 3025 1089 3085 quem
1120 3026 1264 3069 uera
1304 3010 1659 3078 reticentur,
1709 3009 1973 3086 quicum
2002 3008 2135 3086 ipse

169 3245 176 3250 ,
337 3197 364 3244 l
392 3195 498 3245 tibi
519 3209 612 3246 om.
639 3195 688 3244 B
825 3197 857 3246 2
881 3194 1232 3252 uendebatur
1253 3193 1380 3245 BP¹
1529 3198 1561 3246 3
1587 3199 1643 3244 et
1669 3209 1735 3245 eo
1752 3193 1928 3244 BPM
1957 3198 2043 3244 est
2070 3208 2137 3243 eo

192 3264 388 3328 acm’psi
521 3262 668 3328 quod
690 3261 856 3322 BPM
989 3266 1019 3315 7
1045 3263 1218 3314 libine
1243 3261 1395 3314 B¹P¹
1536 3264 1600 3313 13
1623 3261 1847 3312 uolente
1871 3262 1930 3312 in
1954 3266 2010 3312 te
2038 3261 2141 3311 BP

336 3333 402 3380 14
424 3345 570 3397 resp.
593 3331 662 3381 M
798 3333 861 3380 21
889 3333 1014 3382 asta
1037 3331 1139 3382 BP
1281 3333 1347 3380 22
1373 3330 1653 3382 feliciores
1676 3330 1745 3380 M
1881 3331 1947 3380 23
1972 3329 2137 3380 coho-

195 3399 382 3450 stibus
403 3397 480 3448 P¹
630 3401 698 3450 24
718 3404 781 3450 ut
807 3401 987 3450 omnia
1011 3399 1173 3450 BPM
1319 3401 1387 3450 25
1410 3399 1811 3449 dinumerat-em
1832 3397 1937 3448 BP
2068 3399 2137 3448 28

197 3467 274 3516 ad
306 3481 526 3518 mauros
548 3467 717 3518 BPM
757 3466 972 3518 Admau
1005 3467 1042 3530 †
1069 3481 1169 3519 nos
1191 3469 1383 3532 scripsi
1426 3465 1609 3532 quoad
1640 3480 1740 3516 nos
1771 3471 1949 3516 mater
1970 3464 2134 3515 uend.

196 3535 451 3600 Eyssenh.
590 3538 654 3586 31
679 3537 796 3586 mihi
818 3535 1151 3601 adprobaret
1179 3535 1470 3586 Gordianus
1489 3536 1760 3600 scripsisse
1783 3535 1985 3584 uidetur
