2517 3884
409 163 496 228 58
680 223 686 227 .
1095 169 1246 225 IVLII
1290 167 1655 256 CAPIrOLlNl

341 349 375 396 3
413 334 596 396 multa
628 335 788 395 milia
821 341 880 395 et
908 335 1287 415 popularium
1333 341 1391 395 et
1420 324 1673 396 militum
1704 335 2103 396 interemerat.
2182 335 2337 396 Pan’-

415 422 624 480 nonias
655 437 798 498 ergo
829 421 1263 504 Marcomannis
1296 419 1582 480 Sarmatis
1610 419 1913 488 Vandalis,
1950 419 2134 480 simul
2160 421 2336 481 etiam

365 547 371 553 ·
414 504 635 576 Quadis
679 507 950 566 extinctis
1015 507 1260 565 seruitio
1302 505 1580 566 liberauit
1623 512 1681 565 et
1727 504 1951 565 Romae
1994 523 2131 565 cum
2164 505 2333 565 Com-

411 589 606 658 modo,
640 607 818 668 quem
847 590 966 650 iam
999 589 1315 650 Caesarem
1348 590 1601 659 fecerat,
1636 588 1784 658 filio,
1819 597 1885 649 ut
1916 589 2193 658 diximUS,
2228 609 2337 651 suo
2485 665 2486 670 ἵ

334 687 376 734 4
413 671 818 753 triumphauit.
899 675 1044 735 Cum
1078 681 1277 734 autem
1320 674 1393 734 ad
1423 674 1538 734 hoc
1569 673 1791 749 bellum
1834 692 2011 734 omne
2041 676 2336 734 aerarium
2394 688 2421 727 5

410 758 780 819 exhausisset
821 777 996 839 suum
1040 776 1237 836 neque
1280 760 1341 818 in
1384 760 1647 819 animum
1692 757 2021 828 induceret,
2069 764 2137 819 ut
2168 765 2339 820 extra
2485 763 2486 766 ’

409 843 678 904 ordinem
711 843 1181 922 prouincialibus
1225 843 1445 922 aliquid
1484 846 1838 922 imperaret,
1899 844 1963 903 in
2022 844 2155 904 foro
2212 844 2338 904 diui

408 929 650 988 Traiani
681 931 1017 989 auctionem
1049 936 1539 989 ornamentorum
1568 928 1969 1007 imperialium
2014 929 2155 988 fecit
2186 946 2334 989 uen-

407 1012 674 1091 diditque
699 1031 880 1073 aurea
904 1012 1114 1093 pocula
1147 1021 1205 1074 et
1236 1013 1559 1074 cristallina
1592 1021 1651 1073 et
1680 1014 1965 1081 murrina,
1994 1031 2135 1074 uasa
2158 1015 2337 1074 etiam

406 1099 568 1175 regia
615 1103 674 1156 et
716 1104 945 1158 uestem
986 1100 1256 1158 uxoriam
1300 1100 1551 1158 sericam
1608 1104 1677 1157 et·
1710 1105 2007 1168 auratam,
2069 1115 2335 1175 gemmas
2366 1116 2421 1154 10
2485 1093 2486 1170 j

409 1184 554 1258 quin
586 1184 781 1252 etiam,
817 1199 964 1260 quas
995 1182 1211 1244 multas
1252 1185 1314 1242 in
1344 1184 1681 1261 repostorio
1722 1184 2020 1243 sanctiore
2052 1182 2335 1244 Hadriani
2485 1183 2486 1194 ¹

329 1279 372 1328 5
409 1274 774 1345 reppererat.
811 1274 870 1328 et
900 1285 1008 1346 per
1039 1267 1189 1328 duos
1219 1267 1461 1346 quidem
1492 1285 1732 1328 menses
1762 1267 1909 1328 haec
1938 1266 2203 1328 uenditio
2236 1285 2336 1328 ce-

407 1351 634 1411 lebrata
679 1358 795 1420 est,
847 1358 1191 1430 tantumque
1222 1353 1354 1412 auri
1405 1353 1711 1413 redactum
1765 1359 1830 1413 ut
1868 1352 2152 1431 reliquias
2195 1351 2340 1413 belli

407 1435 866 1495 Marcomannici
901 1453 971 1495 ex
1007 1437 1299 1497 sententia
1345 1445 1697 1515 persecutus
1728 1443 1933 1516 postea
1965 1436 2195 1498 dederit
2226 1456 2336 1516 po·
2485 1513 2486 1520 ἵ

408 1526 682 1580 testatem
714 1521 1101 1598 emptoribus,
1133 1528 1216 1590 ut,
1263 1522 1313 1580 si
1344 1523 1447 1599 qui
1477 1521 1661 1580 uellet
1704 1528 1902 1600 empta
1944 1521 2198 1582 reddere
2246 1527 2336 1582 at·
2370 1539 2424 1578 15

409 1621 526 1683 que
558 1621 772 1664 aurum
801 1605 1090 1684 recipere,
1119 1607 1303 1664 sciret
1330 1604 1552 1665 licere·
1609 1624 1719 1666 nec
1764 1605 2049 1667 molestus
2090 1605 2193 1665 ulli
2222 1608 2341 1666 fuit
2485 1621 2486 1624 ’

329 1699 371 1747 6
414 1689 515 1765 qui
547 1687 646 1747 uel
675 1707 796 1748 non
826 1689 1084 1749 reddidit
1115 1695 1317 1768 empta
1347 1689 1444 1750 uel
1476 1689 1748 1751 reddidit.
1808 1697 1951 1752 tunc
1981 1693 2127 1751 uiris
2158 1690 2339 1750 clari-

411 1772 621 1834 oribus
651 1775 940 1851 permisit,
975 1781 1041 1834 ut
1073 1774 1283 1834 eodem
1323 1773 1489 1836 cultu
1522 1791 1637 1852 quo
1670 1783 1728 1836 et
1754 1776 1888 1854 ipse
1916 1775 2013 1837 uel
2046 1777 2339 1836 ministris

337 1856 704 1918 ¹7similihus
734 1859 1012 1919 conuiuia
1044 1858 1412 1920 exhiberent
1490 1862 1551 1919 in
1584 1878 1831 1921 munere
1864 1868 2059 1921 autem
2092 1858 2339 1939 publico

407 1950 529 2002 tam
587 1945 1000 2020 magnanimus
1061 1944 1170 2003 ruit
1227 1950 1295 2003 ut
1353 1951 1595 2004 centum
1634 1944 1841 2004 leones
1884 1963 2002 2005 una
2033 1935 2337 2005 missione
2368 1963 2423 2002 20

408 2027 585 2087 simul
617 2027 926 2088 exhiberet
957 2034 1015 2088 et
1037 2027 1265 2106 sagittis
1296 2029 1677 2089 interficeret.

301 2107 387 2172 18
538 2112 686 2173 Cum
715 2114 894 2190 igitur
935 2115 997 2173 in
1042 2131 1244 2174 amore
1304 2115 1571 2174 omnium
1626 2115 1982 2192 imperasset
2042 2120 2219 2192 atque
2262 2112 2341 2172 ab

407 2195 538 2256 aliis
569 2196 745 2256 modo
779 2198 992 2266 frater,
1037 2197 1214 2257 modo
1245 2204 1432 2276 pater,
1480 2199 1657 2258 modo
1697 2197 1885 2267 filius,
1935 2204 2002 2257 ut
2042 2199 2342 2273 cuiusque
2484 2247 2486 2256 ,

407 2287 568 2340 aetas
613 2281 862 2350 sinebat,
914 2289 973 2342 et
1017 2281 1319 2342 diceretur
1364 2290 1424 2342 et
1468 2290 1796 2351 amaretur,
1843 2289 2055 2341 octauo
2101 2279 2343 2342 decim'o
2485 2267 2486 2362 l

407 2381 562 2423 anno
591 2365 828 2442 imperii
858 2367 968 2432 sui,
1003 2367 1417 2443 sexagensimo
1450 2373 1508 2426 et
1544 2368 1739 2445 primo
1774 2367 1958 2433 uitae,
1994 2365 2169 2424 diem
2196 2365 2343 2426 ulti·
2376 2375 2429 2415 25
2485 2367 2486 2440 ξ

333 2454 370 2502 2
407 2465 569 2507 mum
605 2447 833 2509 clausit.
867 2456 1188 2526 tantusque
1218 2449 1377 2511 illius
1408 2467 1575 2510 amor
1616 2468 1687 2510 eo
1732 2449 1826 2508 die
1860 2447 2039 2528 [regii
2066 2449 2342 2532 funeris]
2484 2447 2486 2462 ²

408 2530 621 2592 claruit
653 2539 715 2592 ut
744 2551 921 2592 nemo
951 2533 1118 2593 illum
1148 2533 1551 2612 plangendum
1593 2535 1925 2602 censuerit,
1972 2534 2153 2596 certis
2205 2554 2341 2596 om·
2485 2589 2486 2602 ,

329 2623 371 2672 3
409 2616 602 2686 nibus,
637 2616 794 2694 quod
829 2617 902 2676 ab
947 2617 1061 2677 diis
1091 2618 1500 2678 commodatus
1542 2618 1614 2678 ad
1656 2617 1801 2678 deos
1841 2618 2114 2680 redisset.
2166 2619 2342 2680 deni·
2485 2613 2486 2702 l

406 2719 552 2780 que,
614 2703 960 2779 priusquam
990 2703 1170 2762 funus
1230 2703 1618 2772 conderetur,
1681 2711 1748 2764 ut
1776 2702 2048 2782 plerique
2107 2705 2340 2775 dicunt,
2485 2707 2486 2764 l

407 2786 563 2864 quod
591 2803 914 2864 numquam
945 2794 1116 2847 antea
1141 2787 1359 2848 sactum
1390 2789 1587 2848 fuerat
1608 2805 1807 2866 neque
1828 2796 2054 2868 postea,
2088 2796 2339 2850 senatus
2370 2799 2427 2838 30
2485 2777 2486 2852 l

408 2870 784 2949 populusque
816 2889 936 2932 non
981 2870 1186 2932 diuisis
1228 2871 1376 2932 locis
1422 2871 1525 2932 sed
1567 2874 1631 2932 in
1662 2891 1779 2934 una
1812 2873 1953 2934 sede
2006 2875 2343 2953 propitium
2484 2877 2486 2904 ³

329 2961 372 3008 4
409 2953 584 3015 deum
629 2956 793 3016 dixit.
868 2955 979 3017 Hic
1024 2975 1166 3017 sane
1208 2958 1303 3017 uir
1344 2963 1546 3018 tantus
1588 2964 1649 3018 et
1692 2958 1822 3020 talis
1863 2977 1931 3018 ac
1972 2958 2085 3018 diis
2117 2959 2243 3018 uita
2278 2966 2343 3018 et

510 3140 537 3186 1
566 3141 862 3203 pantonias
885 3140 956 3190 B1
1095 3144 1126 3190 2
1172 3142 1467 3192 uuandalis
1493 3141 1612 3194 BP¹
1749 3145 1780 3194 3
1806 3142 2086 3192 cummodo
2108 3141 2256 3192 B¹P²

407 3208 437 3255 7
463 3206 800 3270 imperarent
822 3207 895 3257 B¹
1006 3211 1066 3258 8
1091 3215 1531 3260 ornomentorum
1554 3208 1699 3260 B¹P¹
1812 3212 1875 3260 16
1900 3211 2024 3274 quis
2048 3211 2109 3258 M
2214 3210 2347 3258 redss

405 3273 568 3322 deret
591 3273 758 3324 BPM
894 3277 954 3325 18
987 3277 1311 3327 ministeriis
1335 3281 1465 3344 uoly.
1610 3280 1677 3327 20
1708 3293 1874 3326 unam
1897 3278 2212 3326 missionem
2239 3278 2353 3326 BP

507 3343 570 3390 21
596 3341 923 3392 interfectos
946 3344 1111 3393 BPM
1133 3344 1472 3394 interficeret
1494 3347 1684 3408 scripsi
1704 3344 1992 3394 interfecit
2017 3359 2113 3393 eos
2125 3343 2349 3394 Momm-

397 3423 610 3526 {aaziae
637 3412 756 3526 B251
781 3412 1152 3474 sexagessimo
1179 3414 1230 3462 B
1366 3414 1431 3462 26
1457 3413 1598 3476 regii
1624 3411 1835 3462 funeris
1860 3416 2001 3462 uncis
2024 3415 2204 3462 inclusi

533 3493 552 3524 1
