2517 3884
708 179 1011 238 MAxuan
1052 179 1200 240 ovo,
1290 181 1346 236 c,
1391 163 1631 238 24—26.
2056 175 2137 240 21

201 357 367 411 tanto
419 351 648 428 impetu
691 351 932 410 mutatis
971 347 1326 410 animalibus
1366 351 1655 418 cucurrit,
1710 358 1774 412 ut
1806 359 2012 428 quarta
2043 351 2139 412 die

200 433 454 496 Romam
485 436 739 504 ueniret,
776 453 910 496 cum
943 434 1099 515 apud
1129 433 1478 497 Rauennam
1507 436 1830 496 Maximum
1859 434 2139 514 reliquis·

205 528 311 581 set.
395 528 454 580 et
483 521 637 581 forte
668 520 1102 604 diesjudorum
1137 528 1293 591 erat,
1330 539 1464 582 cum
1495 520 1693 582 subito
1726 520 1972 582 sedente
2002 521 2137 582 Bal·
2174 532 2206 580 3

202 605 343 669 bino
377 612 437 666 et
468 605 770 666 Gordiano
813 605 1111 667 theatrum
1152 608 1399 668 nuntius
1441 608 1747 684 ingressus
1776 613 1893 677 est,
1940 613 2134 684 atque,

148 707 175 747 5
201 699 520 769 antequam
550 690 768 768 aliquid
799 691 1190 762 indicaretur,
1241 694 1433 754 omnis
1463 690 1720 773 populus
1752 690 2133 753 exclamauit:

203 776 604 847 „Maximinus
646 777 880 838 occisus
925 785 1083 838 est.“
1113 779 1193 838 ita
1239 785 1297 839 et
1337 779 1581 838 nuntius
1622 783 2015 856 praeuentus,
2080 782 2138 837 et
2171 785 2205 833 4

198 865 617 941 imperatoreS,
653 864 755 939 qui
786 861 1052 931 aderant,
1085 862 1364 940 gaudium
1388 862 1694 942 publicum
1724 869 1875 923 nutu
1906 870 1964 923 et
1995 879 2135 922 con-

200 965 383 1009 sensu
413 946 846 1008 indicauerunt.
925 946 1118 1008 soluto
1161 949 1342 1026 igitur
1383 947 1723 1027 spectaculo
1764 965 1973 1009 omnes
2014 955 2131 1008 sta·
2170 958 2201 1006 5

196 1034 304 1094 tim
337 1031 411 1092 ad
443 1050 580 1092 suas
602 1031 924 1110 religiones
955 1031 1366 1103 conuolarunt,
1398 1042 1571 1113 atque
1601 1032 1741 1094 inde
1768 1032 1841 1093 ad
1866 1038 2139 1094 senatum

117 1134 170 1173 10
195 1119 526 1198 principes,
560 1117 815 1198 populus
847 1119 920 1178 ad
953 1120 1289 1180 contionem
1326 1126 1739 1181 cucurrerunt.

329 1203 583 1264 Senatus
626 1203 959 1264 consultum
1003 1202 1120 1265 hoc
1161 1205 1301 1265 fuit:
1364 1204 1649 1265 Recitatis
1687 1205 1751 1263 in
1784 1210 1995 1264 senatu
2024 1219 2134 1281 per
2152 1199 2237 1263 26

196 1287 511 1349 Balbinum
542 1282 868 1366 Augustum
900 1288 1116 1350 litteris
1165 1289 1519 1351 adclamauit
1562 1294 1832 1350 senatus:
1868 1287 2131 1358 „Hostes
2169 1301 2201 1348 2

193 1373 401 1453 populi
430 1373 499 1434 R.
536 1374 595 1433 di
651 1381 1072 1453 persecuntur.
1148 1375 1415 1455 luppiter
1445 1377 1696 1455 optime,
1742 1373 1848 1434 tibi
1888 1374 2129 1450 gratias,

193 1457 408 1539 Apollo
449 1458 844 1528 uenerabilis,
907 1459 1014 1520 tibi
1053 1462 1297 1538 gratias,
1374 1460 1629 1522 Maxime
1670 1461 1960 1537 Auguste,
2024 1457 2133 1519 tihi

115 1561 168 1599 15
195 1545 438 1622 gratias,
518 1543 767 1604 Balbine
798 1547 1078 1624 Auguste,
1126 1545 1232 1606 tibi
1272 1548 1512 1624 gratias,
1601 1545 1758 1606 diuis
1814 1543 2131 1605 Gordianis

193 1628 418 1709 templa
449 1628 848 1691 decernimus,
917 1629 1224 1692 Maximini
1253 1649 1474 1692 nomen
1507 1631 1650 1692 olim
1682 1647 1920 1691 erasum
1971 1647 2130 1689 nunc
2166 1644 2197 1690 3

194 1715 409 1775 animis
443 1713 828 1775 eradendum.
907 1714 1100 1777 hostis
1145 1717 1374 1796 publici
1418 1724 1594 1796 caput
1634 1718 1699 1776 in
1728 1714 2127 1795 profluentem

191 1799 500 1860 abiciatur.
581 1817 800 1879 corpus
861 1802 990 1861 eius
1023 1820 1196 1862 nemo
1228 1801 1496 1881 sepeliat.
1568 1803 1669 1881 qui
1712 1800 1942 1861 senatui
1972 1805 2160 1859 mor-'

195 1893 313 1946 tem
348 1887 607 1945 minatus
650 1891 770 1954 est,
816 1893 882 1946 ut
927 1885 1273 1948 merebatur
1304 1888 1537 1947 occisus
1583 1894 1689 1946 est,
1770 1885 1871 1962 qui
1902 1885 2131 1945 senatui

112 1986 164 2024 20
193 1969 391 2030 uincla
423 1971 679 2030 minatus
713 1977 830 2040 est,
880 1979 944 2031 ut
986 1970 1239 2032 debebat
1280 1973 1679 2050 interemptus
1710 1977 1819 2030 est.
1882 1971 2129 2030 sanctis·
2167 1983 2200 2030 4

193 2057 331 2115 simi
359 2057 776 2134 imperatoreS,
811 2058 1033 2134 gratias
1064 2056 1238 2117 uobis
1272 2059 1519 2134 agimus,
1597 2057 1850 2116 Maxime
1882 2052 2129 2114 Balbine

191 2140 511 2209 Gordiane,
546 2140 604 2200 di
635 2159 745 2202 uos
779 2148 1038 2201 seruent,
1129 2142 1393 2202 uictores
1432 2141 1699 2202 hostium
1732 2157 1941 2200 omnes
1972 2137 2129 2198 desi·

191 2225 491 2286 deramuS.
569 2228 973 2304 praesentiam
1002 2226 1243 2286 Maximi
1278 2245 1488 2287 omnes.
1516 2225 1944 2287 desideramus,
1994 2221 2127 2284 Bal-

187 2311 330 2372 bine
361 2312 645 2388 Auguste,
679 2311 740 2371 di
769 2319 828 2371 te
861 2319 1122 2372 seruent.
1181 2320 1567 2391 praesentem
1598 2328 1821 2371 annum
1852 2306 2131 2370 consules

109 2413 160 2451 25
189 2415 304 2456 uos
339 2396 581 2456 ornetis.
618 2398 680 2456 in
706 2394 837 2456 loco
857 2397 1163 2457 Maximini
1186 2397 1527 2458 Gordianus
1560 2396 1953 2457 sufficiatur.“
1983 2394 2130 2456 Post
2164 2407 2195 2457 5

187 2489 436 2560 rogatus
469 2483 825 2558 sententiam
841 2480 1157 2560 Cuspidius
1173 2483 1486 2544 Celerinus
1517 2482 1666 2542 haec
1688 2481 1871 2542 uerba
1894 2478 2125 2540 habuit:

185 2567 296 2635 „P,
318 2586 392 2635 c„
412 2583 584 2626 eraso
608 2568 850 2626 nomine
875 2565 1335 2630 Maximinorum
1359 2567 1788 2648 appellatisque
1801 2565 1957 2626 diuis
1973 2564 2125 2625 Gor-

187 2652 384 2712 dianis
414 2653 704 2712 uictoriae
736 2669 911 2712 causa
945 2654 1317 2733 principibus
1352 2655 1575 2714 nostris
1603 2653 1857 2713 Maximo
1877 2648 2125 2711 Balbino

189 2746 247 2798 et
281 2736 582 2797 Gordiano
628 2744 850 2797 statuas
883 2755 1019 2798 cum
1052 2738 1322 2799 elefantis
1354 2739 1759 2805 decernimus,
1788 2753 1999 2796 currus
2021 2735 2127 2794 tri-

106 2837 158 2880 30
189 2821 504 2900 umphales
529 2821 928 2892 decernimus,
963 2832 1184 2885 statuas
1222 2830 1532 2903 equestres
1570 2823 1967 2890 decernimus,
2004 2826 2125 2879 tro·

185 2925 336 2986 paea
362 2906 808 2968 dece1·nimus,“
839 2907 984 2970 Post
1013 2908 1160 2969 haec
1182 2910 1366 2970 misso
1390 2916 1597 2970 senatu
1626 2905 2128 2986 suppplicationes
2166 2917 2196 2964 6

181 2987 298 3071 per
327 3000 516 3053 totam
539 2991 750 3053 urbem
776 2992 1070 3055 decretae.
1118 2995 1381 3073 uictores
1412 2995 1715 3074 principes
1737 2993 1799 3052 in
1842 2989 2127 3052 Palatium
2167 3003 2195 3051 7

324 3179 355 3227 2
382 3179 682 3228 rabennam
717 3177 820 3228 BP
976 3183 1039 3230 10
1073 3181 1379 3245 principem
1401 3179 1569 3230 BPM
1595 3195 1685 3230 em.
1711 3179 1973 3228 Puteanus

185 3247 248 3294 11
279 3245 495 3296 senatis
520 3245 571 3295 B
620 3250 870 3308 senatu}
892 3249 944 3297 P
1096 3250 1161 3298 14
1184 3249 1406 3313 appello
1432 3246 1561 3297 BP¹
1725 3248 1787 3296 16
1812 3243 2035 3295 maximi
2058 3241 2129 3291 Β1

261 3323 267 3326 “
326 3315 390 3364 19
411 3318 478 3363 ut
504 3315 820 3364 merebatur
845 3316 1060 3367 occisus
1087 3320 1173 3366 est
1197 3333 1291 3367 om.
1318 3316 1384 3366 M
1482 3317 1549 3365 20
1575 3319 1659 3364 est
1682 3323 1802 3379 post
1826 3315 2127 3376 interemp-

182 3386 278 3431 tus
310 3398 403 3434 om.
432 3381 500 3430 M
654 3384 717 3432 21
752 3385 986 3448 maxime
1021 3384 1248 3450 balbine
1283 3385 1335 3434 B
1495 3385 1559 3431 22
1588 3381 1667 3431 dii
1689 3381 1909 3433 B²P²M
2064 3383 2131 3429 23

182 3454 541 3514 praesentem
565 3450 630 3500 M
762 3453 829 3502 25
854 3452 1075 3501 maximi
1097 3452 1150 3502 B
1287 3447 1353 3504 20
1380 3451 1657 3500 demimus
1680 3449 1751 3500 Βι
1876 3449 2133 3499 triumfa-

180 3517 266 3567 les
291 3517 396 3568 BP
532 3521 598 3569 30
623 3519 859 3583 trophea
883 3519 986 3568 BP
