2517 3884
799 187 1189 246 HADRIANVS.
1251 189 1313 246 c.
1343 191 1549 243 8—-10,
2006 210 2019 218 κ
2073 182 2151 245 11

201 355 422 433 quibus
481 353 740 416 debebat
801 356 1152 434 imperium,
1217 355 1596 434 Campaniam
1670 356 1820 434 petit
1890 356 2145 432 eiusque

200 442 402 501 omnia
443 439 662 518 oppida
703 439 1011 500 beneficiis
1053 448 1112 501 et
1149 439 1565 518 largitionibus
1596 439 1935 502 subleuauit
1966 450 2145 520 optu-

199 523 366 586 mum
400 541 702 601 quemque
735 525 1011 586 amicitiis
1042 527 1168 585 suis
1197 527 1471 602 iungens.
1533 525 1757 586 Romae
1793 542 1936 585 uero
1966 535 2213 603 prae-'7

199 617 398 692 torum
430 617 490 668 et
520 609 835 670 consulum
879 610 1074 670 officia
1104 611 1538 686 frequentauit,
1584 611 1882 670 conuiuiis
1922 611 2145 670 amico-

149 707 176 748 5
200 691 336 755 rum
365 694 666 760 interfuit,
701 711 916 771 aegros
955 693 1048 754 bis
1079 712 1148 755 ac
1189 703 1283 754 ter
1330 693 1425 754 die
1469 702 1528 755 et
1556 692 1878 756 nonnullos
1912 695 2146 771 equites

200 779 504 840 Romanos
537 797 606 840 ac
645 777 960 839 libertinos
994 779 1291 847 uisitauit,
1326 778 1563 839 solaciis
1593 779 1845 848 refouit,
1882 777 2146 839 consiliis

201 862 578 931 subleuauit,
624 864 922 924 conuiuiis
954 865 1078 924 suis
1119 881 1359 942 semper
1389 862 1678 924 adhibuit.
1743 864 1943 924 omnia
1974 862 2142 924 deni·
2182 875 2215 925 8

201 964 320 1024 que
349 947 422 1007 ad
446 949 670 1026 priuati
697 946 958 1008 hominis
985 947 1228 1008 modum
1259 949 1421 1008 fecit.
1482 949 1684 1008 socrui
1712 966 1855 1008 suae
1886 947 2148 1008 honores
2182 960 2215 1009 9

174 1031 564 1111 ‘praecipuos
593 1031 868 1111 inpendit
896 1031 1052 1092 ludis
1082 1032 1447 1110 gladiatoriis
1478 1033 1815 1110 ceterisque
1848 1032 2072 1092 officiis,

135 1130 178 1169 10
265 1115 308 1176 ss
329 1116 473 1178 Post
501 1115 650 1176 haec
680 1117 984 1196 profectus
1011 1118 1075 1177 in
1107 1115 1325 1178 Gallias
1356 1135 1565 1178 omnes
1596 1118 1897 1177 causarios
1926 1115 2143 1178 libera·
2169 1118 2251 1183 10

201 1200 466 1262 litatibus
495 1199 850 1262 subleuauit.
908 1201 1048 1262 inde
1089 1203 1150 1261 in
1183 1201 1562 1262 Germaniam
1608 1202 1824 1262 transit
1861 1203 2146 1280 pacisque
2182 1219 2215 1266 2

202 1287 390 1362 magis
421 1302 600 1363 quam
631 1285 772 1346 belli
805 1285 1052 1365 cupidus
1074 1285 1341 1355 militem,
1369 1287 1537 1362 quasi
1560 1284 1782 1346 bellum
1805 1288 2145 1355 inmineret,

205 1371 477 1430 exercuit
504 1370 858 1431 tolerantiae
897 1371 1275 1431 documentis
1315 1389 1451 1431 eum
1492 1368 1778 1440 inbuenS,
1823 1372 1952 1449 ipse
1998 1387 2146 1447 quo·

203 1473 318 1534 que
378 1454 540 1514 inter
591 1455 893 1534 manipula
944 1457 1128 1516 uitam
1180 1454 1501 1516 militarem
1553 1457 1943 1532 magistrans,
1998 1454 2149 1515 cibis

131 1553 180 1594 15
209 1541 384 1600 etiam
425 1539 832 1602 castrensibus
873 1542 934 1600 in
977 1539 1291 1619 propatulo
1334 1539 1591 1600 libenter
1643 1547 1848 1610 utens,
1899 1539 2013 1600 hoc
2056 1546 2149 1601 est

205 1623 394 1684 larido
425 1641 602 1685 caseo
634 1632 694 1684 et
722 1643 920 1704 posca,
956 1625 1232 1703 exemplo
1264 1625 1559 1704 Scipionis
1587 1625 1901 1685 Aemiliani
1933 1633 1991 1685 et
2020 1625 2144 1684 Me·

203 1708 328 1769 teni
371 1715 432 1768 et
479 1711 744 1770 auctoris
785 1712 874 1770 sui
918 1711 1186 1780 Traiani,
1234 1709 1457 1770 multos
1499 1711 1783 1789 praemiis
1826 1708 2147 1770 nonnullos

205 1792 544 1854 honoribus
575 1792 831 1865 donanS,
876 1802 942 1856 ut
983 1795 1144 1855 serre
1173 1801 1423 1874 possent
1462 1813 1531 1855 ea
1562 1811 1714 1872 quae
1747 1796 2020 1874 asperius
2048 1796 2142 1855 iu-

199 1878 410 1946 bebat:
443 1879 494 1938 si
517 1878 756 1957 quidem
781 1881 907 1958 ipse
937 1886 1075 1958 post
1091 1880 1401 1942 Caesarem
1428 1879 1821 1940 Octauianum
1844 1879 2142 1940 labantem
2180 1888 2214 1935 3

131 1978 176 2018 20
200 1963 572 2042 disciplinam
601 1965 832 2024 incuria
862 1966 1238 2042 superiorum
1262 1966 1603 2044 principum
1630 1965 1879 2024 retinuit
1909 1964 2148 2024 ordina-

201 2051 280 2109 tis
311 2055 374 2108 et
402 2049 613 2108 officiis
655 2054 714 2108 et
743 2048 1042 2128 inpendiis
1083 2066 1411 2126 numquam
1452 2067 1661 2127 passus
1693 2047 1953 2125 aliquem
1985 2067 2016 2108 a
2048 2067 2145 2108 ca·

201 2135 344 2194 stris
373 2134 592 2194 iniuste
623 2132 857 2202 abesse,
895 2151 1029 2194 cum
1059 2132 1351 2194 tribunos·
1378 2151 1500 2194 non
1542 2134 1714 2194 fauor
1755 2132 2009 2193 militum
2040 2132 2148 2194 sed

199 2219 428 2279 iustitia
462 2218 922 2288 commendaret,
959 2218 1230 2298 exemplo
1257 2220 1431 2278 etiam
1468 2219 1707 2278 uirtutis
1738 2235 1879 2278 suae
1913 2224 2147 2278 ceteros
2182 2225 2217 2273 4

199 2301 584 2371 adhortatuS,
634 2320 771 2362 cum
803 2304 977 2364 etiam
1007 2305 1218 2368 uicena
1252 2302 1413 2362 milia
1444 2301 1697 2382 pedibus
1726 2308 1990 2362 armatus
2020 2319 2145 2362 am-

129 2401 176 2441 25
199 2386 470 2455 bularet,
503 2385 760 2447 triclinia
793 2387 867 2448 de
898 2390 1110 2448 castris
1137 2394 1200 2448 et
1226 2389 1494 2468 porticus
1538 2394 1598 2448 et
1628 2394 1862 2466 cryptas
1894 2394 1953 2447 et
1986 2388 2144 2465 topia

199 2472 502 2540 dirueret,
549 2479 776 2533 uestem
824 2471 1218 2533 humillimam
1259 2473 1609 2549 frequenter
1652 2471 1979 2550 acciperet,
2014 2473 2145 2532 sine
2182 2479 2215 2528 5

147 2628 152 2632 ,
201 2575 352 2618 auro
383 2555 650 2616 balteum
681 2563 972 2626 sumeret,
1006 2559 1134 2618 sine
1164 2559 1419 2635 gemmis
1448 2556 1627 2618 fibula
1660 2558 2012 2634 stringeret,
2047 2573 2143 2616 ca·
2220 2583 2225 2598 =

201 2640 365 2720 pulo.
400 2641 503 2702 uix
557 2638 822 2701 eburneo
871 2641 1156 2721 spatham,
1183 2641 1517 2710 clauderet,
1562 2657 1775 2718 aegros
1817 2640 2039 2701 milites
2083 2641 2145 2700 in
2182 2647 2216 2696 6

201 2725 481 2805 hospitiis
511 2725 637 2786 suis
667 2725 930 2795 uideret,
974 2725 1169 2788 locum
1203 2723 1411 2787 castris
1452 2732 1721 2804 caperet,
1766 2723 1915 2786 nulli
1958 2726 2143 2784 uitem

131 2822 178 2862 30
205 2812 316 2871 nisi
347 2809 600 2871 robusto
633 2816 690 2869 et
718 2810 914 2872 bonae
937 2811 1127 2872 famae
1151 2811 1320 2872 daret
1342 2829 1455 2872 nec
1483 2809 1793 2872 tribunum
1823 2810 1937 2871 nisi
1966 2807 2144 2887 plena

305 3033 337 3081 3
362 3043 512 3080 rome
538 3029 590 3078 B
728 3031 1066 3094 praetorium
1088 3028 1210 3081 ΒΡ1
1347 3032 1381 3079 4
1415 3029 1665 3080 conuiuis
1690 3030 1739 3078 P
1760 3035 1887 3078 teste
1912 3028 2146 3079 lor-dano

307 3101 340 3148 5
363 3102 462 3146 aut
488 3101 578 3146 ter
599 3095 652 3146 B
788 3099 848 3147 in
869 3099 960 3147 die
984 3097 1061 3148 Β3
1197 3100 1263 3148 10
1296 3097 1565 3147 casuariis
1589 3097 1755 3147 BPV
1782 3097 2051 3146 causariis
2086 3096 2148 3146 M

205 3181 296 3215 em.
311 3166 503 3230 Eynat.
532 3179 630 3214 eas
653 3166 825 3215 uariis
851 3167 1187 3217 Mommsenus
1326 3167 1385 3214 11
1424 3164 1649 3214 transiit
1672 3162 1819 3213 B²P³
1959 3167 2021 3214 13
2046 3163 2150 3214 tol—

204 3232 478 3283 lerantiae
505 3231 558 3280 B
697 3249 820 3283 eum
853 3250 946 3286 om.
970 3234 1022 3284 B
1047 3235 1174 3284 add.
1196 3232 1273 3284 B²
1307 3248 1405 3282 eos
1429 3231 1570 3283 P³M
1703 3234 1765 3282 15
1801 3231 2151 3282 cati-ensibus

207 3299 274 3350 Ρι
414 3301 480 3349 16
518 3300 696 3362 larido
720 3301 772 3350 B
912 3304 976 3352 10
1001 3302 1282 3351 Octauium
1310 3298 1496 3351 P²VM
1619 3299 1900 3350 labentem
1934 3299 1988 3348 V
1992 3298 2013 3330 ²

207 3370 270 3416 21
298 3367 586 3430 aelsastris
611 3371 660 3417 P
792 3371 858 3418 24
890 3369 1218 3420 adhortatos
1243 3366 1315 3419 B¹
1456 3370 1520 3418 27
1554 3365 1753 3417 fibulas
1780 3368 1840 3416 M
1985 3366 2148 3414 strin-

211 3439 434 3498 geretur
481 3435 667 3534 {PV
821 3440 888 3487 29
937 3437 1204 3502 hospiciis
1245 3436 1356 3486 BP
1524 3433 1681 3500 nulli]
1739 3434 1795 3484 al
1838 3438 2020 3483 utrem
2064 3446 2149 3481 su-

209 3518 409 3565 perscr.
439 3504 490 3553 P
