2517 3884
368 132 455 198 32
679 180 685 185 -
1061 139 1231 196 AELll
1277 139 1627 197 SPARTIANI

375 305 485 366 luit
516 313 578 366 ut
608 307 744 366 fasti
780 305 1127 367 consulares
1158 305 1429 368 nonnulli
1461 306 1532 366 ab
1567 305 1659 368 his
1691 315 1998 368 sumerent
2029 307 2314 368 ordinem

295 471 341 536 6
374 391 777 537 consll'ldglelius
807 477 1123 556 adoptione
1165 476 1456 537 infinitam
1498 479 1810 556 pecuniam
1841 477 2067 556 populo
2100 486 2158 538 et
2189 480 2304 538 mi·

301 573 335 619 2
370 561 578 622 litibus
592 560 927 622 Hadrianus
958 562 1139 622 dedit.
1186 561 1293 622 sed
1325 579 1460 622 cum
1491 580 1630 623 eum
1660 563 1896 641 uideret
1917 562 2097 625 homo
2122 564 2307 642 paulo

372 649 641 726 argutior
682 647 1055 708 miserrimae
1098 645 1483 716 ualetudiniS,
1547 649 1630 709 ita
1669 655 1734 708 ut
1775 655 2010 710 scutum
2052 647 2304 710 solidius
2361 665 2390 706 5
2496 725 2497 732 ἵ

202 743 336 850 xsss
372 735 593 793 iactare
623 750 743 793 non
774 738 994 811 posset,
1044 731 1264 792 dixisse
1305 733 1532 793 fertur:
1596 733 1762 802 „Ter
1804 733 2000 794 milies
2044 733 2312 813 perdidi-

372 836 537 886 muS,
584 816 742 896 quod
784 818 1076 883 exercitui
1128 815 1473 896 populoque
1505 817 1928 896 dependimus;
1979 819 2030 879 si
2063 818 2311 895 quidem

372 904 517 963 satis
546 903 610 961 in
642 901 930 963 caducum
962 904 1254 981 parietem
1285 901 1687 964 incumbimus
1719 911 1780 964 et
1821 905 1924 980 qui
1963 921 2084 963 non
2115 905 2312 982 ipsam

300 997 337 1045 4
372 1005 501 1048 rem
531 986 865 1065 publicam,
920 987 1025 1048 sed
1068 1005 1178 1048 nos
1216 989 1382 1066 ipsos
1425 994 1764 1048 sustentare
1804 991 1907 1050 uix
1949 990 2205 1068 possit.“
2252 998 2314 1050 et

373 1071 519 1132 haec
576 1071 815 1149 quidem
846 1071 1182 1132 Hadrianus
1232 1091 1370 1133 cum
1417 1073 1722 1151 praefecto
1765 1092 1875 1134 suo
1917 1072 2152 1136 locutus
2195 1080 2305 1134 est.
2339 1090 2394 1129 ιο

301 1166 337 1214 5
374 1174 527 1234 quae
540 1175 691 1224 *cum
724 1156 1086 1236 prodidisset
1114 1158 1474 1236 praefectus,
1509 1177 1580 1218 ac
1607 1177 1716 1236 per
1747 1157 1862 1219 hoc
1874 1158 2076 1219 Helius
2092 1159 2312 1220 Caesar

372 1244 433 1302 in
466 1241 595 1303 dies
624 1244 812 1320 magis
842 1243 1149 1321 magisque
1182 1241 1596 1318 sollicitudine,
1632 1250 1838 1322 utpote
1869 1242 2171 1322 desperati
2199 1242 2310 1303 ho-

374 1328 582 1395 minis,
628 1327 1085 1404 adgrauaretur‚
1128 1323 1591 1406 praefecto'suo
1630 1327 1994 1398 Hadrianus,
2044 1330 2310 1405 quirem

374 1412 742 1491 prodiderat,
778 1429 1192 1473 successorem
1234 1411 1398 1473 dedit
1427 1412 1638 1485 uolens
1672 1413 1892 1482 uideri,
1929 1413 2091 1493 quod
2123 1413 2308 1474 uerba

302 1504 337 1552 6
374 1497 565 1556 tristia
599 1503 1014 1575 temperasset.
1092 1496 1197 1556 sed
1227 1496 1375 1557 nihil
1408 1499 1653 1576 profuit.
1729 1517 1896 1567 nam,
1933 1505 1998 1558 ut
2028 1498 2304 1572 diximuS,
2336 1512 2388 1552 1⁵
2496 1553 2497 1564 ,

374 1581 593 1642 Lucius
635 1581 911 1642 Ceionius
955 1580 1314 1643 Commodus
1359 1581 1547 1660 Vertis
1607 1582 1810 1643 Helius
1865 1583 2080 1644 Caesar
2143 1577 2310 1664 (nam

371 1667 466 1726 his
498 1665 778 1727 omnibus
808 1664 1151 1727 nominibus
1194 1666 1528 1745 appellatus
1567 1664 1678 1746 est)
1713 1669 1876 1748 perit
1917 1667 2310 1747 sepultusque

373 1758 463 1812 est
492 1753 876 1829 imperatorio
904 1753 1138 1820 funere,
1158 1768 1377 1828 -neque
1409 1754 1722 1830 quicquam
1753 1752 1826 1813 de
1856 1755 2022 1830 regia
2055 1754 2116 1813 ni
2145 1771 2310 1813 mor·
2348 1815 2369 1827 ,

303 1843 335 1892 7
371 1837 453 1896 tis
482 1835 691 1897 habuit
721 1836 1088 1915 dignitatem.
1149 1835 1338 1896 doluit
1369 1855 1513 1916 ergo
1543 1837 1700 1899 illius
1730 1846 1988 1898 mortem
2017 1845 2083 1898 ut
2111 1837 2306 1898 honus

376 1929 579 2000 pater,
629 1940 749 1982 non
792 1929 856 1982 ut
897 1917 1091 1982 bonus
1136 1923 1437 2001 princeps
1513 1941 1650 1983 nam
1695 1942 1828 1998 cum
1862 1925 2039 1984 amici
2071 1913 2309 1984 solliciti
2333 1937 2386 1976 20

374 2013 747 2083 quaererent,
782 2008 887 2084 qui
917 2006 1187 2085 adoptari
1214 2014 1451 2086 posset,
1485 2007 1818 2070 Hadrianus
1861 2008 2082 2068 dixisse
2113 2008 2308 2068 fertur

130 2127 219 2180 *N
301 2098 335 2147 8
371 2095 421 2151 is
452 2091 682 2161 „Etiam
717 2093 960 2154 uiuente
992 2091 1182 2153 adhuc
1197 2092 1352 2153 Vero
1377 2092 1825 2154 decreueram“.
1861 2111 1934 2153 ex
1960 2111 2078 2172 quo
2101 2100 2308 2152 osten-

302 2185 335 2233 9
374 2177 459 2236 dit
501 2184 602 2238 aut
642 2177 928 2238 iudicium
986 2195 1158 2238 suum
1210 2184 1315 2239 aut
1368 2179 1676 2240 scientiam
1734 2179 2090 2239 futurorum.
2170 2186 2310 2256 post

372 2260 529 2320 hunc
560 2261 817 2338 denique
846 2259 1183 2324 Hadrianus
1212 2263 1314 2322 diu
1343 2281 1564 2341 anceps
1595 2262 1735 2339 quid
1767 2264 2020 2330 faceret,
2053 2263 2304 2322 Antoni·
2451 2326 2454 2335 ,

372 2362 515 2404 num
545 2345 851 2423 adoptauit
869 2345 1037 2405 Pium
1070 2348 1425 2422 cognomine
1455 2345 1834 2424 appellatum.
1883 2347 1981 2404 cui
2013 2345 2302 2405 conditio·
2332 2363 2388 2403 25

210 2492 237 2515 ᾳ
372 2446 509 2488 nem
541 2429 783 2498 addidit,
814 2437 883 2490 ut
912 2431 1039 2509 ipse
1070 2429 1184 2489 sibi
1214 2431 1476 2490 Marcum
1503 2437 1562 2489 et
1595 2431 1810 2490 Verum
1831 2429 2168 2488 Antoninus
2199 2428 2304 2488 ad-

272 2520 335 2570 10
372 2521 604 2592 optaret
636 2513 931 2592 filiamque
964 2532 1133 2574 suam
1165 2513 1346 2584 Vero,
1395 2532 1515 2574 non
1547 2514 1744 2574 Marco
1775 2512 1960 2572 daret.
2023 2530 2135 2572 nec
2165 2511 2302 2574 diu·

374 2600 489 2658 tius
517 2599 668 2658 uixit
696 2605 975 2678 grauatus
1005 2597 1291 2676 languore
1323 2617 1391 2658 ac
1421 2597 1665 2659 diuerso
1695 2615 1918 2676 genere
1949 2596 2304 2658 morborum

204 2665 283 2734 ⁸3?
371 2701 549 2762 saepe
580 2683 804 2752 dicens,
838 2701 1048 2744 sanum
1072 2685 1414 2762 principem
1441 2685 1594 2744 mori
1624 2682 1846 2744 debere
1877 2700 1997 2743 non
2019 2681 2300 2744 debilem.

298 2763 336 2826 7
500 2768 733 2830 Statuas
780 2785 921 2829 sane
952 2768 1121 2829 Helio
1162 2770 1319 2829 Vero
1361 2787 1471 2847 per
1512 2776 1704 2829 totum
1765 2767 1975 2829 orbem
2037 2767 2302 2828 colossas
2331 2785 2386 2826 30

273 2863 333 2928 Δ2
370 2856 513 2933 poni
535 2855 731 2924 iussit,
765 2853 986 2933 templa
1018 2855 1193 2915 etiam
1226 2853 1615 2936 in‚nonnullis
1658 2853 1908 2915 urbibus
1937 2853 2085 2914 fieri.
2135 2852 2302 2912 deni-

473 3075 503 3123 6
547 3078 746 3138 quater
776 3072 851 3123 Β2
1008 3077 1041 3127 8
1087 3075 1423 3125 incuibimus
1470 3073 1621 3124 ΒΊΡι
1670 3072 2056 3124 inclinauimus
2104 3069 2176 3120 B3
2220 3071 2306 3122 in·

521 3151 551 3178 u

371 3189 667 3255 cullbimus
690 3192 763 3244 P²
786 3193 1151 3245 incumbimus
1174 3196 1369 3259 scr-ipsi
1469 3196 1532 3244 10
1557 3193 1819 3242 adrianus
1842 3190 1893 3240 B
2011 3193 2073 3241 12
2100 3189 2307 3240 sollici-

369 3259 612 3310 titudine
638 3259 688 3310 B
828 3261 1099 3326 disparati
1122 3262 1175 3312 B
1291 3264 1356 3312 13
1379 3261 1634 3312 hadriani
1650 3258 1792 3310 B¹P¹
1818 3259 2105 3309 hadrianis
2129 3257 2204 3308 B³
2228 3258 2306 3308 al.

371 3327 673 3378 hadrianus
698 3326 775 3378 Ρ3
913 3333 975 3380 19
1004 3330 1280 3395 dignitate
1307 3329 1358 3378 B
1495 3331 1560 3378 22
1597 3329 1645 3378 is
1668 3331 1721 3378 in
1745 3328 1797 3378 B
1821 3331 1972 3380 delet.
2003 3327 2205 3377 fertur:
2242 3327 2306 3376 id

371 3395 413 3446 S
547 3399 614 3446 24
650 3396 768 3461 quit
801 3395 941 3447 P¹B¹
1081 3399 1147 3448 26
1180 3399 1360 3449 Verus
1384 3397 1720 3448 Antoninum
1745 3397 1805 3448 M
1838 3397 2149 3448 Antoninos
2173 3395 2302 3460 Rey.

370 3465 499 3527 fort.
526 3464 841 3516 Antoninus
866 3481 894 3515 e
918 3481 1077 3532 marg.
1105 3470 1157 3516 in
1183 3473 1312 3520 text.
1339 3467 1557 3530 inrepsit
