2517 3884
773 160 1075 235 GALLlENl
1119 178 1267 235 ovo,
1343 132 1413 233 e.
1461 182 1695 235 10-12,
2114 140 2201 243 83ἱ

245 346 400 407 cuit.
461 344 568 407 sed
602 343 807 405 aliud
789 364 852 405 m
883 346 1246 425 imperatore
1292 347 1627 425 quaeritur,
1674 344 1831 407 aliud
1860 349 1923 409 in
1956 356 2194 411 oratore

246 430 360 491 uel
390 438 565 509 poeta
597 429 913 508 flagitatur.

385 515 687 577 Laudatur
736 534 878 577 sane
933 518 1062 576 eius
1104 517 1393 595 optimum
1437 517 1678 578 factum.
1739 536 1878 578 nam
1920 518 2189 581 consulta
2216 516 2294 580 12

239 600 550 661 Valeriani
595 602 798 661 fratris
839 603 934 662 sui
975 608 1033 663 et
1074 600 1288 662 Lucilli
1328 603 1681 682 propinqui,
1735 602 1841 663 ubi
1880 606 2191 683 comperit,

173 698 212 739 5
243 685 331 747 ab
367 685 636 747 Odenato
676 685 896 747 Persas
937 692 1228 757 uastatos,
1278 684 1580 749 redactam
1622 686 1855 748 Nisibin
1886 695 1946 749 et
1977 688 2192 751 Carras

239 772 314 833 in
347 777 704 851 potestatem
732 771 1076 843 Romanam,
1111 790 1351 833 omnem
1382 773 1871 852 Mesopotamiam
1902 781 2189 845 nostram,

243 857 510 936 denique
569 857 957 918 Ctesifontem
1027 872 1160 918 esse
1225 864 1615 937 peruentum,
1678 858 1901 937 fugisse
1962 876 2187 937 regem,

241 950 460 1021 captos
501 950 795 1021 satrapaS,
854 940 1148 1021 plurimos
1175 944 1501 1005 Persarum
1543 944 1799 1013 occisos,
1856 943 2191 1005 Odenatum

239 1029 606 1107 participato
649 1028 903 1107 imperio
940 1028 1273 1105 Augustum
1316 1029 1552 1089 uocauit
1590 1029 1837 1105 eiusque
1866 1036 2186 1099 monetam,

141 1125 208 1165 10
241 1131 370 1193 qua
401 1112 613 1174 Persas
644 1120 848 1192 captos
890 1112 1189 1182 traheret,
1237 1113 1374 1174 cudi
1411 1114 1604 1175 iussit.
1668 1112 1920 1189 quod,et
1949 1121 2191 1175 senatus

242 1206 308 1261 et
341 1197 488 1259 urbs
521 1204 580 1258 et
609 1200 804 1259 omnis
835 1204 996 1259 aetas
1024 1205 1332 1278 gratanter
1375 1200 1622 1277 accepit.
1699 1198 1835 1259 Fuit
1880 1206 2188 1277 praeterea
2224 1210 2257 1259 2

237 1284 409 1345 idem
437 1284 972 1361 ingeniosissimuS,
1008 1285 1178 1345 cuius
1211 1284 1582 1344 ostendentia
1617 1300 1885 1352 acumen,
1923 1286 1985 1343 in
2015 1287 2188 1362 nugis

239 1368 508 1439 scilicet,
554 1386 742 1448 pauca
770 1365 918 1429 libet
951 1386 1207 1447 ponere:
1275 1386 1410 1430 nam
1454 1386 1586 1429 cum
1620 1376 1855 1429 taurum
1884 1369 2185 1446 ingentem
2224 1381 2257 1429 3

237 1456 307 1515 in
341 1452 628 1517 harenam
657 1453 944 1525 misisset,
991 1455 1331 1533 exissetque
1362 1454 1433 1513 ad
1467 1471 1601 1514 eum
1632 1452 1969 1514 feriendum
2006 1472 2185 1515 uena—

139 1551 206 1593 15
236 1546 346 1601 tor
373 1557 568 1619 neque
598 1538 956 1617 productum
986 1538 1184 1600 decies
1213 1540 1509 1618 potuisset
1550 1538 1856 1608 occidere,
1904 1556 2185 1600 coronam

238 1626 523 1686 uenatori
562 1625 749 1693 misit,
799 1623 1329 1701 ‘mussantibusque
1372 1624 1632 1693 cunctis,
1690 1621 1831 1701 quid
1874 1622 1965 1684 rei
2008 1632 2183 1693 esset,
2222 1634 2257 1683 4

238 1708 404 1789 quod
446 1708 628 1771 homo
669 1708 1078 1787 ineptissimus
1123 1717 1541 1779 coronaretur,
1584 1707 1686 1768 ille
1726 1726 1837 1789 per
1880 1710 2183 1769 curionem

238 1796 364 1861 dici
391 1795 594 1855 iussit:
629 1794 938 1863 „Taurum
969 1795 1187 1855 totiens
1217 1812 1338 1855 non
1352 1796 1537 1854 ferire
1554 1792 1793 1853 difficile
1820 1801 1969 1854 est“.
2006 1794 2181 1864 idem,
2222 1804 2255 1854 5

238 1898 381 1941 cum
425 1878 666 1957 quidam
708 1896 973 1957 gemmas
1012 1880 1237 1939 uitreas
1278 1898 1389 1958 pro
1432 1880 1595 1940 ueris
1642 1878 2012 1939 uendidisse-t
2058 1880 2185 1939 eius

141 1982 206 2023 20
239 1966 440 2033 uxori,
488 1971 664 2041 atque
693 1963 794 2024 illa
825 1982 892 2025 re
922 1964 1152 2043 prodita
1185 1964 1479 2025 uindicari
1505 1962 1707 2033 uellet,
1752 1962 1985 2041 subripi
2015 1965 2187 2040 quasi

236 2050 318 2111 ad
357 2048 594 2111 leonem
639 2048 1012 2111 uenditorem
1063 2050 1271 2118 iussit,
1321 2048 1536 2109 deinde
1583 2066 1615 2107 e
1658 2066 1841 2108 cauea
1897 2065 2185 2127 caponem

238 2136 464 2204 emitti,
516 2133 988 2212 mirantibusque
1021 2136 1252 2195 cunctis
1282 2152 1413 2194 rem
1441 2141 1563 2195 tam
1592 2132 1905 2193 ridiculam
1939 2150 2048 2212 per
2080 2150 2183 2193 cu-

232 2222 475 2282 rionem
535 2219 648 2280 dici
709 2220 908 2280 iussit:
973 2219 1411 2299 „Inposturam
1462 2219 1604 2279 fecit
1663 2227 1723 2277 et
1761 2233 1975 2297 passus
2018 2223 2179 2279 est“.

235 2304 460 2367 deinde
491 2305 923 2382 negotiatorem
954 2304 1193 2365 dimisit.

141 2407 206 2449 25
371 2390 674 2468 Occupato
715 2396 917 2451 tamen
961 2388 1229 2450 Odenato
1274 2386 1431 2449 bello
1461 2388 1737 2458 Persico,
1782 2386 2053 2449 Gallieno
2082 2406 2180 2448 re·
2220 2404 2253 2451 6

234 2474 356 2536 bus
392 2475 811 2555 ineptissimis,
854 2482 922 2536 ut
966 2473 1222 2544 solebat,
1268 2473 1586 2535 incubante
1629 2472 1881 2555 Scythae
1928 2472 2181 2535 nauibus
2218 2522 2223 2526 .

229 2562 410 2622 factis
447 2557 798 2621 Heracleam
836 2566 1248 2640 peruenerunt
1292 2564 1465 2637 atque
1497 2559 1635 2621 inde
1682 2576 1819 2620 cum
1864 2557 2087 2637 praeda
2116 2561 2180 2618 in

235 2644 432 2707 solum
491 2646 802 2726 proprium
858 2651 1277 2715 reuerterunt,
1340 2646 1613 2724 quamuis
1651 2644 1825 2706 multi
1868 2644 2177 2721 naufragio

231 2732 551 2813 perierint.
591 2728 816 2811 [nauali
848 2729 1005 2791 bello
1038 2731 1303 2810 superati
1334 2728 1505 2810 sint]

374 2901 408 2951 ὅ
432 2903 692 2949 uastatus
715 2896 793 2947 B¹
959 2898 1165 2949 nitibin
1186 2896 1341 2949 B1P1
1492 2897 1717 2948 charras
1741 2895 1793 2945 B
1952 2896 1983 2946 ⁷
2010 2894 2179 2945 sifon-

234 2972 350 3018 tem
373 2965 504 3018 ΒΡ1
531 2966 855 3017 tesifontem
879 2964 958 3015 P³
985 2966 1095 3030 (M)
1160 3023 1165 3026 ,
1259 2969 1323 3017 10
1350 2963 1496 3031 cudi]
1528 2965 1684 3015 cuius
1708 2960 1835 3013 BP¹
1864 2970 1919 3013 ut
1940 2964 2047 3016 uid.

237 3037 300 3085 11
329 3036 543 3086 acuerit
566 3032 718 3085 ΒῬ1
746 3035 1030 3099 acceperit
1054 3033 1138 3084 B²
1263 3035 1325 3085 12
1353 3034 1707 3085 ostendentia
1734 3032 1939 3083 cumin
1963 3031 2051 3081 his
2078 3031 2183 3081 sei-

231 3102 373 3154 licet
398 3103 568 3154 BPM
587 3102 944 3153 ostendentia.
969 3118 1202 3153 acumen
1224 3104 1362 3167 Eyn.
1400 3102 1755 3153 ostendentia
1781 3100 2053 3150 acuminis
2079 3099 2181 3149 sci-

231 3172 373 3223 licet
399 3171 441 3222 S
463 3171 820 3222 ostendentia
845 3186 1077 3221 acumen
1100 3172 1159 3221 in
1184 3172 1348 3237 nugis
1374 3170 1592 3221 scilicet
1614 3170 1806 3234 scripsi
1966 3170 2031 3217 14
2053 3168 2181 3217 mis-

231 3241 406 3291 sisset
430 3240 483 3289 B
574 3244 770 3290 uector
794 3238 896 3289 BP
919 3239 1207 3291 confector
1227 3240 1270 3289 Ο
1360 3240 1423 3289 15
1448 3236 1952 3304 perductumBPM
1969 3252 2059 3286 em.
2076 3236 2117 3285 C

229 3308 756 3371 mussanctibusque
781 3307 832 3357 B
878 3307 1321 3358 mussacnctibus
1344 3305 1423 3356 P¹
1588 3308 1649 3357 19
1674 3320 1838 3356 ueras
1862 3320 1963 3370 pro
1985 3304 2183 3353 uitreis

228 3376 407 3426 BPM
555 3375 846 3427 uendisset
868 3376 973 3425 BP
1129 3378 1194 3425 22
1221 3375 1427 3425 emittit
1452 3374 1521 3425 M
1648 3375 1714 3424 26
1740 3368 2093 3424 incumbente
2121 3370 2189 3420 M

332 3446 405 3494 27
429 3443 730 3493 hei-adeam
753 3443 804 3493 B
937 3446 1008 3495 29
1039 3444 1228 3495 nauali
1251 3442 1399 3494 bello
1427 3443 1674 3509 superati
1702 3443 1814 3493 sint
1839 3442 1980 3491 uncis
2002 3440 2185 3489 inclusi

231 3512 304 3577 cf.
332 3527 510 3563 exerc.
539 3514 654 3565 crit.
677 3529 732 3579 p.
761 3514 824 3561 19
963 3513 1077 3563 sint
1100 3528 1193 3563 om.
1221 3512 1289 3563 M

1672 3592 1711 3657 6
1736 3594 1771 3633 *
