2517 3884
364 156 451 221 34
1060 154 1190 211 lVLl
1233 152 1604 209 CAPITOLINI

370 336 529 397 runt,
563 327 853 403 imagines
884 324 1327 403 perfregerunt,
1361 338 1582 382 nomen
1613 320 1933 399 publicitus
1965 326 2300 380 eraserunt.

301 427 336 476 4
371 416 566 494 ipsum
626 413 803 471 etiam
849 408 1212 470 Gordianum
1244 408 1585 469 Africanum
1626 403 2122 485 appellauerunt.
2201 405 2304 465 ad-

374 500 522 560 dunt
553 496 824 577 quidam,
886 494 1149 555 Africani
1211 498 1675 571 cognomentum
1718 488 2018 551 Gordiano
2078 490 2306 551 idcirco

370 583 643 651 inditum,
677 599 799 641 non
822 578 982 659 quod
1011 579 1073 638 in
1096 578 1294 639 Africa
1325 580 1624 657 imperare
1656 578 1970 655 coepisset,
2003 575 2113 637 sed
2145 575 2308 653 quod

299 684 333 750 s
368 669 442 729 de
502 668 845 745 Scipionum
906 663 1126 725 familia
1188 665 1482 741 originem
1543 661 1827 721 traheret.
1904 662 1969 721 in
2021 660 2310 745 plurimis
2361 671 2394 713 ⁵

368 750 769 826 autemlibris
797 750 1073 818 inuenio,
1140 755 1200 809 et
1229 748 1388 809 hunc
1421 747 1788 809 Gordianum
1848 753 1912 807 ct
1953 745 2141 807 filium
2179 747 2310 806 eius

368 839 593 919 pariter
622 835 1016 915 imperatores
1046 832 1373 913 appellatos
1405 840 1464 893 et
1479 834 1809 893 Antoninos
1833 833 2306 910 cognominatos,

212 984 219 991 ,
302 937 333 985 6
368 927 433 984 in
493 921 622 983 aliis
682 939 829 981 uero
860 920 1165 982 Antonios.
1229 919 1373 980 Post
1429 916 1545 978 hoc
1576 916 1996 995 Carthaginem
2059 924 2312 979 uentum

370 1026 506 1070 cum
539 1024 753 1087 pompa
786 1004 973 1083 regali
1005 1013 1064 1065 et
1106 1003 1370 1065 fascibus
1398 1002 1710 1071 laureatis,
1773 1002 2042 1080 filiusque
2073 1001 2311 1081 legatus

369 1094 586 1172 patriS,
634 1089 911 1170 exemplo
943 1090 1323 1169 Scipionum,
1390 1094 1453 1149 ut
1485 1088 1790 1168 Dexippus
1823 1087 2086 1148 Graecae
2115 1086 2310 1149 histo·
2337 1101 2395 1141 ιο

369 1180 498 1239 riae
526 1180 785 1252 scriptor
814 1176 1023 1237 auctor
1068 1182 1187 1243 est,
1250 1174 1384 1253 pari
1437 1180 1731 1253 potestate
1792 1174 2135 1234 succinctus
2196 1180 2307 1233 est.

245 1258 250 1261 ’
303 1281 333 1329 7
372 1264 553 1325 missa
584 1262 869 1341 deinceps
897 1260 1118 1339 legatio
1150 1260 1403 1321 Romam
1435 1265 1527 1319 est
1559 1276 1692 1319 cum
1725 1257 1940 1319 litteris
1971 1257 2309 1319 Gordiano·

368 1366 503 1409 rum
534 1347 700 1416 haec,
736 1362 887 1423 quae
918 1351 1085 1424 gesta
1116 1346 1356 1405 fuerant
1377 1344 1678 1415 inAfrica,
1704 1343 1988 1412 indicam,
2023 1361 2176 1423 quae
2201 1361 2313 1423 per

374 1433 789 1500 Valerianum,
835 1431 1167 1509 principem
1210 1435 1480 1496 senatus,
1546 1429 1643 1506 qui
1704 1435 1910 1507 postea
1966 1430 2312 1508 imperauit,

303 1536 337 1585 8
372 1523 679 1595 gratanter
708 1520 948 1593 accepta
994 1520 1103 1575 est.
1176 1516 1395 1575 missae
1433 1519 1574 1575 sunt
1615 1520 1676 1574 et
1717 1513 1788 1574 ad
1821 1515 2044 1575 amicos
2075 1513 2313 1575 nobiles
2339 1529 2394 1570 15

372 1603 636 1670 litterae,
672 1606 738 1659 ut
765 1598 1045 1659 homines
1094 1606 1372 1677 potentes
1413 1605 1474 1659 et
1515 1617 1646 1659 rem
1687 1599 2014 1679 probarent
2056 1606 2118 1659 et
2161 1601 2311 1660 ami—

374 1688 569 1749 ciores
600 1684 812 1745 fierent
844 1702 915 1744 ex
946 1684 1171 1745 amicis,

274 1777 359 1843 10
505 1770 625 1832 Sed
666 1777 829 1831 tanta
870 1768 1268 1847 gratulatione
1309 1770 1498 1831 factos
1542 1776 1748 1849 contra
1778 1768 2168 1831 Maximinum
2199 1770 2312 1828 im-

379 1863 689 1937 peratores
720 1862 964 1915 senatus
995 1855 1249 1932 accepit,
1299 1862 1363 1914 ut
1401 1873 1525 1915 non
1565 1854 1758 1915 solum
1789 1861 1956 1932 gesta
1987 1852 2135 1913 haec
2167 1871 2312 1933 pro-

380 1942 603 2003 barent·
635 1940 946 2001 sedetiam
978 1941 1187 2017 uiginti
1230 1941 1394 2005 uiros
1427 1938 1746 2017 eligerent,
1809 1941 1967 1999 inter
2000 1956 2151 2017 quos
2185 1946 2315 1999 erat
2339 1956 2392 1996 20

378 2027 670 2089 Maximus
700 2026 827 2087 siue
858 2017 1202 2105 Puppieri'us
1247 2031 1306 2085 et
1340 2022 1578 2086 Clodius
1609 2024 1910 2085 Balbinus,
1989 2026 2091 2105 qui
2133 2023 2316 2085 ambo

379 2115 775 2192 imperatores
832 2116 972 2171 sunt
1030 2112 1245 2179 creati,
1309 2117 1692 2190 posteaquam
1741 2108 2025 2171 Gordiani
2074 2108 2198 2170 duo
2249 2111 2317 2169 in

312 2218 343 2267 2
378 2198 576 2260 Africa
606 2197 952 2275 interempti
995 2203 1150 2255 sunt.
1227 2194 1360 2255 illos
1391 2214 1534 2255 sane
1566 2196 1777 2273 uiginti
1821 2201 2062 2255 senatus
2094 2194 2166 2256 ad
2201 2192 2320 2255 hoc

382 2288 711 2351 creauerat,
744 2288 808 2340 ut
836 2276 1139 2341 'diuideret
1176 2278 1273 2341 his
1303 2278 1534 2341 Italicas
1565 2281 1845 2359 regiones
1887 2287 2094 2341 eontra
2123 2280 2313 2341 Maxi-

306 2389 337 2436 3
377 2368 601 2427 minum
648 2384 758 2445 pro
790 2364 1107 2425 Gordianis
1151 2365 1424 2425 tuendas
1503 2372 1646 2426 tunc
1685 2363 2016 2443 legationes
2058 2382 2091 2425 a
2121 2364 2313 2426 Maxi·
2341 2372 2395 2412 2⁵

375 2452 539 2512 mino
569 2449 819 2511 Romam
863 2455 1164 2510 uenerunt
1205 2447 1590 2510 abolitionem
1630 2452 2092 2529 praeteritorum
2125 2468 2312 2529 spon-

306 2557 341 2605 4
375 2536 603 2597 dentes·
680 2533 785 2595 sed
816 2534 964 2594 uicit
994 2532 1434 2595 Gordianorum
1467 2532 1702 2613 legatio,
1737 2553 1891 2615 quae
1919 2534 2078 2595 bona
2110 2536 2316 2595 omnia

374 2619 800 2701 pollicebatur,
834 2619 915 2680 ita
946 2626 1013 2680 ut
1044 2618 1237 2679 eidem
1270 2619 1624 2681 crederetur
1665 2628 1724 2681 et
1763 2622 1976 2699 ingens
2018 2618 2316 2681 militibus

376 2705 737 2786 stipendium
783 2710 843 2765 et
880 2702 1105 2784 populo
1148 2720 1326 2781 agros
1368 2712 1546 2783 atque
1577 2706 1881 2783 congiaria
1909 2706 2314 2784 promittenti.

300 2813 335 2861 5
370 2808 565 2870 usque
596 2790 743 2853 adeo
786 2797 983 2851 autem
1028 2790 1219 2868 magis
1251 2788 1567 2851 Gordianis
1619 2807 1795 2868 quam
1827 2791 2164 2851 Maximinis
2220 2798 2318 2851 est
2342 2800 2394 2841 ³0

372 2877 683 2946 creditum,
714 2882 782 2942 ut
810 2873 1133 2937 Vitalianus
1165 2874 1426 2953 quidam,
1462 2878 1564 2955 qui
1593 2876 1990 2955 praetorianis
2019 2874 2316 2937 militibus

461 3148 471 3159 ο
502 3076 965 3160 affricanum-31
1085 3082 1450 3145 cognomento
1476 3076 1604 3128 BP¹
1720 3078 1752 3129 8
1778 3078 1878 3128 alii
1901 3076 2068 3158 BPM
2096 3077 2155 3127 in
2181 3076 2318 3159 aliis

364 3162 650 3268 afflata.
678 3146 1770 3281 &ttssfffltsszssi'zssfflngdassfflt
1887 3145 2318 3265 εἷιῖῗειῖἒιίῒῗῗ

504 3282 567 3333 13
592 3285 753 3348 gesto
778 3280 853 3333 Ρ1
991 3284 1055 3333 21
1081 3284 1410 3334 maximinus
1433 3280 1564 3332 BP¹
1590 3280 1667 3346 (uc
1687 3281 1816 3346 uid.)
1956 3281 2316 3347 puppeienus

365 3348 472 3400 BP
490 3356 525 3398 t.
551 3350 700 3401 Iord.
855 3349 1075 3402 albinus
1098 3351 1149 3401 B
1309 3353 1378 3402 23
1402 3350 1635 3401 africam
1658 3348 1730 3400 B¹
1758 3350 1831 3413 (P
1851 3358 1887 3405 e.
1914 3350 1947 3399 Ι
1949 3348 2087 3411 ord.)
2241 3350 2315 3400 25

364 3416 600 3468 maximo
624 3415 697 3489 β’
857 3420 923 3469 29
950 3422 1008 3469 et
1031 3436 1125 3471 om.
1151 3420 1219 3469 M
1351 3417 1711 3483 promittendi
1734 3418 1895 3469 BPM
1919 3434 2007 3471 em.
2034 3416 2078 3467 S
2241 3418 2316 3469 30

362 3500 693 3553 quamquam
715 3485 819 3539 BP
836 3492 881 3538 t.
903 3486 1052 3540 Iord.
1234 3506 1240 3511 ·
