2517 3884
342 176 495 234 ΑΕΗ
538 176 889 234 SPARTIANI
930 175 1332 240 PESCENNIVS
1375 176 1593 236 NIGER.
1680 177 1740 234 C.
1787 181 1957 236 1—3.
2026 173 2152 240 145

216 352 307 405 tus
338 343 621 412 occisum,
671 343 949 405 Albinum
982 343 1157 406 etiam
1214 342 1277 404 in
1309 343 1495 406 Gallia
1548 345 1873 424 sumpsisse
1924 364 2144 410 nomen

217 427 403 510 [eius]
437 428 945 511 imperatorisnab
978 427 1336 488 exercitibus
1365 429 1642 508 Syriacis,
1691 448 1840 506 quos
1869 431 2140 508 regebat,

214 513 545 594 appellatus
578 522 669 574 est
698 515 1046 593 imperator,
1080 520 1144 573 ut
1175 511 1412 591 quidam
1445 513 1676 584 dicunt,
1720 517 1910 592 magis
1950 517 2015 578 in
2042 516 2140 577 Iu-

214 600 351 660 liani
382 599 585 659 odium
612 595 795 676 'quam
823 599 885 656 in
917 597 1375 660 aemulationem
1398 597 1624 660 Seueri.
1699 598 1835 660 huic
1867 599 1944 660 ob
1977 599 2141 662 dete·
2177 613 2212 664 2

160 701 189 742 5
216 684 531 746 stationem
561 683 770 744 Iuliani
800 683 1007 762 primis
1035 682 1275 762 imperii
1316 682 1525 745 diebus
1554 685 1633 744 ita
1662 683 1888 746 Romae
1917 686 2146 748 fautum

216 777 304 830 est
332 787 365 830 a
399 768 777 831 senatoribus
819 768 1147 836 dumtaxat,
1211 768 1311 845 qui
1343 774 1402 828 et
1443 769 1735 830 Seuerum
1766 770 2047 840 oderant,
2079 779 2146 832 ut

213 856 366 914 inter
429 853 825 932 lapidationes
878 855 1412 930 execrationesque
1453 855 1716 914 omnium
1763 855 1849 915 illi
1891 855 2146 918 feliciter

212 945 599 1022 optaretur,‚
606 937 792 1006 ,illum
834 938 1169 1017 principem
1212 939 1416 1016 superi
1462 947 1520 998 et
1559 937 1729 998 illum
1769 942 2145 1018 Augustum“

212 1023 464 1103 populus
496 1022 877 1084 adclamaret.
940 1022 1235 1083 Iulianum
1277 1029 1474 1084 autem
1516 1023 1770 1085 oderant
1797 1026 2140 1104 populareS,
2180 1042 2213 1090 3

135 1125 186 1163 10
214 1108 368 1186 quod
383 1109 761 1169 Pertinacem
790 1105 1011 1170 milites
1035 1107 1399 1168 occidissent
1429 1114 1489 1167 et
1517 1107 1684 1168 illum
1714 1110 2146 1188 imperatorem

211 1193 465 1254 aduersa
495 1193 701 1273 populi
730 1192 1035 1253 uoluntate
1078 1191 1502 1273 appellassent.
1580 1193 1838 1271 denique
1868 1197 2146 1274 ingentes

212 1278 287 1338 ob
328 1278 445 1339 hoc
486 1278 812 1338 seditiones
871 1279 1128 1339 fuerunt.
1203 1277 1292 1340 Ad
1353 1277 1744 1339 occidendum
1803 1288 2002 1341 autem
2041 1281 2143 1341 Ni·
2179 1297 2216 1346 4

176 1374 382 1441 ‘grum
412 1363 849 1442 primipilarem
877 1362 1143 1424 Iulianus
1184 1363 1461 1431 miserat,
1527 1363 1704 1424 stulte
1747 1363 1820 1424 ad
1867 1384 2002 1426 eum
2043 1368 2146 1443 qui

210 1446 463 1508 haberet
515 1449 811 1508 exercitus
874 1455 935 1508 et
1002 1467 1067 1508 se
1126 1449 1282 1508 tueri
1339 1455 1576 1527 posset;
1647 1448 1904 1528 proinde
1975 1452 2146 1528 quasi

136 1547 187 1587 15
214 1533 405 1610 qualis
434 1531 583 1596 libet
611 1535 939 1612 imperator
998 1552 1029 1593 a
1072 1531 1469 1612 primipilario
1525 1539 1733 1611 posset
1775 1535 1982 1595 occidi.
2049 1555 2145 1597 ea-
2183 1555 2217 1605 5

212 1619 349 1678 dem
418 1627 621 1679 autem
691 1617 991 1678 dementia
1043 1619 1221 1678 etiam
1255 1619 1484 1678 Seuero
1528 1619 1649 1678 iam
1678 1620 1938 1698 principi
1964 1619 2143 1682 Iulia-

212 1722 325 1764 nus
356 1721 769 1766 successorem
800 1704 1062 1764 miserat.
1142 1703 1402 1780 denique
1445 1704 1623 1763 etiam
1653 1703 1959 1780 Aquilium
2003 1723 2142 1765 cen·
2183 1725 2216 1775 6

214 1788 513 1849 turionem
553 1795 765 1848 notum
797 1786 1081 1848 caedibus
1113 1787 1335 1848 ducum
1365 1789 1626 1856 miserat,
1671 1790 1843 1864 quasi
1883 1791 2143 1868 impera-

213 1881 307 1960 tor
366 1879 564 1934 tantus
622 1893 657 1934 a
715 1874 1066 1934 centurione
1135 1879 1344 1950 posset
1413 1873 1620 1932 occidi.
1721 1891 1830 1950 par
1887 1873 2146 1952 denique
2181 1895 2214 1944 '2

135 1971 187 2011 20
211 1954 441 2018 insania
500 1958 630 2027 fuit,
694 1959 853 2034 quod
913 1976 1049 2018 cum
1108 1956 1340 2017 Seuero
1401 1975 1474 2016 ex
1530 1956 1850 2018 interdicto
1911 1957 1984 2018 de
2035 1961 2146 2018 im-

210 2043 383 2122 perio
435 2043 631 2118 egisse
660 2043 875 2110 fertur,
922 2048 986 2102 ut
1024 2044 1156 2102 iure
1198 2041 1510 2102 uideretur
1541 2043 1942 2121 principatum
1971 2060 2148 2159 prae-

212 2129 469 2188 uenisse.

340 2212 416 2272 Et
446 2211 863 2273 dePescennio
876 2209 1060 2288 Nigro
1090 2209 1378 2270 iudicium
1407 2208 1615 2288 populi
1647 2227 1720 2268 ex
1751 2227 1822 2269 eo
1855 2211 2146 2288 apparuit,
2180 2223 2224 2290 3

215 2295 393 2373 quod,
427 2295 765 2358 cum·ludos
796 2296 1098 2356 circenses
1125 2293 1392 2355 Iulianus
1416 2293 1639 2354 Romae
1670 2294 1855 2363 daret,
1873 2300 1932 2354 et
1959 2295 2152 2356 indis-

138 2395 187 2435 25
218 2391 383 2442 crete
440 2380 724 2442 subsellia
768 2381 913 2442 circi
955 2381 1200 2440 maximi
1243 2379 1474 2459 repleta
1505 2385 1734 2450 essent,
1797 2381 2150 2458 ingentique

214 2467 435 2546 iniuria
468 2465 731 2545 populus
760 2465 1030 2525 adfectu-s
1060 2470 1250 2534 esset,
1293 2483 1405 2543 per
1446 2480 1655 2524 omnes
1696 2484 1818 2526 uno
1850 2483 2152 2542 consensu

216 2551 587 2611 Pescennius
615 2550 799 2627 Niger
842 2550 914 2611 ad
957 2548 1205 2610 tutelam
1250 2548 1417 2610 urbis
1469 2555 1561 2610 est
1612 2552 1940 2629 expetituS‚
1991 2550 2149 2620 odio,

217 2643 284 2696 ut
314 2634 594 2705 diximuS,
625 2633 844 2695 Iuliani
875 2641 935 2694 et
978 2653 1181 2696 amore
1224 2635 1408 2694 occisi
1434 2633 1785 2695 Pertinacis,
1848 2654 1985 2696 cum
2017 2636 2148 2712 qui-

218 2719 357 2780 dem
388 2719 655 2781 Iulianus
686 2719 908 2780 dixisse
938 2720 1162 2789 fertur,
1196 2738 1392 2799 neque
1436 2718 1551 2779 sibi
1591 2736 1788 2796 neque
1819 2720 2151 2780 Pescennio
2187 2731 2220 2781 2

144 2817 192 2858 ³0
218 2804 467 2883 longum
503 2805 826 2883 imperium
865 2804 1100 2874 deberi,
1162 2804 1267 2864 sed
1301 2803 1560 2873 Seuero,
1625 2805 1726 2880 qui
1768 2805 1954 2882 magis
1999 2812 2158 2866 esset

218 2889 357 2950 odio
387 2888 697 2951 habendus
727 2908 761 2950 a
792 2889 1173 2952 senatoribus
1213 2887 1500 2950 militibus
1542 2887 2015 2969 prouincialibus
2043 2907 2156 2969 po-

322 3162 351 3210 1
376 3175 580 3211 nomen
604 3161 725 3210 eius
744 3159 850 3209 BP
871 3164 929 3209 et
951 3158 1107 3209 iusS.
1127 3159 1247 3208 mihi
1269 3175 1340 3208 ex
1363 3158 1712 3223 dietoyrapkia
1733 3159 2018 3208 litterar-'um
2040 3175 2162 3210 uer·

217 3244 307 3278 sus
330 3230 681 3278 antecedentis
705 3226 1015 3292 eundemqu
1042 3242 1070 3276 e
1096 3227 1183 3276 ius
1210 3242 1274 3276 su
1299 3244 1347 3276 u.
1377 3226 1496 3277 eius
1519 3226 1724 3276 uidetur
1747 3241 1859 3277 esse
1883 3235 2002 3276 orta
2123 3229 2156 3278 8

219 3297 513 3346 obteretur
536 3295 587 3346 B
703 3298 765 3346 13
790 3295 1059 3346 iulianum
1081 3293 1209 3344 BP¹
1236 3310 1281 3344 c.
1308 3291 1378 3343 P³
1513 3295 1579 3344 14
1612 3298 1668 3344 et
1694 3309 1752 3344 se
1776 3291 1944 3360 tueri]
1975 3295 2162 3344 seueri

219 3363 325 3414 BP
462 3365 527 3412 16
563 3361 859 3413 elementia,
881 3363 933 3413 B
1072 3363 1137 3412 18
1161 3363 1456 3412 miserator
1478 3365 1672 3412 tantus
1693 3361 1822 3412 BP¹
1873 3363 2034 3428 quasi
2058 3364 2158 3412 im-

219 3435 384 3496 perat
410 3433 534 3484 add.
559 3431 631 3482 1²²
754 3433 817 3480 21
844 3431 1072 3492 uidetur
1092 3428 1219 3480 BP¹
1337 3429 1410 3479 ad
1436 3429 1808 3496 principatum
1832 3429 2160 3496 peruenisse

221 3497 289 3550 M
422 3501 491 3551 25
514 3514 575 3550 se
601 3498 865 3552 subsellia
890 3499 993 3551 BP
1124 3500 1191 3550 29
1214 3511 1323 3548 nee
1345 3497 1408 3549 M

298 3612 515 3648 semr'r.
544 3611 693 3650 ms'r.
718 3613 851 3652 Ave.
898 3599 941 3651 Ι.
1441 3641 1444 3644 .
1669 3579 1749 3642 10
