2517 3884
370 165 489 238 106
975 243 980 252 ,
1055 176 1195 232 ivm
1240 175 1608 232 uAPrroLiNJ

366 346 580 408 deinde
633 344 927 406 alimentis
980 341 1315 404 diuidendis
1367 343 1428 402 in
1483 343 1575 402 uia
1627 341 1875 402 Aemilia
1927 343 2294 420 procurauit.

294 439 329 485 3
366 431 503 493 inde
544 430 797 492 classem
838 429 1252 491 Germanicam
1304 429 1477 488 rexit.
1563 432 1755 487 mater
1799 445 1938 487 eum
1991 443 2182 504 usque
2232 429 2298 489 in

366 517 746 578 Germaniam
787 520 1108 593 prosecuta
1151 519 1245 572 est
1283 511 1486 591 ibique
1529 511 1670 572 obit.
1761 512 1928 573 cuius
1975 513 2151 572 etiam
2199 531 2293 572 se·

295 607 333 654 4
367 601 685 681 pulchrum
728 606 887 660 stare
930 616 1090 658 nunc
1122 597 1357 658 dicitur.
1430 596 1569 657 inde
1613 597 1686 657 ad
1729 596 2029 674 ducenum
2071 603 2294 658 sester-

367 689 588 748 tiorum
632 684 995 763 stipendium
1034 681 1361 746 translatus
1402 684 1466 742 in
1509 683 1746 742 Daciam
1793 689 2231 762 suspectusque
2264 701 2295 742 a
2353 698 2380 738 5

365 772 563 832 Marco
617 769 995 847 quorundam
1046 767 1276 828 artibus
1327 774 1597 829 remotus
1653 774 1746 828 est
1804 773 1864 826 et
1920 773 2130 847 postea
2187 785 2298 846 per

366 847 677 918 Claudium
720 853 1177 932 Pompeianum,
1233 869 1526 930 generum
1568 852 1779 921 Marci,
1837 853 2011 932 quasi
2062 852 2298 912 adiutor

294 950 329 996 5
367 943 493 1001 eius
524 941 764 1001 futurus
796 937 1032 999 uexillis
1074 938 1354 1016 regendis
1397 937 1657 998 adscitus
1701 944 1811 997 est.
1887 938 1951 997 in
2001 955 2120 1016 quo
2161 955 2293 998 mu-

292 1033 327 1080 6
364 1044 511 1086 nere
552 1023 914 1104 adprobatus
957 1022 1147 1083 lectus
1189 1030 1281 1083 est
1320 1024 1380 1082 in
1423 1029 1651 1083 senatu.
1714 1029 1924 1100 postea
1963 1022 2184 1082 iterum
2226 1040 2294 1083 re

361 1109 515 1170 bene
546 1117 711 1188 gesta
741 1108 977 1189 prodita
1006 1115 1098 1168 est
1126 1108 1322 1177 factio,
1357 1125 1510 1187 quae
1551 1105 1638 1166 illi
1680 1108 2035 1168 concinnata
2080 1107 2294 1177 fuerat,
2327 1123 2376 1162 ιο

362 1195 717 1294 Marcusque
748 1196 1105 1272 imperator,
1150 1199 1218 1254 ut
1260 1199 1658 1271 conpensaret
1695 1191 2008 1261 iniuriam,
2056 1201 2297 1271 praeto-

360 1283 518 1341 rium
550 1298 689 1340 eum
720 1280 861 1342 fecit
891 1286 949 1339 et
978 1279 1208 1356 primae
1234 1276 1459 1354 legioni
1501 1276 1802 1355 regendae
1831 1278 2124 1356 inposuit,
2175 1287 2292 1338 sta-

290 1373 326 1420 7
366 1367 588 1444 timque
619 1363 821 1425 Retias
854 1369 913 1423 et
944 1363 1229 1422 Noricum
1258 1361 1332 1422 ab
1363 1361 1637 1424 hostibus
1669 1360 2011 1423 uindicauit.
2071 1379 2144 1422 ex
2177 1377 2296 1438 quo

364 1452 664 1510 eminente
704 1441 998 1509 industria
1038 1447 1233 1508 studio
1276 1447 1462 1508 Marci
1511 1447 1891 1525 imperatoris
1935 1446 2146 1507 consul
2203 1453 2295 1507 est

286 1544 323 1592 8
360 1534 718 1612 designatus
784 1539 975 1593 exstat
1018 1533 1205 1592 oratio
1250 1532 1407 1611 apud
1438 1532 1692 1592 Marium
1721 1531 2039 1592 Maximum
2080 1530 2294 1592 laudes
2323 1545 2373 1586 15

362 1621 489 1679 eius
488 1579 833 1709 icontinens
864 1625 921 1677 et
952 1618 1149 1678 omnia
1189 1616 1290 1676 uel
1333 1634 1485 1693 quae
1525 1617 1669 1678 fecit
1709 1615 1808 1677 uel
1839 1635 1991 1697 quae
2035 1634 2290 1694 perpes-

286 1713 323 1792 9
364 1721 467 1764 sus
496 1685 605 1763 est.
674 1710 734 1763 et
772 1708 1015 1782 praeter
1056 1701 1218 1762 illam
1260 1704 1622 1772 orationem,
1671 1719 1848 1778 quam
1890 1701 2137 1778 longum
2178 1700 2292 1762 fuit

324 1795 703 1858 conectere,
760 1787 1107 1867 saepissime
1149 1787 1432 1848 Pertinax
1473 1807 1507 1848 a
1547 1787 1746 1847 Marco
1800 1792 1860 1846 et
1897 1787 1980 1846 in
2009 1786 2292 1846 contione

360 1872 599 1934 militari
630 1881 688 1933 et
728 1874 793 1932 in
824 1878 1037 1932 senatu
1066 1870 1341 1932 laudatus
1374 1881 1491 1940 est,
1535 1871 1842 1948 doluitque
1892 1870 2088 1950 palam
2137 1870 2293 1931 Mal-

358 1977 495 2027 eus,
544 1957 702 2034 quod
746 1964 987 2018 senator
1032 1963 1191 2018 esset
1238 1963 1298 2018 et
1334 1957 1522 2035 praef.
1569 1964 1758 2035 praet.
1805 1957 1937 2016 fleri
1978 1975 2012 2016 a
2053 1974 2120 2016 se
2167 1972 2290 2016 non
2319 1971 2369 2008 20

252 2055 323 2102 10
360 2050 580 2121 posset.
646 2043 927 2104 Cassiano
958 2048 1127 2102 motu
1158 2042 1471 2120 conposito
1515 2059 1548 2100 e
1582 2040 1748 2120 Syria
1791 2040 1864 2101 ad
1897 2041 2154 2101 Danuuii
2197 2051 2290 2100 tu·

358 2127 533 2188 telam
579 2128 884 2206 profectus
928 2133 1020 2188 est
1060 2133 1239 2203 atque
1281 2125 1420 2186 inde
1463 2125 1723 2186 Moesiae
1767 2126 2105 2204 utriusque,
2151 2143 2292 2185 mox

254 2225 319 2271 11
360 2213 571 2272 Daciae
601 2213 873 2288 regimen
904 2212 1149 2292 accepit.
1182 2211 1340 2272 bene
1363 2211 1546 2289 gestis
1571 2209 1664 2270 his
1694 2209 2300 2289 prouinciisSyriam.

356 2298 594 2358 meruit.

282 2384 323 2445 3
481 2381 719 2457 Integre
752 2398 817 2440 se
858 2396 1049 2457 usque
1082 2379 1153 2439 ad
1188 2379 1394 2458 Syriae
1434 2380 1703 2456 regimen
1744 2380 2028 2439 Pertinax
2074 2380 2288 2448 tenuit,·
2315 2393 2364 2431 25

357 2471 495 2542 post
527 2481 838 2525 excessum
870 2481 1019 2523 uero
1051 2462 1234 2524 Marci
1263 2464 1556 2540 pecuniae
1588 2463 1832 2524 studuit.
1888 2482 2077 2542 quare
2109 2465 2288 2524 etiam

286 2564 320 2610 2
358 2549 530 2610 dictis
574 2546 964 2627 popularibus
1002 2553 1093 2608 esc
1131 2546 1458 2608 lacessitus.
1525 2549 1750 2608 curiam
1783 2546 2122 2609 Romanam
2153 2557 2288 2628 post
2369 2575 2379 2582 ·

356 2638 635 2710 quattuor
666 2633 1008 2710 prouincias
1040 2631 1420 2702 consulareS,
1468 2633 1608 2708 quia
1650 2631 2030 2694 consulatum
2069 2631 2287 2694 absens

355 2725 640 2796 gesserat,
665 2719 784 2778 iam
816 2716 987 2776 diues
1018 2718 1329 2794 ingressus
1361 2723 1468 2786 est,
1505 2735 1642 2777 cum
1675 2735 1805 2778 eam
1839 2723 2081 2780 senator
2111 2725 2286 2779 antea

284 2823 319 2868 3
357 2821 475 2863 non
520 2801 781 2863 uidisset.
856 2803 1057 2862 iussus
1099 2808 1190 2862 est
1229 2809 1546 2880 praeterea
1587 2804 1783 2863 statim
1829 2821 1862 2863 a
1904 2803 2178 2865 Perenne
2221 2805 2287 2864 in
2312 2819 2362 2857 30

353 2887 656 2964 Liguriam
688 2884 971 2948 secedere
1013 2888 1075 2946 in
1120 2885 1326 2947 uillam
1367 2894 1709 2966 paternam;
1755 2897 1894 2950 nam
1935 2894 2106 2966 pater
2153 2888 2284 2948 eius

280 2989 317 3035 4
354 2973 664 3034 tabernam
702 2971 1053 3032 coctiliciam
1094 2973 1155 3032 in
1187 2971 1428 3049 Liguria
1460 2978 1829 3034 exercuerat.
1893 2970 1997 3031 sed
2039 2977 2280 3049 postea-

452 3161 483 3208 3
508 3161 834 3222 prosecutus
858 3157 909 3206 B
957 3162 1251 3222 persecuta
1278 3159 1328 3206 P
1359 3166 1392 3208 t.
1420 3159 1569 3208 Iord.
1707 3159 1740 3205 4
1765 3155 2073 3206 ducendum
2095 3155 2146 3204 B

350 3225 381 3274 5
406 3241 593 3275 amaro
618 3225 669 3274 B
806 3227 837 3274 6
864 3242 897 3276 a
923 3226 1175 3291 partibus
1199 3226 1369 3274 BPM
1395 3227 1608 3276 artibus
1631 3226 1819 3286 scripsi
1844 3223 2117 3287 (Eyssenlz.
2124 3222 2142 3285 )

348 3295 379 3342 8
404 3308 552 3343 nune
576 3309 634 3343 re
659 3294 711 3343 B
874 3296 936 3344 10
962 3295 1115 3344 facto
1140 3292 1211 3342 B1
1351 3294 1682 3343 concinnato
1707 3290 1758 3339 B
1915 3293 1982 3342 20
2009 3296 2066 3341 et
2091 3293 2214 3346 add.
2241 3292 2284 3341 S

448 3363 512 3411 21
541 3361 769 3412 danubii
792 3363 894 3411 BP
1043 3363 1110 3412 25
1134 3377 1396 3425 regumen
1419 3360 1521 3408 BP
1661 3361 1727 3409 27
1755 3363 1841 3409 est
1864 3375 1956 3411 om.
1982 3358 2151 3408 BPM
2231 3373 2256 3384 ··

346 3431 413 3479 30
437 3446 504 3480 an
529 3434 861 3496 propterea?
1000 3446 1034 3480 a
1060 3445 1153 3481 om.
1181 3429 1232 3477 B
1369 3431 1432 3478 32
1454 3427 1819 3478 coactiliriam
1840 3427 1944 3476 BP
1991 3428 2277 3478 coactilia-

348 3496 485 3548 riam
508 3498 741 3563 Scaliyer
767 3497 1147 3562 (Mommsenus)
