2517 3884
648 163 973 238 ›TYRANM
1019 162 1387 230 TRIGINTA..
1437 162 1493 217 e.
1539 167 1621 219 30.
1669 167 1757 219 31.
1951 142 1957 157 ‘
2068 157 2189 221 119

381 328 528 389 Cum
571 328 732 388 illam
774 326 1128 391 Aurelianus
1171 331 1429 406 cepisset
1476 336 1651 408 atque
1692 330 1754 388 in
1796 338 2187 409 conspectum
2224 342 2291 389 23

203 424 212 431 “
249 418 426 474 'suum
473 412 785 472 adductam
828 415 914 473 sic
957 411 1341 492 appellasset:
1407 412 1623 485 ,.Quid,
1660 433 1693 474 ο
1724 414 2001 482 Zenobia,
2046 434 2188 491 ausa

251 518 320 559 es
349 496 638 558 insultare
669 496 952 558 Romanis
985 498 1534 577 imperatoribus‘?“
1578 498 1678 558 illa
1708 498 1929 558 dixisse
1960 500 2183 559 fertur:

163 610 181 619 ‘
249 584 720 661 „Imperatorem
748 591 814 661 te
846 600 977 642 esse
1009 600 1324 659 cognosce,
1373 584 1473 661 qui
1505 584 1717 649 uineis,
1762 582 2095 643 Gallienum
2131 592 2189 644 et

196 682 225 725 5
247 667 572 729 Aureolum
607 675 665 728 et
695 675 929 727 ceteros
959 670 1260 747 principes
1290 686 1411 727 non
1446 668 1667 745 putaui.
1715 668 2035 729 Victoriam
2068 671 2187 728 mei

251 751 508 814 similem
523 752 773 813 credens
791 754 849 812 in
876 754 1241 813 consortium
1259 754 1429 830 regui
1446 754 1675 821 uenire,
1694 754 1745 813 si
1760 750 2009 815 facultas
2023 752 2187 814 loco·

249 858 386 899 rum
403 846 727 916 pateretur,
762 839 1028 915 optauif‘
1060 838 1242 898 Ducta
1273 846 1361 897 est
1384 838 1565 914 igitur
1588 850 1698 916 per
1722 838 2091 917 triumphum
2121 857 2188 899 ea
2222 850 2290 897 24

249 926 450 1003 specie
486 930 548 984 ut
579 921 724 981 nihil
755 921 1154 1002 pompabilius
1185 940 1242 1000 p.
1280 922 1709 985 R.,uideretur.
1775 924 1890 983 iam
1923 925 2187 1001 primum

253 1015 460 1069 ornata
512 1008 763 1085 gemmis
816 1008 1185 1085 ingentibus,
1239 1009 1319 1067 ita
1363 1014 1430 1067 ut
1472 1013 1957 1068 ornamentorum
2003 1026 2187 1068 onere

172 1111 226 1149 ιο
251 1092 568 1155 laboraret.
613 1092 806 1153 fertur
839 1095 996 1152 enim
1029 1090 1244 1153 mulier
1275 1093 1597 1154 fortissima
1624 1094 1980 1170 ‘saepissime
2011 1096 2185 1153 resti·
2223 1106 2289 1153 25

248 1180 425 1246 tisse,
459 1195 595 1237 cum
625 1177 881 1246 diceret,
929 1196 992 1237 se
1024 1195 1393 1255 gemmarum
1428 1196 1611 1237 onera
1642 1177 1804 1236 ferre
1834 1194 1955 1236 non
1986 1196 2183 1255 posse.

250 1264 436 1323 uincti
478 1269 647 1323 erant
685 1269 997 1340 praeterea
1039 1262 1222 1341 pedes
1265 1280 1441 1330 auro,
1487 1281 1697 1322 manus
1742 1262 1916 1322 etiam
1962 1263 2187 1322 catenis
2224 1276 2293 1335 26

250 1350 480 1415 aureis,
536 1366 648 1407 nec
679 1347 834 1407 collo
865 1366 1112 1408 aureum
1143 1347 1448 1407 uinculum
1494 1346 1729 1414 deerat,
1776 1346 1935 1423 quod
1978 1364 2187 1407 scurra

250 1433 525 1494 Persicus
554 1432 945 1509 praeferebat.
1007 1434 1124 1491 uita
1159 1432 1230 1491 ab
1262 1430 1576 1507 Aureliano
1608 1449 1889 1491 concessa
1924 1440 2030 1499 est,
2064 1432 2183 1492 fer·
2222 1446 2288 1493 27

169 1536 221 1576 15
251 1530 467 1596 turque
498 1518 720 1582 uixisse
765 1536 901 1577 cum
943 1515 1150 1577 liberis
1193 1525 1498 1577 matronae
1539 1518 1656 1575 iam
1688 1535 1856 1576 mor-e
1888 1516 2186 1577 Romanae

249 1604 384 1663 data
414 1601 531 1662 sibi
559 1604 938 1682 possessione
984 1603 1043 1661 in
1076 1601 1339 1670 Tiburti,
1396 1618 1547 1677 quae
1588 1600 1886 1677 hodieque
1930 1600 2187 1661 Zenobia

249 1688 500 1757 dicitur,
551 1705 672 1747 non
724 1685 898 1764 longe
945 1686 1017 1745 ab
1059 1685 1344 1746 Hadriani
1383 1685 1599 1763 palatio
1633 1693 1813 1763 atque
1844 1686 1919 1746 ab
1952 1706 2022 1745 eo
2054 1686 2185 1746 loco

248 1774 349 1833 cui
379 1790 600 1833 nomen
632 1780 722 1831 est
752 1772 1003 1832 Concae.

999 2002 1441 2069 VICTORIA
1524 2049 1531 2056 -

173 2218 222 2257 20
377 2196 508 2256 Non
537 2204 655 2256 tam
687 2195 862 2273 digna
894 2214 993 2255 res
1025 2202 1152 2255 erat
1182 2204 1250 2255 ut
1280 2196 1457 2255 etiam
1483 2193 1748 2254 Vitruuia
1774 2194 1903 2253 siue
1929 2193 2185 2252 Victoria
2204 2192 2283 2258 31

249 2284 310 2342 in
342 2280 571 2341 litteras
602 2283 958 2348 mitteretur,
1003 2281 1116 2341 nisi
1159 2279 1411 2342 Gallieni
1453 2296 1651 2339 mores
1682 2278 1798 2338 hoc
1826 2278 2095 2338 facerent
2122 2283 2191 2336 ut

252 2368 540 2427 memoria
559 2364 770 2443 dignae
787 2368 962 2425 etiam
979 2364 1263 2425 mulieres
1280 2368 1689 2424 censerentur.
1720 2364 1979 2423 Victoria
2005 2363 2183 2431 enim,
2224 2377 2254 2423 2
2284 2394 2295 2403 -

254 2450 354 2511 ubi
384 2450 568 2511 filium
600 2469 670 2511 ac
698 2459 976 2529 nepotem
1002 2468 1032 2510 a
1057 2448 1342 2510 militibus
1375 2448 1524 2509 uidit
1554 2450 1802 2517 occiSOS,
1837 2447 2185 2508 Postumum

253 2535 467 2596 deinde
498 2534 852 2603 Lollianum,
887 2535 1136 2596 Marium
1173 2536 1369 2603 etiam,
1404 2551 1579 2611 quem
1613 2535 1942 2616 principem
1970 2531 2187 2591 milites

176 2642 225 2681 25
253 2627 776 2700 nuncupauerant,
811 2622 1233 2699 interemptos,
1270 2620 1606 2687 Tetricum,
1652 2619 1726 2682 de
1758 2636 1875 2695 quo
1910 2619 2221 2695 superius·

253 2706 478 2767 dictum
521 2712 638 2774 est,
697 2703 766 2764 ad
811 2707 1128 2783 imperium
1170 2703 1405 2765 hortata
1449 2712 1569 2772 est,
1623 2709 1706 2763 ut*
1733 2703 1907 2763 uirile
1949 2718 2190 2779 semper

252 2792 479 2851 facinus
522 2789 785 2850 auderet.
841 2790 1118 2866 insignita
1165 2798 1256 2849 est
1297 2796 1610 2867 praeterea
1644 2787 1756 2847 hoc
1785 2784 1959 2846 titulo
1993 2792 2058 2844 ut
2090 2804 2184 2845 ca-

252 2882 515 2935 strorum
559 2893 623 2935 se
656 2874 896 2935 diceret·
925 2881 1193 2934 matrem.
1274 2875 1398 2933 cusi
1436 2878 1576 2932 sunt
1607 2874 1734 2931 eius
1766 2870 1995 2931 nummi
2026 2869 2188 2927 aerei
2224 2882 2255 2930 3

253 2962 418 3021 aurei
462 2965 520 3019 et
561 2962 860 3037 argentei,
923 2977 1173 3039 quorum
1227 2958 1539 3035 hodieque*
1565 2957 1756 3016 forma
1801 2960 1991 3014 exstat
2031 2952 2189 3031 apud

178 3066 227 3105 30
253 3046 557 3105 Treuiros,
623 3060 776 3121 quae
819 3043 1057 3122 quidem
1102 3061 1220 3103 non
1270 3044 1489 3103 diutius
1534 3041 1699 3101 uixit.
1766 3058 1901 3101 nam
1938 3037 2185 3099 ⁴Tetrico
2220 3052 2257 3099 4

390 3284 420 3331 2
447 3281 747 3333 adductum
771 3281 821 3330 B
961 3278 1012 3345 o]
1044 3296 1104 3329 es
1127 3278 1254 3330 BP³
1283 3294 1311 3329 e
1338 3276 1413 3329 P¹
1442 3278 1573 3343 quid
1600 3282 1686 3327 est
1712 3277 2051 3327 Mommsenus·

253 3352 284 3399 8
309 3366 436 3399 nam
461 3348 543 3398 3²
706 3352 766 3398 12
800 3349 942 3399 uicti
974 3346 1101 3397 ΒΡ1
1138 3346 1299 3411 (corr.
1324 3346 1425 3412 P3)
1599 3348 1663 3396 14
1695 3346 1825 3395 huic
1857 3342 2023 3395 BPM
2068 3343 2189 3392 uita

249 3420 440 3482 scripsi
550 3418 745 3466 uiuere
767 3431 1092 3468 *eoncessum
1117 3420 1203 3467 est
1228 3416 1295 3466 M
1402 3417 1463 3465 18
1490 3414 1695 3465 conche
1723 3414 1785 3465 M
1897 3415 1963 3463 20
1986 3408 2196 3473 tamllss

253 3486 302 3533 P
435 3486 722 3535 Victorina
749 3484 810 3534 M
946 3487 1011 3534 24
1033 3486 1301 3547 maurium
1325 3482 1428 3533 BP
