2517 3884
380 168 465 233 66
858 232 865 239 ,
1071 170 1202 227 IVLI
1247 170 1620 227 CAPITOLINI

384 344 504 402 iam
536 340 740 402 uultus
769 345 1007 401 uestros
1039 337 1321 410 adorant,
1370 337 1525 414 quod
1557 336 1826 416 deposito
1868 336 2169 398 dedecore
2201 340 2330 417 pri-

388 429 545 489 stino
589 444 749 487 nunc
778 426 839 485 in
882 428 1092 485 uestro
1124 423 1366 483 nomine
1398 422 1638 500 dignam
1667 421 1922 482 Romani
1950 424 2334 502 principatus

316 524 351 572 3
388 514 647 592 speciem
680 515 1059 589 receperunt.
1110 508 1395 585 quocirca
1424 505 1585 567 nulla
1615 525 1736 568 uox
1765 512 1889 567 tam
1918 508 2128 575 fortis,
2162 506 2335 568 nulla

390 598 581 659 oratio
626 604 747 656 tam
789 594 961 664 felix,
1010 591 1241 655 nullum
1289 594 1596 671 ingenium
1651 598 1770 653 tam
1813 592 2138 653 fecundum
2193 612 2332 653 um-

387 701 565 763 quam
595 681 807 751 fuerit,
868 678 1033 756 quod
1062 680 1254 757 possit
1292 676 1591 757 publicam
1632 677 1976 739 felicitatem
2005 677 2192 756 digne
2225 696 2328 739 ex·
2381 691 2406 733 5
2494 712 2496 715 >

197 801 217 805 -
316 779 352 827 4
384 770 667 848 primere.
742 780 895 843 quae
936 770 1152 843 quanta
1195 770 1254 824 et
1300 764 1472 824 cuius
1511 762 1675 823 modi
1715 764 1862 832 sint,
1922 763 2039 823 iam
2083 762 2150 823 i‘n
2191 764 2334 843 ipso

388 852 633 913 exordio
664 851 1033 931 principatus
1060 850 1248 910 uestri
1279 864 1644 933 cognoscere
1673 848 1992 928 potuimus,
2025 849 2132 929 qui
2161 848 2334 927 leges

386 937 686 999 Romanas
745 936 1227 1013 aequitatemque
1287 931 1566 995 abolitam
1610 940 1670 994 et
1700 933 2110 1003 clementiam,
2173 952 2332 1013 quae

386 1024 509 1084 iam
538 1020 697 1082 nulla
732 1027 879 1091 erat,
914 1026 973 1079 et
1000 1022 1188 1080 uitam
1232 1026 1292 1079 et
1320 1037 1522 1080 mores
1564 1025 1627 1079 et
1663 1017 2004 1080 libertatem
2049 1028 2110 1080 et
2153 1038 2331 1099 spem

314 1121 347 1171 5
385 1108 834 1169 successionum
890 1112 1070 1183 atque
1110 1103 1405 1165 heredum
1463 1102 1808 1166 reduxistis.
1883 1104 2032 1165 haec
2076 1118 2405 1166 enume-‘m

386 1211 525 1254 rare
567 1190 807 1253 difficile
850 1197 969 1261 est,
1032 1184 1252 1251 nedum
1296 1190 1586 1269 prosequi
1633 1196 2039 1251 consentanea
2085 1189 2331 1250 dicendi

314 1291 347 1339 6
386 1278 693 1357 dignitate.
772 1294 911 1337 nam
970 1274 1130 1353 quod
1190 1273 1368 1336 nobis
1427 1276 1552 1335 uita
1609 1292 1720 1355 per
1780 1292 1890 1336 uos
1928 1274 2165 1335 reddita
2212 1282 2323 1343 est,

386 1382 560 1445 quam
594 1362 855 1423 dimissis
892 1362 1113 1439 passim
1157 1378 1267 1439 per
1307 1360 1648 1440 prouincias
1707 1359 2090 1421 carnificibus
2136 1359 2328 1421 scele-

388 1456 555 1509 ratus
584 1445 737 1507 latro
769 1447 855 1506 sic
884 1447 1034 1524 petit
1064 1451 1130 1505 ut
1160 1462 1225 1505 se
1256 1446 1456 1506 ordini
1483 1446 1870 1525 profiteretur
1897 1446 2140 1515 iratum,
2175 1464 2326 1525 quo-

314 1547 345 1595 7
390 1532 569 1595 modo
600 1530 789 1593 dicam
822 1537 924 1591 aut
952 1532 1324 1609 prosequar?
1382 1532 1736 1609 praesertim
1767 1548 1904 1591 cum
1933 1530 2328 1591 mediocritas
2356 1546 2404 1587 ιε

388 1634 523 1680 mea
563 1635 685 1678 non
727 1614 905 1676 modo
954 1614 1256 1694 publicam
1314 1614 1687 1684 felicitatem,
1749 1614 1857 1677 sed
1898 1634 1976 1677 ne
2018 1614 2328 1695 peculiare

290 1767 297 1771 ,
385 1702 625 1783 quidem
658 1698 935 1779 gaudium
978 1700 1161 1760 animi
1200 1700 1320 1760 mei
1378 1703 1570 1780 possit
1629 1702 1985 1781 exprimere,
2049 1719 2188 1763 cum
2221 1720 2327 1762 eos

383 1791 679 1865 Augustos
710 1792 769 1845 et
818 1785 1121 1864 principes
1161 1786 1404 1863 generis
1461 1784 1705 1847 humani
1763 1786 1998 1847 uideam
2059 1804 2328 1865 quorum

385 1870 636 1934 antehac
665 1878 959 1951 perpetuo
991 1868 1154 1931 cultu
1186 1888 1388 1931 mores
1432 1877 1504 1932 et.
1531 1870 1884 1933 modestiam
1927 1890 2126 1932 meam
2167 1878 2325 1933 tam-

384 1976 565 2039 quam
616 1956 929 2019 ueterihus
982 1955 1336 2017 censoribus
1376 1957 1526 2017 meis
1587 1974 1868 2036 cuperem
1911 1956 2197 2036 probata,
2265 1964 2326 2018 et
2353 1974 2403 2014 20

382 2042 429 2125 †
461 2042 609 2113 haec
652 2060 783 2104 esse
829 2040 1120 2121 confidam
1151 2043 1213 2103 in
1242 2042 1510 2120 priorum
1555 2042 1896 2121 principum
1939 2042 2322 2112 testimoniiS,

314 2148 347 2198 8
384 2130 607 2191 uestris
644 2136 843 2189 tamen
886 2133 951 2189 ut
978 2126 1358 2205 grauioribus
1385 2126 1618 2187 iudiciis
1647 2125 1965 2208 gloriarer²
2047 2126 2114 2187 di
2142 2146 2326 2206 prae·

385 2222 543 2276 stent
573 2212 1084 2294 praestabuntque
1115 2211 1271 2272 hanc
1302 2210 1434 2272 orbi
1464 2211 1734 2273 Romano
1764 2210 2129 2273 felicitatem.
2179 2232 2324 2274 nam

382 2314 517 2360 cum
551 2298 623 2359 ad
654 2316 765 2359 uos
795 2298 1089 2376 respicio,
1151 2295 1303 2357 nihil
1345 2295 1502 2357 aliud
1548 2304 1755 2375 optare
1797 2315 2072 2376 possum,
2141 2314 2322 2375 quam

380 2383 537 2461 quod
580 2382 736 2463 apud
778 2382 921 2442 deos
965 2381 1182 2443 dicitur
1224 2382 1422 2443 uictor
1465 2381 1835 2461 Carthaginis
1875 2389 2190 2462 precatus,
2255 2391 2330 2445 ut
2353 2401 2404 2443 25

378 2467 604 2528 scilicet
641 2469 705 2527 in
750 2485 821 2527 eo
872 2472 1026 2527 statu
1068 2483 1199 2527 rem
1229 2486 1289 2545 p.
1325 2473 1641 2528 seruarent
1681 2469 1744 2528 in
1787 2485 1906 2545 quo
1950 2475 2088 2529 tunc
2136 2477 2324 2539 esset,

308 2572 341 2621 9
378 2552 537 2631 quod
566 2550 766 2613 nullus
797 2550 1007 2611 melior
1042 2550 1437 2613 inueniretur.
1515 2554 1597 2613 ita
1639 2570 1750 2631 ego
1779 2571 2016 2633 precor,
2047 2560 2118 2614 ut
2149 2555 2215 2614 in
2251 2574 2327 2617 eo

376 2645 533 2699 statu
563 2636 735 2697 uobis
779 2654 909 2698 rem
943 2653 1003 2714 p.
1040 2643 1286 2697 seruent
1315 2638 1377 2698 in
1411 2656 1528 2718 quo
1562 2656 1693 2699 eam
1727 2657 1834 2699 uos
1865 2637 2061 2699 adhuc
2091 2645 2324 2701 nutan-

370 2730 493 2784 tem
526 2722 949 2785 collocaritiS.“

268 2815 353 2896 18¹
500 2808 661 2869 Haec
694 2805 942 2886 epistola
972 2804 1218 2885 prohat,
1282 2808 1655 2888 Puppienum
1687 2808 1945 2869 eundem
1979 2826 2146 2879 esse,
2214 2812 2325 2889 qui
2353 2830 2402 2871 eo

362 3026 529 3076 nibus
550 3026 655 3076 BP
791 3028 818 3075 1
846 3026 979 3091 quid
1001 3026 1069 3077 M
1200 3030 1231 3078 3
1258 3026 1555 3093 quodcirca
1577 3027 1682 3077 BP
1814 3034 1930 3079 tam
1948 3030 2072 3079 add.
2086 3029 2196 3080 Gr.

360 3096 395 3145 4
422 3109 585 3157 quam
607 3095 661 3144 B
777 3134 783 3139 .
810 3110 1103 3161 numquam
1127 3095 1231 3145 BP
1364 3097 1395 3145 6
1421 3095 1691 3147 eiusmodi
1711 3096 1844 3146 ΒΡ2
2004 3098 2068 3147 13
2095 3099 2330 3150 cornifi-

363 3161 519 3211 eibus
542 3162 647 3212 BP
666 3168 707 3212 t.
731 3161 881 3214 Iord.
1044 3164 1124 3214 sic
1151 3162 1332 3215 elatus
1355 3163 1524 3215 BPM
1564 3164 1874 3217 sceleratus
1893 3166 2085 3229 scripsi
2257 3171 2332 3219 14

362 3230 446 3281 sic
471 3229 606 3281 retit
631 3229 735 3280 BP
756 3230 927 3283 sciret
950 3232 1010 3283 id
1034 3232 1102 3283 M
1118 3249 1209 3284 em.
1237 3232 1278 3283 S
1423 3231 1784 3299 proficeretur
1806 3232 1861 3282 B
2007 3234 2072 3283 19
2097 3234 2330 3288 anthac

361 3298 413 3347 P
422 3295 437 3329 ¹
604 3301 670 3349 20
694 3300 986 3365 probatam
1010 3302 1079 3351 M
1232 3304 1292 3353 et
1325 3302 1544 3352 etiamsi
1575 3304 1710 3367 uolq.
1740 3304 1959 3367 propius
1983 3302 2057 3351 ad
2075 3304 2195 3356 cod.
2227 3322 2332 3356 ue-

357 3367 515 3433 stiyia
536 3368 741 3419 accedit
766 3373 823 3419 et
848 3370 1076 3420 tametsi
1235 3372 1301 3420 22
1329 3370 1410 3419 dii
1433 3368 1517 3420 Β2
1653 3374 1720 3423 23
1746 3370 2206 3436 praestabunque
2233 3372 2328 3422 P¹

495 3434 638 3486 haec
662 3434 765 3485 BP
899 3438 1019 3488 ordi
1042 3436 1123 3488 B¹
1263 3439 1329 3488 25
1355 3453 1450 3488 eos
1472 3437 1641 3488 BPM
1775 3439 1842 3489 26
1867 3442 2122 3489 seruaret
2146 3437 2338 3493 BPM

496 3504 562 3555 28
584 3507 874 3556 natantem
893 3506 997 3555 BP
1131 3508 1197 3557 29
1222 3505 1574 3557 collocaretis
1598 3506 1662 3557 M
