2517 3884
581 212 975 274 ALEXANDER
1019 213 1330 273 SEVERVS.
1418 216 1476 274 c.
1522 187 1787 275 ιιι-ια’
2015 211 2144 278 239

195 379 493 444 militibus
524 381 746 459 aliquid
778 381 1067 450 tulissent,
1103 381 1341 462 capitali
1370 400 1567 462 poena
1596 383 1833 444 adfecit.
1893 386 2133 462 negotia
2171 389 2207 442 6

199 475 265 529 et
304 483 516 529 causas
558 468 729 546 prius
770 485 803 527 a
847 469 1212 528 scriniorum
1253 467 1625 548 principibus
1676 475 1737 529 et
1777 469 2138 532 doctissimis

199 554 357 614 iuris
385 553 598 632 peritis
631 560 691 611 et
721 549 834 612 sibi
867 551 1172 620 fidelibus,
1215 571 1475 632 quorum
1505 555 1739 633 primus
1768 561 1911 614 tunc
1942 553 2137 634 leia·

197 655 316 698 nus
345 637 480 706 suit,
515 639 760 698 tractari
789 636 1176 714 ordinarique
1207 643 1385 717 atque
1414 640 1497 700 ita
1526 640 1745 700 referri
1774 638 1847 700 ad
1868 657 1934 700 se
1962 657 2137 720 prae-

125 739 166 778 ·5
198 741 268 782 ce
310 724 375 782 it.
1049 729 1058 740 '

269 742 520 884 pLeges
562 805 637 866 de
678 807 812 868 iure
854 805 1057 886 populi
1101 813 1160 869 et
1207 807 1337 868 fisci
1389 807 1727 872 moderatas
1770 817 1829 870 et
1874 808 2139 876 infinitas
2162 805 2248 869 16

197 893 393 952 sanxit
435 907 632 969 neque
673 890 856 952 ullam
899 893 1392 952 constitutionem
1437 895 1697 956 sacrauit
1747 895 1875 954 sine
1932 895 2140 973 uiginti

194 978 344 1037 iuris
373 977 587 1055 peritis
630 983 689 1037 et
729 977 1088 1038 doctissimis
1135 995 1205 1038 ae
1234 977 1603 1056 sapientibus
1634 979 1785 1042 uiris
1825 979 2138 1057 isdemque
2196 1047 2207 1056 ⁴

196 1061 610 1122 disertissimis
653 1078 774 1122 non
815 1063 1016 1122 minus
1059 1064 1517 1142 quinquaginta,
1562 1070 1630 1124 ut
1668 1081 1791 1126 non
1831 1066 2031 1126 minus
2072 1067 2137 1127 in

113 1165 166 1203 ιο
197 1146 450 1208 consilio
493 1154 696 1208 essent
734 1148 1066 1208 sententiae
1107 1164 1288 1225 quam
1334 1155 1578 1208 senatus
1609 1148 1950 1210 consultum
1990 1168 2133 1210 con·

193 1233 476 1301 ficerent,
525 1238 584 1292 et
614 1230 674 1292 id
717 1233 960 1310 quidem
989 1232 1070 1292 ita
1104 1241 1168 1293 ut
1196 1234 1387 1294 iretur
1418 1251 1529 1311 per
1560 1235 1887 1293 sententias
1928 1235 2133 1312 singu-
2172 1245 2211 1294 2

187 1312 395 1378 'lorum
439 1335 508 1377 ac
539 1315 909 1395 scriberetur
950 1316 1094 1397 quid
1136 1319 1389 1396 quisque
1433 1317 1710 1387 dixisset,
1754 1317 1891 1380 dato
1935 1324 2138 1380 tamen

197 1404 393 1481 spatio
436 1399 510 1462 ad
557 1401 1012 1481 disquirendum
1045 1402 1547 1481 cogitandumque
1578 1404 1931 1483 priusquam
1976 1402 2135 1464 dice·

193 1494 352 1557 rent,
385 1505 464 1548 ne
495 1488 801 1565 incogitati
833 1487 1036 1548 dicere
1067 1495 1426 1565 cogerentur
1458 1487 1532 1548 de
1555 1488 1740 1549 rebus
1768 1488 2134 1566 ingentibus,

109 1589 164 1630 15
194 1573 310 1634 fuit
339 1577 656 1652 praeterea
685 1572 774 1633 illi
805 1572 1208 1640 consuetudo,
1255 1579 1321 1633 ut
1350 1574 1403 1634 si
1444 1573 1518 1634 de
1548 1575 1683 1634 iure
1714 1581 1815 1636 aut
1846 1573 1920 1634 de
1952 1592 2134 1653 nego-
2172 1589 2207 1639 3

192 1658 294 1718 tiis
327 1664 644 1725 tractaret,
695 1657 856 1718 solos
888 1656 1092 1718 doctos
1125 1665 1184 1718 et
1214 1658 1471 1719 disertos
1503 1657 1847 1728 adhiberet,
1895 1661 1946 1720 si
1985 1678 2134 1721 uero

194 1743 271 1804 de
301 1761 372 1804 re
401 1741 680 1812 militari,
712 1741 1004 1803 militares
1045 1750 1287 1804 ueteres
1319 1751 1378 1803 et
1408 1761 1583 1804 senes
1613 1742 1769 1806 hene
1800 1746 2047 1805 meritos
2078 1753 2138 1806 et

195 1826 464 1891 locorum
496 1829 725 1908 peritos
757 1846 825 1888 ac
854 1826 1150 1888 bellorum
1181 1835 1242 1887 et
1274 1837 1611 1889 castrorum
1642 1835 1703 1889 et
1735 1846 1945 1892 omnes
1973 1828 2133 1893 litte-

194 1920 362 1974 ratos
419 1919 478 1973 et
533 1914 788 1973 maxime
845 1931 946 1974 eos
997 1915 1100 1991 qui
1151 1911 1462 1975 historiam
1516 1921 1761 1982 norant,
1813 1916 2134 1991 requirens

111 2015 164 2055 20
196 1998 340 2076 quid
369 2000 435 2058 in
465 1997 682 2058 talibus
713 1999 911 2060 causis
942 1996 1150 2076 quales
1180 1999 1244 2058 in
1274 1997 1704 2077 disceptatione
1734 1998 2135 2083 uersabantur

191 2091 436 2146 ueteres
473 2083 872 2163 imperatores
913 2081 1012 2144 uel
1043 2083 1297 2144 Romani
1336 2081 1436 2142 uel
1482 2088 1826 2144 exterarum
1868 2084 2137 2162 gentium

191 2169 500 2233 fecissent.

321 2251 644 2314 Referebat
671 2251 1024 2332 Encolpius,
1059 2269 1180 2329 quo
1208 2250 1311 2312 ille
1341 2249 1801 2314 familiarissimo
1843 2269 1991 2314 usus
2022 2259 2131 2322 est,
2158 2253 2243 2318 17

193 2337 398 2410 illum,
444 2339 494 2399 si
539 2354 824 2416 umquam
869 2339 1064 2399 furem
1095 2336 1357 2398 iudicem
1386 2336 1663 2408 uidisset,
1710 2343 1985 2416 paratum
2026 2336 2131 2400 ha-

112 2440 166 2480 25
194 2423 404 2486 buisse
446 2422 726 2501 digitum,
771 2429 839 2484 ut
887 2422 972 2483 illi
1025 2422 1265 2485 oculum
1318 2429 1587 2485 erueret:
1651 2429 1879 2484 tantum
1930 2423 2132 2485 odium

6 2453 17 2608 ἲ
195 2526 334 2570 eum
365 2507 609 2569 tenebat
640 2525 848 2570 eorum
892 2508 966 2568 de
1010 2507 1227 2586 quibus
1270 2507 1429 2587 apud
1472 2527 1537 2569 se
1578 2507 1929 2590 probatum,
1975 2508 2133 2588 quod

190 2595 361 2656 fures
393 2594 666 2655 fuissent.
731 2592 893 2654 addit
925 2593 1280 2673 Septimius,
1327 2596 1429 2670 qui
1474 2595 1659 2656 uitam
1690 2595 1821 2655 eius
1851 2611 1974 2654 non
2004 2613 2131 2656 me-
2168 2606 2205 2654 2

194 2679 482 2740 diocriter
534 2685 900 2757 exsequutus
943 2685 1062 2748 est,
1107 2681 1254 2739 tanti
1306 2677 1597 2739 stomachi
1648 2680 1837 2740 fuisse
1876 2678 2131 2739 Alexan-

195 2763 375 2826 drum
435 2766 500 2824 in
563 2781 669 2824 eos
722 2763 952 2824 iudices
1013 2764 1115 2841 qui
1173 2764 1479 2825 furtorum
1528 2764 1685 2826 fama
1737 2762 2129 2833 laborassent,

117 2866 169 2906 ao
199 2849 436 2912 etiamsi
467 2847 730 2910 damnati
760 2865 879 2908 non
913 2854 1143 2917 essent,
1180 2855 1262 2917 ut,
1296 2850 1347 2909 si
1390 2867 1492 2910 eos
1534 2861 1678 2909 casu
1720 2847 1917 2926 aliquo
1966 2847 2132 2908 uide-

8 2963 11 3031 ἐ
75 2962 80 2970 ’
195 2941 319 3006 ret,
368 2935 768 2994 commotione
801 2934 981 2994 animi
1012 2933 1304 2994 stomachi
1335 2931 1637 2996 choleram
1670 2939 1979 2993 enomeret
2010 2938 2130 2993 toto

298 3137 330 3186 6
355 3137 506 3202 legis
527 3136 580 3186 B
603 3135 742 3188 exc.1
891 3137 922 3187 8
947 3136 1357 3205 accipientibus
1379 3135 1512 3186 BP¹
1536 3151 1653 3187 exc.
1804 3137 1869 3186 10
1903 3134 2134 3187 confice·

197 3209 282 3256 ret
302 3205 470 3256 BPM
491 3219 656 3271 quam
679 3209 908 3256 senatus
936 3205 1246 3256 consultum
1280 3221 1402 3256 cum
1434 3204 1592 3255 fieret
1616 3205 1657 3254 S
1702 3207 2046 3268 cogitaveram
2068 3207 2137 3256 de

201 3273 446 3339 exigeret
585 3275 645 3324 11
671 3271 864 3340 iretur]
891 3274 914 3323 i
935 3275 988 3324 in
1009 3276 1061 3324 P
1081 3276 1132 3323 iu
1155 3289 1263 3324 ras.
1402 3274 1466 3325 13
1492 3272 1847 3340 cogitandum
1868 3271 1973 3323 BP
1990 3271 2133 3326 exest

297 3344 363 3393 18
389 3340 464 3392 ad
484 3342 539 3392 b.
564 3342 617 3391 B
751 3343 819 3394 20
845 3342 977 3407 quin
999 3339 1130 3391 ΒΡ1
1153 3358 1273 3394 eoec.
1433 3344 1497 3392 21
1524 3340 1773 3408 gentium
1796 3357 1891 3392 om.
1914 3339 1997 3390 B¹

197 3411 261 3460 22
283 3410 521 3464 fecisset
545 3407 627 3459 Β1
771 3411 838 3460 26
863 3412 1156 3476 probatum
1175 3414 1326 3460 esset
1349 3409 1417 3460 M
1558 3412 1624 3461 27
1650 3411 1979 3476 septiminus
2002 3407 2131 3460 BP¹

200 3476 274 3539 (ut
294 3477 424 3542 uid.)
451 3494 570 3533 exc.
594 3477 860 3544 ptiminus
881 3478 962 3529 Ρ*
1097 3481 1164 3530 28
1189 3477 1463 3529 sthomaci
1482 3475 1639 3532 B¹P1
1778 3481 1843 3531 29
1868 3478 2137 3528 fen-torum

197 3544 275 3594 B¹
305 3543 377 3610 (in
401 3548 454 3597 P
468 3549 618 3613 prius
639 3561 678 3598 u
698 3547 754 3600 in
774 3547 913 3611 ras.)
999 3548 1062 3600 31
1091 3546 1462 3610 sthomachiB
1566 3545 1849 3600 choleraB
1875 3543 2133 3600 coler5P¹
