2517 3884
334 116 418 189 82
947 120 1287 179 TREBELLII
1329 119 1673 195 POLLIONIS

335 289 610 358 cottidie,
679 297 738 350 at
789 288 1060 349 locorum
1102 286 1545 351 difficultatibus
1598 286 1661 349 in
1714 287 1907 349 alieno
1974 286 2101 354 solo
2162 291 2279 351 im-

239 374 316 437 11
338 382 581 456 perator
623 376 882 455 optimus
922 372 1246 435 laborabat.
1347 374 1501 435 Dum
1543 372 1691 435 haec
1720 374 1876 456 apud
1917 374 2131 435 Persas
2170 393 2271 453 ge·
2358 409 2391 421 x

334 468 570 531 runtur,
617 458 870 539 Scythae
899 460 962 519 in
992 458 1424 539 Cappadociam
1454 465 1875 539 peruaserunt.
1934 458 2057 521 illic
2087 462 2275 539 captis

336 544 677 608 ciuitatibus
727 543 887 605 bello
940 545 1117 604 etiam
1169 545 1339 605 uario
1390 544 1492 605 diu
1538 552 1669 607 acto
1712 562 1777 605 se
1819 542 1895 605 ad
1934 543 2275 625 Bithyniam

265 642 296 691 2
337 630 737 693 contulerunt.
779 646 964 708 quare
995 627 1214 691 milites
1244 627 1463 691 iter'um
1496 629 1571 690 de
1601 648 1761 691 nouo
1789 631 2153 717 imperatore
2183 632 2273 692 sa·
2322 646 2355 689 5

334 714 548 777 ciendo
581 717 934 793 cogitarunt.
997 731 1148 792 quos
1179 732 1393 778 omnes
1422 714 1731 777 Gallienus
1760 734 1929 777 more
1960 734 2089 785 suo,
2138 734 2271 777 cum

332 802 572 882 placare
623 808 801 878 atque
851 799 924 861 ad
973 800 1228 879 gratiam
1286 819 1453 862 suam
1513 799 1807 862 reducere
1865 820 1986 861 non
2043 808 2268 881 posset,

334 885 568 947 oceidit.
1768 922 1779 939 ,

262 985 296 1033 3
461 971 608 1032 Cum
641 980 838 1034 tamen
869 944 986 1033 sibi
1013 969 1236 1031 milites
1267 969 1511 1048 dignum
1530 972 1865 1051 principem
1890 978 2267 1049 quaererent,

333 1055 636 1119 Gallienus
667 1055 822 1135 apud
838 1054 1098 1117 Athenas
1129 1054 1355 1117 archon
1388 1062 1534 1127 erat,
1566 1056 1628 1117 id
1661 1064 1751 1117 est
1780 1075 2049 1117 summus
2078 1058 2262 1135 magi·
2294 1073 2353 1113 10

332 1147 574 1212 stratus,
622 1142 886 1203 uanitate
915 1140 1033 1211 illa,
1079 1158 1194 1219 qua
1232 1142 1483 1202 et--ciuis
1502 1141 1763 1202 adscribi
1802 1140 2180 1203 desiderabat
2212 1153 2276 1205 et
2360 1196 2369 1221 ,

261 1239 296 1289 4
331 1228 520 1289 sacris
563 1226 839 1288 omnibus
869 1228 1182 1288 interesse.
1251 1224 1410 1305 quod
1451 1244 1647 1306 neque
1677 1226 2010 1288 Hadrianus
2049 1230 2170 1289 nisi
2205 1229 2269 1288 in

330 1330 560 1375 summa
599 1310 880 1372 felicitate
930 1328 1128 1389 neque
1167 1312 1500 1373 Antoninus
1542 1314 1662 1372 msa·
1695 1313 1759 1371 in
1802 1310 2002 1374 adulta
2040 1312 2269 1373 fecerat

273 1415 504 1483 pace,
552 1415 687 1457 cum
731 1403 894 1457 tanto
935 1396 1132 1457 studio
1177 1396 1544 1463 Graecarum
1588 1396 1746 1457 docti
1790 1397 2013 1458 fuerint
2041 1396 2266 1459 littera-

327 1500 465 1543 rum
494 1488 562 1543 ut
592 1499 729 1542 raro
761 1480 1059 1558 aliquibus
1090 1480 1449 1543 doctissimis
1478 1498 1829 1573 magnorum
1860 1482 2105 1543 arbitrio
2130 1499 2351 1545 ces-15

259 1579 292 1627 5
329 1568 519 1628 serint
541 1567 832 1631 uirorum.
894 1567 1387 1646 Areopagitarum
1417 1566 1729 1646 praeterea
1760 1567 2037 1646 cupiebat
2065 1570 2265 1645 ingeri

258 1663 289 1710 6
327 1670 580 1713 numero
611 1656 950 1730 contempta
981 1669 1172 1731 prope
1201 1670 1271 1712 re
1298 1670 1358 1731 p.
1405 1652 1520 1712 suit
1552 1653 1709 1713 enim
1746 1652 2067 1722 Gallienus,
2104 1652 2267 1730 quod

190 1798 194 1803 ,
325 1738 536 1815 negari
565 1754 686 1796 non
715 1742 943 1815 potest,
988 1736 1256 1799 oratione
1297 1744 1571 1816 poemate
1602 1744 1781 1816 atque
1810 1737 2086 1799 omnihus
2118 1741 2263 1799 arti-

259 1832 288 1881 7
326 1821 439 1885 bus
471 1820 686 1883 clarus.
731 1820 906 1881 huius
933 1819 1080 1882 illud
1113 1829 1202 1883 est
1246 1820 1705 1902 epithalamion,
1740 1822 1899 1900 quod
1929 1824 2089 1884 inter
2118 1842 2262 1885 cen-

324 1914 448 1969 tum
490 1913 698 1986 poetas
739 1908 1130 1986 praecipuum
1171 1907 1303 1987 fuit.
1364 1926 1503 1969 nam
1546 1927 1684 1969 cum
1724 1909 2263 1990 fratrum-suorum
2291 1924 2349 1965 ιο

321 1992 474 2053 filios
504 1994 805 2070 iungeret,
849 2001 908 2051 et
937 2010 1144 2053 omnes
1186 2000 1400 2072 poetae
1432 1991 1645 2055 Graeci
1686 1993 1998 2071 Latinique
2030 1993 2263 2076 epitha-

322 2077 496 2139 lamia
527 2077 832 2147 dixissent,
865 2077 1044 2155 idque
1074 2096 1184 2157 per
1215 2078 1344 2139 dies
1376 2077 1691 2157 plurimos,
1724 2078 1847 2150 ille,
1884 2097 2015 2140 cum
2044 2098 2265 2141 manus

321 2182 678 2243 sponsorum
703 2169 956 2235 teneret,
991 2169 1057 2223 ut
1080 2164 1317 2241 quidam
1345 2162 1569 2233 dicunt,
1602 2162 1649 2245 †
1666 2172 1907 2244 sceptus
1930 2166 2011 2227 ita
2036 2165 2265 2227 dixisse

321 2249 544 2309 fertur:

255 2343 288 2392 8
407 2331 512 2401 Ite,
547 2333 722 2410 agite,
756 2351 791 2391 o
821 2332 1014 2411 pueri,
1047 2334 1277 2411 pariter
1308 2332 1515 2397 sudate
1543 2332 1819 2395 medullis
2288 2350 2345 2392 25

409 2416 688 2477 omnibus
715 2418 874 2477 inter
912 2436 1040 2486 uos,
1075 2436 1198 2479 non
1229 2436 1537 2479 murmura
1567 2427 1769 2481 uestra
1800 2418 2131 2497 columbae,

405 2500 648 2563 brachia
677 2519 795 2562 non
827 2500 1107 2573 hederae,
1139 2520 1260 2564 non
1290 2504 1531 2565 uincant
1562 2502 1765 2566 oscula
1796 2504 2079 2567 conchae.

252 2597 286 2647 9
319 2584 558 2665 longum
606 2595 722 2657 est,
769 2587 898 2647 eius
937 2605 1150 2649 uersus
1195 2589 1611 2669 orationesque
1643 2597 1989 2660 conectere,
2035 2590 2261 2670 quibus
2311 2628 2321 2649 ι

321 2690 431 2733 suo
466 2679 733 2751 tempore
776 2678 894 2732 tam
938 2672 1098 2733 inter
1134 2680 1343 2753 poetas
1392 2670 1567 2751 quam
1609 2676 1767 2741 inter
1796 2674 2073 2737 rhetores
2106 2677 2256 2737 emi—

455 2911 482 2959 1
509 2925 576 2959 ae
598 2909 766 2961 BPM
783 2926 875 2963 em.
901 2908 943 2961 0
1087 2910 1329 2961 colorum
1352 2909 1428 2961 Pl
1576 2914 1607 2961 2
1630 2912 1933 2978 imperatur
1955 2910 2026 2961 Β1
2167 2928 2258 2963 re-

317 2982 524 3042 guntur
545 2976 624 3027 P²
761 2981 790 3029 3
818 2978 1066 3043 scythice
1089 2978 1169 3028 B1
1310 2981 1343 3029 4
1366 2983 1525 3030 actos
1548 2978 1747 3031 B¹PM
1765 2985 1893 3031 acto
1916 2978 2001 3029 B²
2033 2985 2164 3031 acto
2192 2996 2256 3033 se

316 3045 358 3095 S
514 3046 546 3096 5
571 3045 906 3096 contulerint
929 3046 980 3095 B
1142 3050 1203 3097 12
1227 3048 1339 3098 nisi
1362 3048 1439 3099 bis
1460 3050 1673 3099 inseruit
1696 3048 1739 3099 S
1900 3051 1980 3099 14-
2000 3048 2113 3100 sint
2134 3048 2257 3101 litt.

313 3111 516 3163 BP¹M
535 3114 648 3163 sint
672 3114 691 3163 i
716 3114 797 3164 lit.
824 3113 902 3165 P²
1019 3116 1086 3167 15
1109 3116 1343 3167 cesserit
1366 3114 1443 3167 Ρ1
1583 3118 1647 3169 18
1671 3117 1888 3168 ratione
1913 3115 2041 3167 BP¹
2187 3120 2255 3169 19

313 3183 401 3229 est
423 3179 562 3230 illud
584 3181 652 3231 M
783 3182 1208 3248 epistulamiono
1232 3184 1286 3235 B
1311 3184 1733 3250 epistolami-ono
1760 3186 1873 3235 PM
1890 3202 1979 3237 em
2003 3184 2046 3235 S
2182 3188 2256 3237 20

313 3247 554 3312 fractum
577 3247 704 3299 BP¹
865 3252 928 3300 21
959 3256 1015 3301 et
1050 3268 1143 3303 om.
1177 3252 1345 3303 BPM
1498 3252 1887 3335 episthalamia
1919 3253 2025 3303 BP
2183 3255 2257 3305 23

313 3319 506 3379 septus
530 3306 615 3367 M
639 3321 904 3382 exceptus
928 3318 971 3369 S
1015 3322 1308 3371 desiderari
1326 3322 1445 3372 mihi
1466 3324 1669 3373 uidetur
1691 3324 1860 3372 notio.-
1896 3336 1965 3371 ex
1997 3325 2253 3387 tempore
2310 3350 2314 3357 ·

309 3386 394 3433 uel
415 3384 599 3434 subito
709 3388 775 3437 25
801 3386 882 3436 ait
904 3386 1073 3438 BPM
1090 3388 1242 3453 agite
1269 3405 1358 3439 em.
1387 3392 1437 3440 in
1461 3392 1599 3443 mise.
1624 3389 1822 3441 abseru.
1939 3391 2005 3441 29
2029 3389 2089 3439 in
2115 3404 2253 3455 poe—

310 3454 402 3502 tas
423 3451 586 3502 BPM
723 3452 1093 3506 interethores
1115 3456 1244 3507 BP¹
1271 3458 1330 3505 in
1354 3457 1605 3509 rhetores
1628 3458 1697 3508 M
