<?xml version="1.0" encoding="UTF-8"?>
<!DOCTYPE html PUBLIC "-//W3C//DTD XHTML 1.0 Transitional//EN"
    "http://www.w3.org/TR/xhtml1/DTD/xhtml1-transitional.dtd">
<html xmlns="http://www.w3.org/1999/xhtml" xml:lang="en" lang="en">
 <head>
  <title>
</title>
<meta http-equiv="Content-Type" content="text/html;charset=utf-8" />
  <meta name='ocr-system' content='tesseract 3.04.00' />
  <meta name='ocr-capabilities' content='ocr_page ocr_carea ocr_par ocr_line ocrx_word'/>
</head>
<body>
  <div class='ocr_page' id='page_1' title='image "./scriptoreshisto02petegoog_0125.png"; bbox 0 0 2517 3884; ppageno 0'>
   <div class='ocr_carea' id='block_1_1' title="bbox 355 183 2278 284">
    <p class='ocr_par' dir='ltr' id='par_1_1' title="bbox 355 183 2278 284">
     <span class='ocr_line' id='line_1_1' title="bbox 355 183 2278 284; baseline -0.003 -32"><span class='ocrx_word' id='word_1_1' title='bbox 355 183 460 252; x_wconf 49' lang='grc'><strong>’88</strong></span> <span class='ocrx_word' id='word_1_2' title='bbox 544 191 847 249; x_wconf 78' lang='lat' dir='ltr'><strong>VVLcAcn</strong></span> <span class='ocrx_word' id='word_1_3' title='bbox 891 191 1241 249; x_wconf 84' lang='lat' dir='ltr'>GALLICANI</span> <span class='ocrx_word' id='word_1_4' title='bbox 1282 190 1539 248; x_wconf 82' lang='lat' dir='ltr'><strong>Avlnlvs</strong></span> <span class='ocrx_word' id='word_1_5' title='bbox 1582 189 1871 284; x_wconf 71' lang='lat' dir='ltr'><strong>CASSIVS.</strong></span> <span class='ocrx_word' id='word_1_6' title='bbox 1957 190 2013 250; x_wconf 87' lang='lat' dir='ltr'><strong>C.</strong></span> <span class='ocrx_word' id='word_1_7' title='bbox 2062 193 2144 246; x_wconf 80' lang='lat'><strong>13.</strong></span> <span class='ocrx_word' id='word_1_8' title='bbox 2192 195 2278 246; x_wconf 82' lang='lat'><strong>14.</strong></span> 
     </span>
    </p>
   </div>
   <div class='ocr_carea' id='block_1_2' title="bbox 251 357 2404 2893">
    <p class='ocr_par' dir='ltr' id='par_1_2' title="bbox 311 357 2309 608">
     <span class='ocr_line' id='line_1_2' title="bbox 311 357 2309 422; baseline -0.001 -2"><span class='ocrx_word' id='word_1_9' title='bbox 311 370 342 420; x_wconf 83' lang='grc'><strong>7</strong></span> <span class='ocrx_word' id='word_1_10' title='bbox 379 361 453 422; x_wconf 89' lang='lat' dir='ltr'><strong>sii</strong></span> <span class='ocrx_word' id='word_1_11' title='bbox 483 361 686 420; x_wconf 89' lang='lat' dir='ltr'><strong>securi</strong></span> <span class='ocrx_word' id='word_1_12' title='bbox 717 365 777 419; x_wconf 92' lang='lat' dir='ltr'><strong>et</strong></span> <span class='ocrx_word' id='word_1_13' title='bbox 807 357 884 419; x_wconf 87' lang='lat' dir='ltr'><strong>ad</strong></span> <span class='ocrx_word' id='word_1_14' title='bbox 911 358 1173 420; x_wconf 83' lang='lat' dir='ltr'>honores</span> <span class='ocrx_word' id='word_1_15' title='bbox 1203 357 1447 418; x_wconf 82' lang='lat' dir='ltr'><strong>admissi</strong></span> <span class='ocrx_word' id='word_1_16' title='bbox 1478 364 1635 418; x_wconf 84' lang='lat' dir='ltr'><strong>sunt.</strong></span> <span class='ocrx_word' id='word_1_17' title='bbox 1669 357 1777 418; x_wconf 85' lang='lat' dir='ltr'><strong>sed</strong></span> <span class='ocrx_word' id='word_1_18' title='bbox 1808 375 1913 418; x_wconf 91' lang='lat' dir='ltr'><strong>eos</strong></span> <span class='ocrx_word' id='word_1_19' title='bbox 1942 357 2309 419; x_wconf 86' lang='lat' dir='ltr'><strong>Commodus</strong></span> 
     </span>
     <span class='ocr_line' id='line_1_3' title="bbox 377 442 2304 523; baseline -0.002 -17"><span class='ocrx_word' id='word_1_20' title='bbox 377 446 712 506; x_wconf 75' lang='lat' dir='ltr'><strong>Autumnus</strong></span> <span class='ocrx_word' id='word_1_21' title='bbox 741 451 878 523; x_wconf 90' lang='lat' dir='ltr'><strong>post</strong></span> <span class='ocrx_word' id='word_1_22' title='bbox 909 459 1220 504; x_wconf 83' lang='lat' dir='ltr'><strong>excessum</strong></span> <span class='ocrx_word' id='word_1_23' title='bbox 1262 442 1384 502; x_wconf 88' lang='lat' dir='ltr'><strong>diui</strong></span> <span class='ocrx_word' id='word_1_24' title='bbox 1413 444 1599 522; x_wconf 84' lang='lat' dir='ltr'><strong>patris</strong></span> <span class='ocrx_word' id='word_1_25' title='bbox 1628 443 1724 504; x_wconf 91' lang='lat' dir='ltr'><strong>sui</strong></span> <span class='ocrx_word' id='word_1_26' title='bbox 1764 459 1975 503; x_wconf 87' lang='lat' dir='ltr'><strong>omnes</strong></span> <span class='ocrx_word' id='word_1_27' title='bbox 2006 445 2181 504; x_wconf 87' lang='lat' dir='ltr'><strong>uiuos</strong></span> <span class='ocrx_word' id='word_1_28' title='bbox 2208 444 2304 504; x_wconf 89' lang='lat' dir='ltr'><strong>in-</strong></span> 
     </span>
     <span class='ocr_line' id='line_1_4' title="bbox 381 527 1816 608; baseline -0.001 -17"><span class='ocrx_word' id='word_1_29' title='bbox 381 529 554 591; x_wconf 85' lang='lat' dir='ltr'><strong>cendi</strong></span> <span class='ocrx_word' id='word_1_30' title='bbox 581 530 776 596; x_wconf 91' lang='lat' dir='ltr'><strong>iussit,</strong></span> <span class='ocrx_word' id='word_1_31' title='bbox 809 529 978 608; x_wconf 87' lang='lat' dir='ltr'><strong>quasi</strong></span> <span class='ocrx_word' id='word_1_32' title='bbox 1005 529 1068 588; x_wconf 90' lang='lat' dir='ltr'><strong>in</strong></span> <span class='ocrx_word' id='word_1_33' title='bbox 1097 528 1356 588; x_wconf 82' lang='lat' dir='ltr'><strong>factione</strong></span> <span class='ocrx_word' id='word_1_34' title='bbox 1385 527 1816 607; x_wconf 78' lang='lat' dir='ltr'><strong>deprehensos·</strong></span> 
     </span>
    </p>

    <p class='ocr_par' dir='ltr' id='par_1_3' title="bbox 275 612 2307 693">
     <span class='ocr_line' id='line_1_5' title="bbox 275 612 2307 693; baseline -0 -18"><span class='ocrx_word' id='word_1_35' title='bbox 275 625 365 676; x_wconf 83' lang='grc'><strong>8.9</strong></span> <span class='ocrx_word' id='word_1_36' title='bbox 509 615 670 675; x_wconf 89' lang='lat' dir='ltr'><strong>Haec</strong></span> <span class='ocrx_word' id='word_1_37' title='bbox 699 621 840 674; x_wconf 88' lang='lat' dir='ltr'><strong>sunt</strong></span> <span class='ocrx_word' id='word_1_38' title='bbox 867 629 1020 690; x_wconf 84' lang='lat' dir='ltr'><strong>quae</strong></span> <span class='ocrx_word' id='word_1_39' title='bbox 1063 612 1138 673; x_wconf 88' lang='lat' dir='ltr'><strong>de</strong></span> <span class='ocrx_word' id='word_1_40' title='bbox 1177 612 1381 673; x_wconf 86' lang='lat' dir='ltr'><strong>Cassio</strong></span> <span class='ocrx_word' id='word_1_41' title='bbox 1420 612 1633 673; x_wconf 86' lang='lat' dir='ltr'><strong>Auidio</strong></span> <span class='ocrx_word' id='word_1_42' title='bbox 1672 615 2076 693; x_wconf 83' lang='lat' dir='ltr'><strong>conperimus.</strong></span> <span class='ocrx_word' id='word_1_43' title='bbox 2136 615 2307 674; x_wconf 83' lang='lat' dir='ltr'><strong>cuius</strong></span> 
     </span>
    </p>

    <p class='ocr_par' dir='ltr' id='par_1_4' title="bbox 379 696 2393 780">
     <span class='ocr_line' id='line_1_6' title="bbox 379 696 2393 780; baseline -0.004 -18"><span class='ocrx_word' id='word_1_44' title='bbox 379 701 572 780; x_wconf 89' lang='lat' dir='ltr'><strong>ipsius</strong></span> <span class='ocrx_word' id='word_1_45' title='bbox 599 715 820 767; x_wconf 90' lang='lat' dir='ltr'><strong>mores,</strong></span> <span class='ocrx_word' id='word_1_46' title='bbox 855 705 920 758; x_wconf 86' lang='lat' dir='ltr'><strong>ut</strong></span> <span class='ocrx_word' id='word_1_47' title='bbox 947 715 1132 775; x_wconf 87' lang='lat' dir='ltr'><strong>supra</strong></span> <span class='ocrx_word' id='word_1_48' title='bbox 1162 696 1438 767; x_wconf 75' lang='lat' dir='ltr'><strong>diximuS,</strong></span> <span class='ocrx_word' id='word_1_49' title='bbox 1470 699 1627 758; x_wconf 88' lang='lat' dir='ltr'><strong>uarii</strong></span> <span class='ocrx_word' id='word_1_50' title='bbox 1656 715 1894 778; x_wconf 79' lang='lat' dir='ltr'><strong>semper</strong></span> <span class='ocrx_word' id='word_1_51' title='bbox 1923 699 2169 760; x_wconf 85' lang='lat' dir='ltr'><strong>fuerunt</strong></span> <span class='ocrx_word' id='word_1_52' title='bbox 2198 698 2305 760; x_wconf 88' lang='lat' dir='ltr'><strong>sed</strong></span> <span class='ocrx_word' id='word_1_53' title='bbox 2361 711 2393 754; x_wconf 80' lang='lat'>⁵</span> 
     </span>
    </p>

    <p class='ocr_par' dir='ltr' id='par_1_5' title="bbox 283 781 2307 863">
     <span class='ocr_line' id='line_1_7' title="bbox 283 781 2307 863; baseline -0 -19"><span class='ocrx_word' id='word_1_54' title='bbox 283 797 350 846; x_wconf 85' lang='lat'><strong>10</strong></span> <span class='ocrx_word' id='word_1_55' title='bbox 383 786 456 847; x_wconf 89' lang='lat' dir='ltr'><strong>ad</strong></span> <span class='ocrx_word' id='word_1_56' title='bbox 489 801 806 846; x_wconf 81' lang='lat' dir='ltr'><strong>censuram</strong></span> <span class='ocrx_word' id='word_1_57' title='bbox 838 781 1371 859; x_wconf 73' lang='lat' dir='ltr'><strong>crudelitatemque</strong></span> <span class='ocrx_word' id='word_1_58' title='bbox 1401 784 1846 863; x_wconf 77' lang='lat' dir='ltr'><strong>propensiores,</strong></span> <span class='ocrx_word' id='word_1_59' title='bbox 1910 785 2038 863; x_wconf 87' lang='lat' dir='ltr'><strong>qui,</strong></span> <span class='ocrx_word' id='word_1_60' title='bbox 2072 785 2124 844; x_wconf 91' lang='lat' dir='ltr'><strong>si</strong></span> <span class='ocrx_word' id='word_1_61' title='bbox 2150 785 2307 863; x_wconf 88' lang='lat' dir='ltr'><strong>opti-</strong></span> 
     </span>
    </p>

    <p class='ocr_par' dir='ltr' id='par_1_6' title="bbox 381 867 2307 946">
     <span class='ocr_line' id='line_1_8' title="bbox 381 867 2307 946; baseline -0.002 -15"><span class='ocrx_word' id='word_1_62' title='bbox 381 871 612 931; x_wconf 87' lang='lat' dir='ltr'><strong>nuisset</strong></span> <span class='ocrx_word' id='word_1_63' title='bbox 651 869 1001 946; x_wconf 84' lang='lat' dir='ltr'><strong>imperium,</strong></span> <span class='ocrx_word' id='word_1_64' title='bbox 1045 868 1262 927; x_wconf 82' lang='lat' dir='ltr'><strong>fuisset</strong></span> <span class='ocrx_word' id='word_1_65' title='bbox 1302 885 1424 927; x_wconf 90' lang='lat' dir='ltr'><strong>non</strong></span> <span class='ocrx_word' id='word_1_66' title='bbox 1466 867 1643 929; x_wconf 87' lang='lat' dir='ltr'><strong>modo</strong></span> <span class='ocrx_word' id='word_1_67' title='bbox 1684 868 1949 930; x_wconf 89' lang='lat' dir='ltr'><strong>clemens</strong></span> <span class='ocrx_word' id='word_1_68' title='bbox 1992 875 2053 929; x_wconf 89' lang='lat' dir='ltr'><strong>et</strong></span> <span class='ocrx_word' id='word_1_69' title='bbox 2090 868 2307 937; x_wconf 80' lang='lat' dir='ltr'><strong>honuS,</strong></span> 
     </span>
    </p>

    <p class='ocr_par' dir='ltr' id='par_1_7' title="bbox 283 950 2311 1116">
     <span class='ocr_line' id='line_1_9' title="bbox 283 950 2311 1032; baseline -0 -17"><span class='ocrx_word' id='word_1_70' title='bbox 283 950 367 1014; x_wconf 89' lang='lat'><strong>14</strong></span> <span class='ocrx_word' id='word_1_71' title='bbox 387 954 492 1015; x_wconf 90' lang='lat' dir='ltr'><strong>sed</strong></span> <span class='ocrx_word' id='word_1_72' title='bbox 523 952 686 1013; x_wconf 92' lang='lat' dir='ltr'><strong>utilis</strong></span> <span class='ocrx_word' id='word_1_73' title='bbox 718 960 777 1013; x_wconf 91' lang='lat' dir='ltr'><strong>et</strong></span> <span class='ocrx_word' id='word_1_74' title='bbox 805 953 1068 1030; x_wconf 89' lang='lat' dir='ltr'><strong>optimus</strong></span> <span class='ocrx_word' id='word_1_75' title='bbox 1094 953 1441 1032; x_wconf 83' lang='lat' dir='ltr'><strong>imperator.</strong></span> <span class='ocrx_word' id='word_1_76' title='bbox 1502 971 1643 1012; x_wconf 90' lang='lat' dir='ltr'><strong>nam</strong></span> <span class='ocrx_word' id='word_1_77' title='bbox 1686 960 1847 1014; x_wconf 84' lang='lat' dir='ltr'><strong>extat</strong></span> <span class='ocrx_word' id='word_1_78' title='bbox 1870 953 2139 1032; x_wconf 72' lang='lat' dir='ltr'><strong>‘epistula</strong></span> <span class='ocrx_word' id='word_1_79' title='bbox 2180 954 2311 1014; x_wconf 91' lang='lat' dir='ltr'><strong>eius</strong></span> 
     </span>
     <span class='ocr_line' id='line_1_10' title="bbox 311 1035 2311 1116; baseline -0.002 -17"><span class='ocrx_word' id='word_1_80' title='bbox 311 1052 344 1100; x_wconf 78' lang='lat'><strong><em>2</em></strong></span> <span class='ocrx_word' id='word_1_81' title='bbox 381 1038 452 1098; x_wconf 89' lang='lat' dir='ltr'><strong>ad</strong></span> <span class='ocrx_word' id='word_1_82' title='bbox 483 1055 778 1115; x_wconf 85' lang='lat' dir='ltr'><strong>generum</strong></span> <span class='ocrx_word' id='word_1_83' title='bbox 819 1055 994 1098; x_wconf 91' lang='lat' dir='ltr'><strong>suum</strong></span> <span class='ocrx_word' id='word_1_84' title='bbox 1037 1038 1156 1097; x_wconf 87' lang='lat' dir='ltr'><strong>iam</strong></span> <span class='ocrx_word' id='word_1_85' title='bbox 1197 1038 1583 1116; x_wconf 88' lang='lat' dir='ltr'><strong>imperatoris</strong></span> <span class='ocrx_word' id='word_1_86' title='bbox 1620 1035 1990 1099; x_wconf 86' lang='lat' dir='ltr'><strong>huiusmodi:</strong></span> <span class='ocrx_word' id='word_1_87' title='bbox 2052 1037 2311 1109; x_wconf 87' lang='lat' dir='ltr'><strong>„Misera</strong></span> 
     </span>
    </p>

    <p class='ocr_par' dir='ltr' id='par_1_8' title="bbox 379 1121 2399 1202">
     <span class='ocr_line' id='line_1_11' title="bbox 379 1121 2399 1202; baseline -0.001 -19"><span class='ocrx_word' id='word_1_88' title='bbox 379 1141 480 1184; x_wconf 85' lang='lat' dir='ltr'><strong>res</strong></span> <span class='ocrx_word' id='word_1_89' title='bbox 509 1121 766 1202; x_wconf 84' lang='lat' dir='ltr'><strong>publica,</strong></span> <span class='ocrx_word' id='word_1_90' title='bbox 799 1139 954 1201; x_wconf 88' lang='lat' dir='ltr'><strong>quae</strong></span> <span class='ocrx_word' id='word_1_91' title='bbox 983 1123 1132 1182; x_wconf 88' lang='lat' dir='ltr'><strong>istos</strong></span> <span class='ocrx_word' id='word_1_92' title='bbox 1161 1121 1510 1182; x_wconf 87' lang='lat' dir='ltr'><strong>diuitiarum</strong></span> <span class='ocrx_word' id='word_1_93' title='bbox 1540 1122 1793 1202; x_wconf 90' lang='lat' dir='ltr'><strong>cupidos</strong></span> <span class='ocrx_word' id='word_1_94' title='bbox 1824 1129 1883 1182; x_wconf 88' lang='lat' dir='ltr'><strong>et</strong></span> <span class='ocrx_word' id='word_1_95' title='bbox 1911 1123 2129 1184; x_wconf 90' lang='lat' dir='ltr'><strong>diuites</strong></span> <span class='ocrx_word' id='word_1_96' title='bbox 2158 1122 2309 1202; x_wconf 90' lang='lat' dir='ltr'><strong>pati-</strong></span> <span class='ocrx_word' id='word_1_97' title='bbox 2340 1135 2399 1174; x_wconf 75' lang='grc' dir='ltr'><strong>ιο</strong></span> 
     </span>
    </p>

    <p class='ocr_par' dir='ltr' id='par_1_9' title="bbox 312 1204 2313 1372">
     <span class='ocr_line' id='line_1_12' title="bbox 312 1204 2312 1288; baseline -0.001 -18"><span class='ocrx_word' id='word_1_98' title='bbox 312 1221 344 1270; x_wconf 87' lang='grc'><strong>3</strong></span> <span class='ocrx_word' id='word_1_99' title='bbox 380 1215 480 1268; x_wconf 89' lang='lat' dir='ltr'><strong>tur</strong></span> <span class='ocrx_word' id='word_1_100' title='bbox 515 1204 816 1288; x_wconf 87' lang='lat' dir='ltr'><strong>[misera].</strong></span> <span class='ocrx_word' id='word_1_101' title='bbox 876 1207 1112 1268; x_wconf 89' lang='lat' dir='ltr'><strong>Marcus</strong></span> <span class='ocrx_word' id='word_1_102' title='bbox 1141 1204 1321 1266; x_wconf 86' lang='lat' dir='ltr'><strong>homo</strong></span> <span class='ocrx_word' id='word_1_103' title='bbox 1352 1223 1495 1268; x_wconf 82' lang='lat' dir='ltr'><strong>sane</strong></span> <span class='ocrx_word' id='word_1_104' title='bbox 1526 1209 1813 1286; x_wconf 88' lang='lat' dir='ltr'><strong>optimus,</strong></span> <span class='ocrx_word' id='word_1_105' title='bbox 1858 1210 1965 1284; x_wconf 85' lang='lat' dir='ltr'><strong>qui</strong></span> <span class='ocrx_word' id='word_1_106' title='bbox 2007 1208 2150 1269; x_wconf 87' lang='lat' dir='ltr'><strong>dum</strong></span> <span class='ocrx_word' id='word_1_107' title='bbox 2192 1207 2312 1268; x_wconf 87' lang='lat' dir='ltr'><strong>cle-</strong></span> 
     </span>
     <span class='ocr_line' id='line_1_13' title="bbox 381 1291 2313 1372; baseline -0.001 -19"><span class='ocrx_word' id='word_1_108' title='bbox 381 1310 554 1353; x_wconf 88' lang='lat' dir='ltr'><strong>mens</strong></span> <span class='ocrx_word' id='word_1_109' title='bbox 584 1291 700 1352; x_wconf 85' lang='lat' dir='ltr'><strong>dici</strong></span> <span class='ocrx_word' id='word_1_110' title='bbox 730 1293 911 1371; x_wconf 89' lang='lat' dir='ltr'><strong>cupit,</strong></span> <span class='ocrx_word' id='word_1_111' title='bbox 947 1308 1051 1352; x_wconf 89' lang='lat' dir='ltr'><strong>eos</strong></span> <span class='ocrx_word' id='word_1_112' title='bbox 1080 1293 1308 1369; x_wconf 85' lang='lat' dir='ltr'><strong>patitur</strong></span> <span class='ocrx_word' id='word_1_113' title='bbox 1339 1293 1547 1352; x_wconf 90' lang='lat' dir='ltr'><strong>uiuere</strong></span> <span class='ocrx_word' id='word_1_114' title='bbox 1572 1308 1830 1369; x_wconf 87' lang='lat' dir='ltr'><strong>quorum</strong></span> <span class='ocrx_word' id='word_1_115' title='bbox 1856 1294 1989 1370; x_wconf 88' lang='lat' dir='ltr'><strong>ipse</strong></span> <span class='ocrx_word' id='word_1_116' title='bbox 2020 1311 2141 1354; x_wconf 88' lang='lat' dir='ltr'><strong>non</strong></span> <span class='ocrx_word' id='word_1_117' title='bbox 2170 1309 2313 1372; x_wconf 89' lang='lat' dir='ltr'><strong>pro·</strong></span> 
     </span>
    </p>

    <p class='ocr_par' dir='ltr' id='par_1_10' title="bbox 251 1375 2402 1623">
     <span class='ocr_line' id='line_1_14' title="bbox 251 1375 2317 1446; baseline -0.001 -7"><span class='ocrx_word' id='word_1_118' title='bbox 251 1392 262 1400; x_wconf 90' lang='lat'>·</span> <span class='ocrx_word' id='word_1_119' title='bbox 313 1391 348 1439; x_wconf 83' lang='lat'>4</span> <span class='ocrx_word' id='word_1_120' title='bbox 381 1377 487 1438; x_wconf 85' lang='lat' dir='ltr'><strong>bat</strong></span> <span class='ocrx_word' id='word_1_121' title='bbox 513 1378 716 1438; x_wconf 85' lang='lat' dir='ltr'><strong>uitam.</strong></span> <span class='ocrx_word' id='word_1_122' title='bbox 792 1375 896 1436; x_wconf 89' lang='lat' dir='ltr'><strong>uhi</strong></span> <span class='ocrx_word' id='word_1_123' title='bbox 934 1375 1157 1436; x_wconf 90' lang='lat' dir='ltr'><strong>Lucius</strong></span> <span class='ocrx_word' id='word_1_124' title='bbox 1205 1375 1473 1446; x_wconf 84' lang='lat' dir='ltr'><strong>Cassius,</strong></span> <span class='ocrx_word' id='word_1_125' title='bbox 1520 1378 1691 1438; x_wconf 91' lang='lat' dir='ltr'><strong>cuius</strong></span> <span class='ocrx_word' id='word_1_126' title='bbox 1730 1395 1840 1438; x_wconf 88' lang='lat' dir='ltr'><strong>nos</strong></span> <span class='ocrx_word' id='word_1_127' title='bbox 1878 1378 2104 1439; x_wconf 88' lang='lat' dir='ltr'><strong>frustra</strong></span> <span class='ocrx_word' id='word_1_128' title='bbox 2146 1383 2317 1438; x_wconf 87' lang='lat' dir='ltr'><strong>tenet</strong></span> 
     </span>
     <span class='ocr_line' id='line_1_15' title="bbox 385 1458 2313 1524; baseline -0.001 -3"><span class='ocrx_word' id='word_1_129' title='bbox 385 1461 643 1522; x_wconf 72' lang='lat' dir='ltr'><strong>nomen?</strong></span> <span class='ocrx_word' id='word_1_130' title='bbox 702 1459 807 1522; x_wconf 87' lang='lat' dir='ltr'><strong>ubi</strong></span> <span class='ocrx_word' id='word_1_131' title='bbox 847 1461 1083 1521; x_wconf 87' lang='lat' dir='ltr'><strong>Marcus</strong></span> <span class='ocrx_word' id='word_1_132' title='bbox 1111 1458 1214 1520; x_wconf 85' lang='lat' dir='ltr'><strong>ille</strong></span> <span class='ocrx_word' id='word_1_133' title='bbox 1245 1461 1389 1522; x_wconf 88' lang='lat' dir='ltr'><strong>Cato</strong></span> <span class='ocrx_word' id='word_1_134' title='bbox 1420 1460 1779 1523; x_wconf 79' lang='lat' dir='ltr'><strong>Censorius?</strong></span> <span class='ocrx_word' id='word_1_135' title='bbox 1840 1462 1944 1523; x_wconf 90' lang='lat' dir='ltr'><strong>ubi</strong></span> <span class='ocrx_word' id='word_1_136' title='bbox 1988 1462 2183 1524; x_wconf 88' lang='lat' dir='ltr'><strong>omnis</strong></span> <span class='ocrx_word' id='word_1_137' title='bbox 2224 1461 2313 1521; x_wconf 82' lang='lat' dir='ltr'><strong>di-</strong></span> 
     </span>
     <span class='ocr_line' id='line_1_16' title="bbox 385 1539 2402 1623; baseline -0 -16"><span class='ocrx_word' id='word_1_138' title='bbox 385 1544 635 1623; x_wconf 86' lang='lat' dir='ltr'><strong>sciplina</strong></span> <span class='ocrx_word' id='word_1_139' title='bbox 673 1539 1006 1606; x_wconf 80' lang='lat' dir='ltr'><strong>maiorum?</strong></span> <span class='ocrx_word' id='word_1_140' title='bbox 1089 1562 1241 1623; x_wconf 88' lang='lat' dir='ltr'><strong>quae</strong></span> <span class='ocrx_word' id='word_1_141' title='bbox 1298 1544 1440 1607; x_wconf 89' lang='lat' dir='ltr'><strong>olim</strong></span> <span class='ocrx_word' id='word_1_142' title='bbox 1494 1547 1737 1622; x_wconf 87' lang='lat' dir='ltr'><strong>quid-em</strong></span> <span class='ocrx_word' id='word_1_143' title='bbox 1778 1546 2109 1616; x_wconf 81' lang='lat' dir='ltr'><strong>intercidit,</strong></span> <span class='ocrx_word' id='word_1_144' title='bbox 2152 1564 2315 1606; x_wconf 87' lang='lat' dir='ltr'><strong>nunc</strong></span> <span class='ocrx_word' id='word_1_145' title='bbox 2342 1557 2402 1598; x_wconf 80' lang='lat'><strong>1⁵</strong></span> 
     </span>
    </p>

    <p class='ocr_par' dir='ltr' id='par_1_11' title="bbox 316 1629 2319 1793">
     <span class='ocr_line' id='line_1_17' title="bbox 316 1629 2319 1709; baseline -0.001 -16"><span class='ocrx_word' id='word_1_146' title='bbox 316 1646 352 1695; x_wconf 83' lang='lat'>5</span> <span class='ocrx_word' id='word_1_147' title='bbox 383 1648 532 1690; x_wconf 90' lang='lat' dir='ltr'><strong>uero</strong></span> <span class='ocrx_word' id='word_1_148' title='bbox 574 1648 687 1691; x_wconf 89' lang='lat' dir='ltr'><strong>nec</strong></span> <span class='ocrx_word' id='word_1_149' title='bbox 728 1631 1056 1707; x_wconf 89' lang='lat' dir='ltr'><strong>quaeritur.</strong></span> <span class='ocrx_word' id='word_1_150' title='bbox 1117 1629 1355 1692; x_wconf 87' lang='lat' dir='ltr'><strong>Marcus</strong></span> <span class='ocrx_word' id='word_1_151' title='bbox 1395 1632 1731 1692; x_wconf 83' lang='lat' dir='ltr'><strong>Antoninus</strong></span> <span class='ocrx_word' id='word_1_152' title='bbox 1772 1629 2226 1709; x_wconf 83' lang='lat' dir='ltr'><strong>philosophatur</strong></span> <span class='ocrx_word' id='word_1_153' title='bbox 2256 1640 2319 1692; x_wconf 92' lang='lat' dir='ltr'><strong>et</strong></span> 
     </span>
     <span class='ocr_line' id='line_1_18' title="bbox 385 1714 2315 1793; baseline -0.001 -17"><span class='ocrx_word' id='word_1_154' title='bbox 385 1716 622 1793; x_wconf 85' lang='lat' dir='ltr'><strong>quaerit</strong></span> <span class='ocrx_word' id='word_1_155' title='bbox 663 1715 738 1775; x_wconf 88' lang='lat' dir='ltr'><strong>de</strong></span> <span class='ocrx_word' id='word_1_156' title='bbox 770 1715 1085 1776; x_wconf 89' lang='lat' dir='ltr'><strong>elementis</strong></span> <span class='ocrx_word' id='word_1_157' title='bbox 1125 1720 1186 1774; x_wconf 89' lang='lat' dir='ltr'><strong>et</strong></span> <span class='ocrx_word' id='word_1_158' title='bbox 1227 1714 1303 1774; x_wconf 88' lang='lat' dir='ltr'><strong>de</strong></span> <span class='ocrx_word' id='word_1_159' title='bbox 1333 1716 1547 1776; x_wconf 88' lang='lat' dir='ltr'><strong>animis</strong></span> <span class='ocrx_word' id='word_1_160' title='bbox 1590 1723 1649 1774; x_wconf 89' lang='lat' dir='ltr'><strong>et</strong></span> <span class='ocrx_word' id='word_1_161' title='bbox 1678 1714 1753 1774; x_wconf 89' lang='lat' dir='ltr'><strong>de</strong></span> <span class='ocrx_word' id='word_1_162' title='bbox 1783 1714 2035 1782; x_wconf 87' lang='lat' dir='ltr'><strong>honesto</strong></span> <span class='ocrx_word' id='word_1_163' title='bbox 2066 1721 2127 1774; x_wconf 88' lang='lat' dir='ltr'><strong>et</strong></span> <span class='ocrx_word' id='word_1_164' title='bbox 2152 1716 2315 1774; x_wconf 90' lang='lat' dir='ltr'><strong>iusto</strong></span> 
     </span>
    </p>

    <p class='ocr_par' dir='ltr' id='par_1_12' title="bbox 315 1798 2315 1963">
     <span class='ocr_line' id='line_1_19' title="bbox 315 1798 2315 1879; baseline -0.001 -17"><span class='ocrx_word' id='word_1_165' title='bbox 315 1813 350 1862; x_wconf 83' lang='grc'><strong>6</strong></span> <span class='ocrx_word' id='word_1_166' title='bbox 384 1817 498 1878; x_wconf 76' lang='lat' dir='ltr'><strong>nec</strong></span> <span class='ocrx_word' id='word_1_167' title='bbox 529 1801 711 1860; x_wconf 85' lang='lat' dir='ltr'><strong>sentit</strong></span> <span class='ocrx_word' id='word_1_168' title='bbox 740 1817 850 1877; x_wconf 88' lang='lat' dir='ltr'><strong>pro</strong></span> <span class='ocrx_word' id='word_1_169' title='bbox 879 1817 950 1859; x_wconf 87' lang='lat' dir='ltr'><strong>re</strong></span> <span class='ocrx_word' id='word_1_170' title='bbox 978 1799 1236 1877; x_wconf 84' lang='lat' dir='ltr'><strong>publica.</strong></span> <span class='ocrx_word' id='word_1_171' title='bbox 1298 1799 1470 1860; x_wconf 89' lang='lat' dir='ltr'><strong>uides</strong></span> <span class='ocrx_word' id='word_1_172' title='bbox 1500 1798 1704 1860; x_wconf 88' lang='lat' dir='ltr'><strong>multis</strong></span> <span class='ocrx_word' id='word_1_173' title='bbox 1736 1816 1889 1879; x_wconf 90' lang='lat' dir='ltr'><strong>opus</strong></span> <span class='ocrx_word' id='word_1_174' title='bbox 1920 1817 2054 1860; x_wconf 90' lang='lat' dir='ltr'><strong>esse</strong></span> <span class='ocrx_word' id='word_1_175' title='bbox 2083 1798 2315 1877; x_wconf 80' lang='lat' dir='ltr'><strong>gladiiS,</strong></span> 
     </span>
     <span class='ocr_line' id='line_1_20' title="bbox 384 1883 2315 1963; baseline 0 -19"><span class='ocrx_word' id='word_1_176' title='bbox 384 1884 590 1946; x_wconf 87' lang='lat' dir='ltr'><strong>multis</strong></span> <span class='ocrx_word' id='word_1_177' title='bbox 621 1884 858 1962; x_wconf 81' lang='lat' dir='ltr'><strong>elogiiS,</strong></span> <span class='ocrx_word' id='word_1_178' title='bbox 893 1890 960 1944; x_wconf 88' lang='lat' dir='ltr'><strong>ut</strong></span> <span class='ocrx_word' id='word_1_179' title='bbox 988 1885 1056 1944; x_wconf 90' lang='lat' dir='ltr'><strong>in</strong></span> <span class='ocrx_word' id='word_1_180' title='bbox 1085 1884 1396 1960; x_wconf 78' lang='lat' dir='ltr'><strong>antiquum</strong></span> <span class='ocrx_word' id='word_1_181' title='bbox 1426 1891 1646 1945; x_wconf 87' lang='lat' dir='ltr'><strong>statum</strong></span> <span class='ocrx_word' id='word_1_182' title='bbox 1675 1883 1915 1963; x_wconf 83' lang='lat' dir='ltr'><strong>publica</strong></span> <span class='ocrx_word' id='word_1_183' title='bbox 1954 1885 2147 1946; x_wconf 82' lang='lat' dir='ltr'><strong>forma</strong></span> <span class='ocrx_word' id='word_1_184' title='bbox 2175 1884 2315 1945; x_wconf 88' lang='lat' dir='ltr'><strong>red-</strong></span> 
     </span>
    </p>

    <p class='ocr_par' dir='ltr' id='par_1_13' title="bbox 317 1968 2402 2217">
     <span class='ocr_line' id='line_1_21' title="bbox 317 1968 2402 2049; baseline 0 -20"><span class='ocrx_word' id='word_1_185' title='bbox 317 1985 347 2034; x_wconf 83' lang='lat'><strong>7</strong></span> <span class='ocrx_word' id='word_1_186' title='bbox 387 1968 578 2049; x_wconf 68' lang='lat' dir='ltr'><strong>datur.</strong></span> <span class='ocrx_word' id='word_1_187' title='bbox 645 1986 754 2047; x_wconf 84' lang='lat' dir='ltr'><strong>ego</strong></span> <span class='ocrx_word' id='word_1_188' title='bbox 786 1986 934 2038; x_wconf 85' lang='lat' dir='ltr'><strong>uero</strong></span> <span class='ocrx_word' id='word_1_189' title='bbox 956 1969 1086 2030; x_wconf 88' lang='lat' dir='ltr'><strong>istis</strong></span> <span class='ocrx_word' id='word_1_190' title='bbox 1115 1968 1493 2048; x_wconf 83' lang='lat' dir='ltr'><strong>praesidibus</strong></span> <span class='ocrx_word' id='word_1_191' title='bbox 1522 1970 2075 2048; x_wconf 82' lang='lat' dir='ltr'><strong>prouinciarum-</strong></span> <span class='ocrx_word' id='word_1_192' title='bbox 2098 1987 2172 2030; x_wconf 89' lang='lat' dir='ltr'><strong>an</strong></span> <span class='ocrx_word' id='word_1_193' title='bbox 2204 1986 2317 2049; x_wconf 72' lang='lat' dir='ltr'><strong>ego</strong></span> <span class='ocrx_word' id='word_1_194' title='bbox 2341 1982 2402 2022; x_wconf 78' lang='lat'><strong>²0</strong></span> 
     </span>
     <span class='ocr_line' id='line_1_22' title="bbox 383 2053 2319 2134; baseline 0.001 -21"><span class='ocrx_word' id='word_1_195' title='bbox 383 2054 810 2134; x_wconf 79' lang='lat' dir='ltr'><strong>proconsuleS,</strong></span> <span class='ocrx_word' id='word_1_196' title='bbox 856 2071 931 2114; x_wconf 90' lang='lat' dir='ltr'><strong>an</strong></span> <span class='ocrx_word' id='word_1_197' title='bbox 973 2071 1082 2132; x_wconf 81' lang='lat' dir='ltr'><strong>ego</strong></span> <span class='ocrx_word' id='word_1_198' title='bbox 1113 2053 1425 2133; x_wconf 85' lang='lat' dir='ltr'><strong>praesides</strong></span> <span class='ocrx_word' id='word_1_199' title='bbox 1468 2061 1701 2133; x_wconf 88' lang='lat' dir='ltr'><strong>putem,</strong></span> <span class='ocrx_word' id='word_1_200' title='bbox 1748 2056 1853 2133; x_wconf 91' lang='lat' dir='ltr'><strong>qui</strong></span> <span class='ocrx_word' id='word_1_201' title='bbox 1882 2054 1959 2115; x_wconf 88' lang='lat' dir='ltr'><strong>ob</strong></span> <span class='ocrx_word' id='word_1_202' title='bbox 1988 2053 2105 2115; x_wconf 89' lang='lat' dir='ltr'><strong>hoc</strong></span> <span class='ocrx_word' id='word_1_203' title='bbox 2134 2053 2247 2115; x_wconf 88' lang='lat' dir='ltr'><strong>sibi</strong></span> <span class='ocrx_word' id='word_1_204' title='bbox 2282 2073 2319 2114; x_wconf 88' lang='lat' dir='ltr'><strong>a</strong></span> 
     </span>
     <span class='ocr_line' id='line_1_23' title="bbox 387 2139 2316 2217; baseline 0.001 -18"><span class='ocrx_word' id='word_1_205' title='bbox 387 2145 600 2200; x_wconf 87' lang='lat' dir='ltr'><strong>senatu</strong></span> <span class='ocrx_word' id='word_1_206' title='bbox 633 2146 692 2200; x_wconf 89' lang='lat' dir='ltr'><strong>et</strong></span> <span class='ocrx_word' id='word_1_207' title='bbox 721 2139 796 2200; x_wconf 85' lang='lat' dir='ltr'><strong>ab</strong></span> <span class='ocrx_word' id='word_1_208' title='bbox 824 2140 1126 2200; x_wconf 86' lang='lat' dir='ltr'><strong>Antonino</strong></span> <span class='ocrx_word' id='word_1_209' title='bbox 1156 2141 1500 2217; x_wconf 85' lang='lat' dir='ltr'><strong>prouincias</strong></span> <span class='ocrx_word' id='word_1_210' title='bbox 1529 2140 1699 2201; x_wconf 85' lang='lat' dir='ltr'><strong>datas</strong></span> <span class='ocrx_word' id='word_1_211' title='bbox 1728 2140 2013 2210; x_wconf 88' lang='lat' dir='ltr'><strong>credunt,</strong></span> <span class='ocrx_word' id='word_1_212' title='bbox 2045 2146 2115 2201; x_wconf 90' lang='lat' dir='ltr'><strong>ut</strong></span> <span class='ocrx_word' id='word_1_213' title='bbox 2141 2139 2316 2200; x_wconf 85' lang='lat' dir='ltr'><strong>luxu-</strong></span> 
     </span>
    </p>

    <p class='ocr_par' dir='ltr' id='par_1_14' title="bbox 315 2223 2404 2893">
     <span class='ocr_line' id='line_1_24' title="bbox 315 2223 2321 2304; baseline -0.002 -16"><span class='ocrx_word' id='word_1_214' title='bbox 315 2238 354 2288; x_wconf 84' lang='lat'>8</span> <span class='ocrx_word' id='word_1_215' title='bbox 385 2225 650 2294; x_wconf 85' lang='lat' dir='ltr'><strong>rientur,</strong></span> <span class='ocrx_word' id='word_1_216' title='bbox 697 2232 764 2286; x_wconf 89' lang='lat' dir='ltr'><strong>ut</strong></span> <span class='ocrx_word' id='word_1_217' title='bbox 805 2224 1023 2286; x_wconf 88' lang='lat' dir='ltr'><strong>diuites</strong></span> <span class='ocrx_word' id='word_1_218' title='bbox 1064 2224 1243 2284; x_wconf 76' lang='lat' dir='ltr'><strong>fiant?</strong></span> <span class='ocrx_word' id='word_1_219' title='bbox 1328 2223 1576 2295; x_wconf 86' lang='lat' dir='ltr'><strong>audisti,</strong></span> <span class='ocrx_word' id='word_1_220' title='bbox 1620 2225 1992 2304; x_wconf 85' lang='lat' dir='ltr'><strong>praefectum</strong></span> <span class='ocrx_word' id='word_1_221' title='bbox 2031 2225 2321 2302; x_wconf 86' lang='lat' dir='ltr'><strong>praetorii</strong></span> 
     </span>
     <span class='ocr_line' id='line_1_25' title="bbox 387 2307 2321 2387; baseline 0 -19"><span class='ocrx_word' id='word_1_222' title='bbox 387 2310 580 2368; x_wconf 87' lang='lat' dir='ltr'><strong>nostri</strong></span> <span class='ocrx_word' id='word_1_223' title='bbox 608 2307 951 2387; x_wconf 88' lang='lat' dir='ltr'><strong>philosophi</strong></span> <span class='ocrx_word' id='word_1_224' title='bbox 977 2315 1120 2369; x_wconf 86' lang='lat' dir='ltr'><strong>-ante</strong></span> <span class='ocrx_word' id='word_1_225' title='bbox 1150 2308 1419 2369; x_wconf 89' lang='lat' dir='ltr'><strong>triduum</strong></span> <span class='ocrx_word' id='word_1_226' title='bbox 1450 2326 1627 2385; x_wconf 87' lang='lat' dir='ltr'><strong>quam</strong></span> <span class='ocrx_word' id='word_1_227' title='bbox 1668 2311 1841 2370; x_wconf 85' lang='lat' dir='ltr'><strong>fieret</strong></span> <span class='ocrx_word' id='word_1_228' title='bbox 1876 2309 2217 2369; x_wconf 85' lang='lat' dir='ltr'><strong>mendicum</strong></span> <span class='ocrx_word' id='word_1_229' title='bbox 2260 2318 2321 2368; x_wconf 92' lang='lat' dir='ltr'><strong>et</strong></span> 
     </span>
     <span class='ocr_line' id='line_1_26' title="bbox 384 2391 2404 2470; baseline -0.001 -18"><span class='ocrx_word' id='word_1_230' title='bbox 384 2409 731 2470; x_wconf 84' lang='lat' dir='ltr'><strong>pauperem,</strong></span> <span class='ocrx_word' id='word_1_231' title='bbox 767 2392 872 2453; x_wconf 90' lang='lat' dir='ltr'><strong>sed</strong></span> <span class='ocrx_word' id='word_1_232' title='bbox 903 2391 1101 2452; x_wconf 89' lang='lat' dir='ltr'><strong>subito</strong></span> <span class='ocrx_word' id='word_1_233' title='bbox 1133 2391 1381 2452; x_wconf 88' lang='lat' dir='ltr'><strong>diuitem</strong></span> <span class='ocrx_word' id='word_1_234' title='bbox 1412 2393 1651 2453; x_wconf 79' lang='lat' dir='ltr'><strong>factum.</strong></span> <span class='ocrx_word' id='word_1_235' title='bbox 1714 2393 1892 2460; x_wconf 88' lang='lat' dir='ltr'><strong>unde,</strong></span> <span class='ocrx_word' id='word_1_236' title='bbox 1928 2408 2167 2468; x_wconf 89' lang='lat' dir='ltr'><strong>quaeso,</strong></span> <span class='ocrx_word' id='word_1_237' title='bbox 2200 2393 2318 2451; x_wconf 87' lang='lat' dir='ltr'><strong>nisi</strong></span> <span class='ocrx_word' id='word_1_238' title='bbox 2344 2405 2404 2445; x_wconf 82' lang='lat'><strong>25</strong></span> 
     </span>
     <span class='ocr_line' id='line_1_27' title="bbox 387 2475 2318 2554; baseline -0.001 -19"><span class='ocrx_word' id='word_1_239' title='bbox 387 2475 463 2535; x_wconf 89' lang='lat' dir='ltr'><strong>de</strong></span> <span class='ocrx_word' id='word_1_240' title='bbox 493 2475 828 2536; x_wconf 88' lang='lat' dir='ltr'><strong>uisceribus</strong></span> <span class='ocrx_word' id='word_1_241' title='bbox 859 2478 951 2535; x_wconf 88' lang='lat' dir='ltr'><strong>rei</strong></span> <span class='ocrx_word' id='word_1_242' title='bbox 977 2495 1036 2554; x_wconf 92' lang='lat' dir='ltr'><strong>p.</strong></span> <span class='ocrx_word' id='word_1_243' title='bbox 1071 2475 1651 2553; x_wconf 85' lang='lat' dir='ltr'><strong>prouincialiumque</strong></span> <span class='ocrx_word' id='word_1_244' title='bbox 1681 2476 1978 2537; x_wconf 77' lang='lat' dir='ltr'><strong>fortunis?</strong></span> <span class='ocrx_word' id='word_1_245' title='bbox 2022 2476 2142 2535; x_wconf 90' lang='lat' dir='ltr'><strong>sint</strong></span> <span class='ocrx_word' id='word_1_246' title='bbox 2172 2493 2318 2536; x_wconf 86' lang='lat' dir='ltr'><strong>sane</strong></span> 
     </span>
     <span class='ocr_line' id='line_1_28' title="bbox 387 2558 2362 2638; baseline 0 -19"><span class='ocrx_word' id='word_1_247' title='bbox 387 2559 636 2630; x_wconf 74' lang='lat' dir='ltr'><strong>diuiteS‚</strong></span> <span class='ocrx_word' id='word_1_248' title='bbox 683 2560 802 2620; x_wconf 87' lang='lat' dir='ltr'><strong>sint</strong></span> <span class='ocrx_word' id='word_1_249' title='bbox 841 2558 1203 2638; x_wconf 87' lang='lat' dir='ltr'><strong>locupletes:</strong></span> <span class='ocrx_word' id='word_1_250' title='bbox 1268 2561 1561 2620; x_wconf 87' lang='lat' dir='ltr'><strong>aerarium</strong></span> <span class='ocrx_word' id='word_1_251' title='bbox 1612 2559 1921 2638; x_wconf 86' lang='lat' dir='ltr'><strong>publicum</strong></span> <span class='ocrx_word' id='word_1_252' title='bbox 1970 2560 2316 2623; x_wconf 81' lang='lat' dir='ltr'><strong>refercient.</strong></span> <span class='ocrx_word' id='word_1_253' title='bbox 2351 2610 2362 2619; x_wconf 90' lang='lat'><strong>.</strong></span> 
     </span>
     <span class='ocr_line' id='line_1_29' title="bbox 386 2642 2316 2724; baseline -0.001 -18"><span class='ocrx_word' id='word_1_254' title='bbox 386 2649 619 2706; x_wconf 85' lang='lat' dir='ltr'><strong>tantum</strong></span> <span class='ocrx_word' id='word_1_255' title='bbox 651 2642 710 2703; x_wconf 87' lang='lat' dir='ltr'><strong>di</strong></span> <span class='ocrx_word' id='word_1_256' title='bbox 739 2643 976 2705; x_wconf 83' lang='lat' dir='ltr'><strong>faueant</strong></span> <span class='ocrx_word' id='word_1_257' title='bbox 1006 2643 1182 2704; x_wconf 87' lang='lat' dir='ltr'><strong>bonis</strong></span> <span class='ocrx_word' id='word_1_258' title='bbox 1210 2644 1509 2722; x_wconf 85' lang='lat' dir='ltr'><strong>partibus:</strong></span> <span class='ocrx_word' id='word_1_259' title='bbox 1558 2644 1813 2705; x_wconf 85' lang='lat' dir='ltr'><strong>reddent</strong></span> <span class='ocrx_word' id='word_1_260' title='bbox 1843 2646 2108 2706; x_wconf 88' lang='lat' dir='ltr'><strong>Cassiani</strong></span> <span class='ocrx_word' id='word_1_261' title='bbox 2138 2647 2229 2705; x_wconf 91' lang='lat' dir='ltr'><strong>rei</strong></span> <span class='ocrx_word' id='word_1_262' title='bbox 2258 2663 2316 2724; x_wconf 92' lang='lat' dir='ltr'><strong>p.</strong></span> 
     </span>
     <span class='ocr_line' id='line_1_30' title="bbox 385 2728 2321 2809; baseline 0.001 -21"><span class='ocrx_word' id='word_1_263' title='bbox 385 2729 856 2809; x_wconf 84' lang='lat' dir='ltr'><strong>principatum.“</strong></span> <span class='ocrx_word' id='word_1_264' title='bbox 914 2728 1074 2790; x_wconf 84' lang='lat' dir='ltr'><strong>Haec</strong></span> <span class='ocrx_word' id='word_1_265' title='bbox 1105 2728 1365 2809; x_wconf 90' lang='lat' dir='ltr'><strong>epistula</strong></span> <span class='ocrx_word' id='word_1_266' title='bbox 1410 2731 1541 2790; x_wconf 90' lang='lat' dir='ltr'><strong>eius</strong></span> <span class='ocrx_word' id='word_1_267' title='bbox 1570 2728 1818 2799; x_wconf 87' lang='lat' dir='ltr'><strong>indicat,</strong></span> <span class='ocrx_word' id='word_1_268' title='bbox 1864 2747 2042 2807; x_wconf 89' lang='lat' dir='ltr'><strong>quam</strong></span> <span class='ocrx_word' id='word_1_269' title='bbox 2076 2748 2321 2790; x_wconf 90' lang='lat' dir='ltr'><strong>seuerus</strong></span> 
     </span>
     <span class='ocr_line' id='line_1_31' title="bbox 390 2813 2401 2893; baseline 0 -19"><span class='ocrx_word' id='word_1_270' title='bbox 390 2820 452 2874; x_wconf 86' lang='lat' dir='ltr'><strong>et</strong></span> <span class='ocrx_word' id='word_1_271' title='bbox 481 2831 659 2892; x_wconf 87' lang='lat' dir='ltr'><strong>quam</strong></span> <span class='ocrx_word' id='word_1_272' title='bbox 689 2815 879 2875; x_wconf 85' lang='lat' dir='ltr'><strong>tristis</strong></span> <span class='ocrx_word' id='word_1_273' title='bbox 910 2814 1148 2875; x_wconf 82' lang='lat' dir='ltr'><strong>futurus</strong></span> <span class='ocrx_word' id='word_1_274' title='bbox 1178 2813 1361 2874; x_wconf 81' lang='lat' dir='ltr'><strong>fuerit</strong></span> <span class='ocrx_word' id='word_1_275' title='bbox 1391 2815 1735 2893; x_wconf 87' lang='lat' dir='ltr'><strong>imperator.</strong></span> <span class='ocrx_word' id='word_1_276' title='bbox 2344 2826 2401 2865; x_wconf 75' lang='lat'><strong>³0</strong></span> 
     </span>
    </p>
   </div>
   <div class='ocr_carea' id='block_1_3' title="bbox 491 2982 2321 3130">
    <p class='ocr_par' dir='ltr' id='par_1_15' title="bbox 491 2982 2321 3130">
     <span class='ocr_line' id='line_1_32' title="bbox 491 2982 2316 3065; baseline -0.002 -15"><span class='ocrx_word' id='word_1_277' title='bbox 491 3001 521 3050; x_wconf 83' lang='lat'><strong>7</strong></span> <span class='ocrx_word' id='word_1_278' title='bbox 549 3000 650 3049; x_wconf 85' lang='lat' dir='ltr'><strong>sed</strong></span> <span class='ocrx_word' id='word_1_279' title='bbox 670 3000 848 3050; x_wconf 86' lang='lat' dir='ltr'><strong>bonus</strong></span> <span class='ocrx_word' id='word_1_280' title='bbox 870 2999 1040 3050; x_wconf 91' lang='lat' dir='ltr'><strong>BPM</strong></span> <span class='ocrx_word' id='word_1_281' title='bbox 1057 3014 1149 3049; x_wconf 87' lang='lat' dir='ltr'><strong>em.</strong></span> <span class='ocrx_word' id='word_1_282' title='bbox 1175 2998 1447 3052; x_wconf 74' lang='lat' dir='ltr'><strong>Boxkorn.</strong></span> <span class='ocrx_word' id='word_1_283' title='bbox 1563 3002 1627 3050; x_wconf 89' lang='grc'><strong>10</strong></span> <span class='ocrx_word' id='word_1_284' title='bbox 1651 3001 1868 3065; x_wconf 76' lang='lat' dir='ltr'><strong>paritur</strong></span> <span class='ocrx_word' id='word_1_285' title='bbox 1889 2997 1959 3048; x_wconf 90' lang='lat' dir='ltr'><strong>B¹</strong></span> <span class='ocrx_word' id='word_1_286' title='bbox 1988 2999 2227 3064; x_wconf 81' lang='lat' dir='ltr'><strong>partitur</strong></span> <span class='ocrx_word' id='word_1_287' title='bbox 2250 2982 2316 3046; x_wconf 73' lang='grc' dir='ltr'><strong>Ρ·</strong></span> 
     </span>
     <span class='ocr_line' id='line_1_33' title="bbox 494 3066 2321 3130; baseline -0.001 -15"><span class='ocrx_word' id='word_1_288' title='bbox 494 3069 556 3116; x_wconf 93' lang='grc'><strong>11</strong></span> <span class='ocrx_word' id='word_1_289' title='bbox 581 3068 782 3118; x_wconf 83' lang='lat' dir='ltr'><strong>misera</strong></span> <span class='ocrx_word' id='word_1_290' title='bbox 814 3069 1158 3118; x_wconf 75' lang='lat' dir='ltr'><strong>uncis‘inclusi</strong></span> <span class='ocrx_word' id='word_1_291' title='bbox 1292 3067 1454 3118; x_wconf 89' lang='lat' dir='ltr'><strong>homo</strong></span> <span class='ocrx_word' id='word_1_292' title='bbox 1485 3069 1537 3118; x_wconf 80' lang='lat' dir='ltr'><strong>in</strong></span> <span class='ocrx_word' id='word_1_293' title='bbox 1560 3067 1613 3116; x_wconf 90' lang='lat' dir='ltr'><em>B</em></span> <span class='ocrx_word' id='word_1_294' title='bbox 1633 3085 1748 3130; x_wconf 73' lang='lat' dir='ltr'><strong>sup.</strong></span> <span class='ocrx_word' id='word_1_295' title='bbox 1782 3070 1869 3118; x_wconf 80' lang='lat' dir='ltr'><strong>lin.</strong></span> <span class='ocrx_word' id='word_1_296' title='bbox 2018 3066 2321 3116; x_wconf 82' lang='lat' dir='ltr'><strong>clementes</strong></span> 
     </span>
    </p>
   </div>
   <div class='ocr_carea' id='block_1_4' title="bbox 387 3123 2321 3336">
    <p class='ocr_par' dir='ltr' id='par_1_16' title="bbox 387 3123 2321 3336">
     <span class='ocr_line' id='line_1_34' title="bbox 388 3123 2321 3195; baseline 0 -13"><span class='ocrx_word' id='word_1_297' title='bbox 388 3131 511 3183; x_wconf 88' lang='lat' dir='ltr'><strong>BP¹</strong></span> <span class='ocrx_word' id='word_1_298' title='bbox 541 3133 847 3186; x_wconf 84' lang='lat' dir='ltr'><strong>clementiis</strong></span> <span class='ocrx_word' id='word_1_299' title='bbox 869 3135 944 3185; x_wconf 75' lang='grc' dir='ltr'><strong>Ρ2</strong></span> <span class='ocrx_word' id='word_1_300' title='bbox 976 3135 1301 3186; x_wconf 79' lang='lat' dir='ltr'><strong>claementis</strong></span> <span class='ocrx_word' id='word_1_301' title='bbox 1324 3135 1393 3184; x_wconf 90' lang='lat' dir='ltr'><em>M</em></span> <span class='ocrx_word' id='word_1_302' title='bbox 1409 3152 1506 3186; x_wconf 87' lang='lat' dir='ltr'><strong>em.</strong></span> <span class='ocrx_word' id='word_1_303' title='bbox 1529 3133 1571 3185; x_wconf 88' lang='lat' dir='ltr'><strong><em>S</em></strong></span> <span class='ocrx_word' id='word_1_304' title='bbox 1646 3193 1649 3195; x_wconf 40' lang='lat'><strong>.</strong></span> <span class='ocrx_word' id='word_1_305' title='bbox 1682 3123 1746 3185; x_wconf 75' lang='lat'><strong>27</strong></span> <span class='ocrx_word' id='word_1_306' title='bbox 1782 3135 2046 3184; x_wconf 85' lang='lat' dir='ltr'><strong>referient</strong></span> <span class='ocrx_word' id='word_1_307' title='bbox 2070 3134 2120 3182; x_wconf 94' lang='lat' dir='ltr'><em>P</em></span> <span class='ocrx_word' id='word_1_308' title='bbox 2250 3135 2321 3183; x_wconf 80' lang='lat'><strong>28</strong></span> 
     </span>
     <span class='ocr_line' id='line_1_35' title="bbox 391 3201 2320 3265; baseline 0.001 -16"><span class='ocrx_word' id='word_1_309' title='bbox 391 3202 645 3265; x_wconf 82' lang='lat' dir='ltr'><strong>patribus</strong></span> <span class='ocrx_word' id='word_1_310' title='bbox 669 3201 771 3250; x_wconf 86' lang='lat' dir='ltr'><strong>BP</strong></span> <span class='ocrx_word' id='word_1_311' title='bbox 903 3203 1144 3254; x_wconf 80' lang='lat' dir='ltr'><strong>reddant</strong></span> <span class='ocrx_word' id='word_1_312' title='bbox 1167 3201 1332 3252; x_wconf 90' lang='lat' dir='ltr'><strong>BPM</strong></span> <span class='ocrx_word' id='word_1_313' title='bbox 1353 3219 1442 3252; x_wconf 86' lang='lat' dir='ltr'><strong>em.</strong></span> <span class='ocrx_word' id='word_1_314' title='bbox 1474 3204 1517 3254; x_wconf 84' lang='lat'><em>0</em></span> <span class='ocrx_word' id='word_1_315' title='bbox 1651 3203 1704 3251; x_wconf 82' lang='lat' dir='ltr'><strong>in</strong></span> <span class='ocrx_word' id='word_1_316' title='bbox 1720 3205 1808 3265; x_wconf 79' lang='lat' dir='ltr'><strong>fin.</strong></span> <span class='ocrx_word' id='word_1_317' title='bbox 1834 3205 1923 3253; x_wconf 81' lang='lat' dir='ltr'><strong>uit.</strong></span> <span class='ocrx_word' id='word_1_318' title='bbox 1952 3201 2173 3250; x_wconf 80' lang='lat' dir='ltr'><strong>auidius</strong></span> <span class='ocrx_word' id='word_1_319' title='bbox 2200 3215 2320 3251; x_wconf 85' lang='lat' dir='ltr'><strong>cas·</strong></span> 
     </span>
     <span class='ocr_line' id='line_1_36' title="bbox 387 3266 2177 3336; baseline 0 -18"><span class='ocrx_word' id='word_1_320' title='bbox 387 3269 509 3318; x_wconf 74' lang='lat' dir='ltr'><strong>sius</strong></span> <span class='ocrx_word' id='word_1_321' title='bbox 531 3268 771 3318; x_wconf 84' lang='lat' dir='ltr'><strong>uulcacii</strong></span> <span class='ocrx_word' id='word_1_322' title='bbox 796 3269 1062 3334; x_wconf 79' lang='lat' dir='ltr'><strong>gallicani</strong></span> <span class='ocrx_word' id='word_1_323' title='bbox 1085 3271 1158 3320; x_wconf 74' lang='grc' dir='ltr'><strong>ιῖό</strong></span> <span class='ocrx_word' id='word_1_324' title='bbox 1181 3270 1331 3336; x_wconf 73' lang='lat' dir='ltr'><strong>exp1‘.</strong></span> <span class='ocrx_word' id='word_1_325' title='bbox 1357 3271 1461 3320; x_wconf 92' lang='lat' dir='ltr'><strong>BP</strong></span> <span class='ocrx_word' id='word_1_326' title='bbox 1506 3267 1633 3335; x_wconf 74' lang='lat' dir='ltr'><strong>[seq.</strong></span> <span class='ocrx_word' id='word_1_327' title='bbox 1658 3271 1750 3321; x_wconf 79' lang='lat' dir='ltr'><strong>uit.</strong></span> <span class='ocrx_word' id='word_1_328' title='bbox 1776 3268 1961 3319; x_wconf 82' lang='lat' dir='ltr'><strong>Seueri</strong></span> <span class='ocrx_word' id='word_1_329' title='bbox 1980 3271 2032 3319; x_wconf 83' lang='lat' dir='ltr'><strong>in</strong></span> <span class='ocrx_word' id='word_1_330' title='bbox 2057 3266 2177 3334; x_wconf 89' lang='lat' dir='ltr'><strong>BP]</strong></span> 
     </span>
    </p>
   </div>
   <div class='ocr_carea' id='block_1_5' title="bbox 1159 3491 1557 3505">
    <p class='ocr_par' dir='ltr' id='par_1_17' title="bbox 1159 3491 1557 3505">
     <span class='ocr_line' id='line_1_37' title="bbox 1159 3491 1557 3505; baseline 0 379"><span class='ocrx_word' id='word_1_331' title='bbox 1159 3491 1557 3505; x_wconf 95' lang='lat' dir='ltr'><strong> </strong></span> 
     </span>
    </p>
   </div>
   <div class='ocr_carea' id='block_1_6' title="bbox 2508 717 2517 1092">
    <p class='ocr_par' dir='ltr' id='par_1_18' title="bbox 2508 717 2517 1092">
     <span class='ocr_line' id='line_1_38' title="bbox 2508 717 2515 838; baseline 0 -10"><span class='ocrx_word' id='word_1_332' title='bbox 2508 717 2515 838; x_wconf 59' lang='lat' dir='ltr'><strong>l</strong></span> 
     </span>
     <span class='ocr_line' id='line_1_39' title="bbox 2511 941 2517 1092; baseline 0 -146"><span class='ocrx_word' id='word_1_333' title='bbox 2511 941 2517 1092; x_wconf 27' lang='lat' dir='ltr'><strong>:x</strong></span> 
     </span>
    </p>
   </div>
  </div>
 </body>
</html>
