2517 3884
584 190 738 247 IVLII
779 189 1152 248 CAPITOLINI
1193 190 1423 248 VERVS.
1496 191 1551 248 C.
1584 193 1750 247 1—3.
2054 182 2141 250 69

211 376 404 418 rerum
434 360 670 437 potitus
701 365 816 420 est.
879 360 1050 436 origo
1079 359 1206 419 eius
1245 365 1513 438 paterna·
1536 357 1821 438 pleraque
1863 376 1937 419 ex
1964 357 2137 419 Etru·
2172 364 2207 414 9

209 445 287 505 ria
316 445 443 518 fuit,
476 451 756 505 materna
788 462 862 505 ex
891 445 1196 506 Fauentia.

322 530 448 590 Hac
476 531 764 610 prosapia
808 531 1050 608 genitus
1088 537 1260 609 patre
1300 528 1376 591 ab
1416 528 1715 590 Hadriano
1755 528 2034 608 adoptato
2076 529 2140 590 111
2168 519 2213 586 2

209 614 484 676 familiam
517 615 750 676 Aeliam
783 614 1028 676 deuenit
1056 621 1414 694 mortuoque
1443 623 1615 694 patre
1646 614 1899 676 Caesare
1927 615 1991 674 in
2022 614 2137 675 Ha·

169 715 188 752 ⁵
209 700 389 760 111-111111
420 700 986 762 1611111111161111111511.
1043 719 1076 761 a
1107 718 1226 778 quo
1256 699 1499 761 Aurelio
1529 699 1703 761 datus
1733 707 1824 760 est
1852 699 2137 778 adoptan-
2175 705 2207 753 2

207 785 322 854 dus,
355 805 496 846 cum
529 785 650 848 sibi
675 785 778 846 ille
808 787 978 847 Pium
1009 785 1215 856 filium,
1250 785 1514 846 Marcum
1544 791 1825 865 nepotem
1868 803 2000 846 esse
2029 803 2137 846 uo·

205 869 400 932 luisset
443 873 790 950 posteritati
831 873 972 932 satis
1011 871 1366 951 prouidenS,
1412 877 1471 931 et
1510 889 1577 931 ea
1618 870 1861 950 quidem
1902 869 2035 949 lege
2075 876 2141 930 ut
2175 875 2207 925 3

205 955 372 1016 filiam
416 958 520 1018 Pii
557 959 750 1018 Verus
790 958 1116 1036 acciperet,
1165 974 1317 1034 quae
1355 955 1493 1017 data
1534 963 1625 1017 est
1666 956 1864 1017 Marco
1915 955 2139 1018 idcirco

207 1042 330 1117 quia
362 1041 466 1102 hic
501 1041 697 1103 adhuc
739 1043 930 1122 impar
971 1041 1284 1104 uidebatur
1316 1047 1538 1112 aetate,
1582 1048 1649 1103 ut
1688 1042 1751 1102 in
1791 1041 1976 1102 Marci
2013 1042 2137 1102 uita

149 1143 186 1180 10
207 1128 606 1206 exposuimus.
671 1127 840 1188 duxit
869 1134 1066 1188 autem
1097 1145 1349 1189 uxorem
1383 1127 1567 1188 Marci
1606 1126 1785 1187 filiam
1826 1124 2129 1188 Lucillam.
2168 1134 2205 1184 4

207 1211 489 1274 educatus
521 1219 616 1274 est
639 1213 706 1272 in
737 1212 914 1273 domo
937 1212 1271 1274 Tiberiana.
1308 1211 1537 1274 audiuit
1556 1211 1913 1272 Scaurinum
1934 1228 2133 1289 gram·-
2170 1218 2204 1269 5

205 1300 477 1359 maticum
522 1297 830 1368 Latinum,
890 1298 1100 1359 Scauri
1137 1297 1353 1368 filium,
1411 1298 1514 1374 qui
1553 1297 1976 1375 grammaticus
2019 1296 2134 1358 Ha-

205 1381 383 1444 driani
414 1384 562 1454 fuit,
599 1383 862 1445 Graecos
891 1383 1224 1462 Telephum
1256 1389 1436 1462 atque
1465 1381 1937 1452 Hefaestionem,
1984 1381 2133 1442 Har-

205 1469 644 1545 pocrationem,
677 1469 955 1530 rhetores
983 1467 1389 1548 Apollonium,
1424 1467 1695 1530 Celerem
1732 1467 2043 1529 Caninium
2075 1471 2135 1526 et

147 1572 184 1611 15
205 1552 502 1615 Herodem
531 1555 810 1624 Atticum,
842 1553 1117 1616 Latinum
1139 1551 1904 1620 Cornelium'Frontonem;
1938 1549 2129 1632 philo·

205 1637 422 1718 sophos
451 1639 835 1719 Apollonium
867 1646 926 1699 et
955 1639 1221 1700 Sextum.
1286 1638 1397 1699 hos
1427 1656 1635 1699 omnes
1676 1638 1897 1698 amauit
1936 1637 2130 1707 unice,
2168 1643 2201 1692 6

206 1733 376 1804 atque
407 1724 484 1786 ah
513 1724 608 1786 his
649 1726 908 1786 inuicem
957 1723 1210 1786 dilectus
1257 1731 1367 1792 est,
1412 1741 1526 1785 nec
1554 1731 1757 1784 tamen
1785 1723 2133 1800 ingeniosus

196 1809 274 1870 ad
295 1810 550 1871 litteraS.
613 1811 837 1872 amauit
866 1816 1064 1871 autem
1093 1811 1156 1870 in
1186 1809 1447 1889 pueritia
1474 1827 1693 1870 uersus
1721 1809 1949 1878 facere,
1996 1812 2133 1886 post
2168 1815 2199 1865 ’1

205 1897 520 1956 orationes.
587 1902 646 1956 et
685 1895 902 1956 melior
943 1895 1181 1976 quidem
1224 1899 1429 1955 orator
1472 1895 1659 1956 fuisse
1699 1893 1915 1955 dicitur
1956 1907 2133 1970 quam

151 1995 186 2034 20
207 1988 393 2057 poeta,
413 1982 620 2050 immo,
639 1987 706 2041 ut
729 1981 936 2041 uerius
959 1980 1172 2050 dicam,
1189 1981 1362 2059 peior
1374 1987 1741 2059 poetaquam
1766 1977 1992 2040 rhetor.
2020 1993 2133 2036 nec
2168 1984 2203 2034 8

209 2064 417 2126 desunt
447 2066 546 2144 qui
581 2063 801 2134 dicant,
847 2083 980 2126 eum
1011 2065 1275 2126 adiutum
1307 2066 1547 2144 ingenio
1580 2065 1926 2132 amicorum,
1959 2067 2135 2138 atque

209 2149 274 2210 ab
301 2149 430 2210 aliis
461 2151 518 2210 ei
545 2148 691 2210 illa
674 2167 823 2229 lpsa,
857 2148 1308 2230 qualiacumque
1340 2157 1499 2218 sunt,
1534 2150 1773 2228 scripta.
1810 2149 1861 2207 si
1894 2145 2134 2224 quidem

210 2233 416 2295 multos
449 2233 709 2296 disertos
735 2241 796 2294 et
819 2234 1084 2296 eruditos
1107 2254 1345 2315 semper
1366 2252 1570 2295 secum
1596 2231 1875 2295 hahuisse
1894 2231 2130 2292 dicitur.

212 2320 585 2381 educatorem
611 2319 819 2381 hahuit
847 2319 1252 2382 Nicomedem.
1284 2321 1396 2380 ruit
1424 2311 1841 2398 uoluptuarius
1872 2323 1931 2378 et
1959 2301 2135 2378 11111115
2170 2325 2203 2378 9

155 2420 192 2459 15
211 2403 388 2466 laetus
419 2413 481 2465 et
509 2404 792 2465 omnibus
822 2404 1050 2466 deliciis
1093 2404 1296 2466 ludis
1280 2406 1429 2465 locis
1458 2404 1754 2465 decenter
1772 2403 2131 2484 aptissimus

211 2497 336 2566 post
386 2491 711 2569 septimum
765 2507 988 2551 annum
1038 2491 1100 2550 in
1153 2489 1437 2551 familiam
1484 2488 1783 2551 Aureliam
1828 2488 2136 2550 traductus
2174 2495 2240 2547 10

211 2573 380 2635 Marci
411 2573 688 2636 moribus
719 2581 780 2635 et
800 2576 1153 2636 auctoritate
1173 2577 1467 2637 formatus
1498 2582 1607 2636 est.
1641 2575 1861 2637 amauit
1888 2578 2137 2634 uenatus

212 2659 522 2736 palaestras
555 2667 616 2720 61
647 2661 846 2721 omnia
876 2662 1159 2722 exercitia
1187 2661 1541 2721 iuuentutis
1595 2660 1827 2737 fuitque
1861 2658 2135 2739 priuatus
2171 2666 2234 2716 11

213 2745 265 2803 in
293 2745 465 2806 domo
495 2745 884 2824 imperatoria
915 2745 1129 2823 uiginti
1161 2753 1221 2806 et
1250 2743 1447 2806 trihus
1478 2746 1667 2806 annis.

157 2845 194 2886 so
327 2829 453 2902 Qua
485 2829 586 2890 die
617 2837 822 2908 togam
851 2829 1086 2892 uirilem
1118 2832 1313 2893 Verus
1342 2832 1601 2910 accepit,
1632 2829 1969 2891 Antoninus
1998 2827 2139 2887 Pius
2166 2820 2209 2886 3

215 2931 272 2973 ea
301 2917 613 2976 occasione
647 2933 759 2994 qua
792 2916 978 2994 patris
1007 2915 1299 2996 templum
1328 2914 1642 2977 dedicabat
1666 2911 1892 2995 populo
1922 2910 2138 2972 libera-

301 3119 334 3167 9
355 3117 536 3168 adhoc
557 3117 730 3167 BPM
747 3133 840 3168 em.
873 3118 1092 3168 Vrsinus
1213 3119 1279 3168 12
1302 3117 1571 3170 Scaurum
1594 3117 1663 3168 M
1767 3118 1831 3169 13
1854 3114 2139 3181 talephum

215 3182 304 3232 BP
397 3191 570 3250 atque
597 3185 894 3236 fertionem
913 3186 1018 3237 BP
1039 3201 1156 3239 exe.
1181 3186 1251 3236 M
1276 3190 1337 3236 at
1341 3201 1447 3250 que
1472 3184 1897 3237 Hefaestionem
1917 3184 2109 3248 scripsi

216 3254 650 3317 arpocrationem
673 3250 865 3304 BP’M
889 3269 1007 3305 exe.
1061 3201 1538 3388 αββὲββοοαέἰοιιωιι
1569 3252 1641 3304 1²¹
1792 3255 1857 3302 14
1888 3251 2140 3302 rethores

215 3319 590 3386 Appollonium
612 3321 718 3371 BP
827 3321 1100 3373 caelerem
1453 3319 1754 3388 pollonium
1775 3319 1879 3370 BP
1978 3331 2137 3370 omne

217 3385 344 3438 B¹P¹
479 3391 548 3440 20
572 3389 762 3440 rethor
783 3387 887 3440 BP
1019 3391 1085 3440 26
1103 3389 1396 3441 traductos
1416 3389 1511 3440 3¹
1624 3391 1691 3441 2⁷
1716 3388 1837 3440 anit
1858 3385 1929 3439 P¹
2042 3398 2136 3434 ue-

217 3460 364 3505 natos
385 3455 458 3506 B¹
573 3459 641 3512 28
677 3456 926 3524 palestra.
959 3457 1059 3510 sed
1081 3457 1185 3507 BP
1284 3460 1351 3510 31
1386 3458 1709 3510 occassione
1732 3456 1785 3506 B
1894 3459 2138 3518 tempum

219 3520 500 3578 dedicebat
519 3523 642 3576 BP¹
