2517 3884
965 202 1362 261 PRAEFATIO.
2021 209 2134 264 XIX

186 340 436 413 exceptis
461 339 618 400 locis,
645 339 738 395 uhi
764 339 942 396 editor
965 357 1066 395 suo
1092 339 1317 412 ingenio
1348 341 1621 396 interdum
1653 340 1890 399 feliciter
1917 342 2137 418 saepius

187 440 392 499 parum
423 424 768 480 considerate
800 423 1028 480 indulsit
1058 432 1151 481 aut
1181 425 1472 498 typotheta
1502 426 1675 483 falsus
1707 436 1807 489 est,
1839 429 1893 484 in
1914 429 2141 484 uniuer-

190 526 318 566 sum
342 509 550 566 librum
579 507 734 564 illum
764 509 1081 565 Vaticanum
1113 503 1591 583 repraesentetffi)

321 597 373 650 5.
406 595 595 651 codeoe
607 593 1021 649 Ambrosianus
1039 595 1288 667 signatus
1311 597 1358 650 A
1380 596 1653 652 269inser.
1681 596 2139 659 membranaceus,

191 682 372 738 forma
413 681 666 740 maxima,
711 676 974 734 foliorum
1003 680 1120 741 216,
1168 694 1277 735 sec.
1310 679 1413 741 XV,
1456 680 1625 737 nitide
1668 685 1926 756 scriptus·
1999 681 2140 738 Inc.:

195 765 498 840 ,Spartiani
540 763 606 819 de
648 761 894 820 hadriani
939 765 1291 838 imperatoris
1323 767 1437 820 uita
1468 764 1534 821 ad
1565 766 1940 824 dioclitianum
1971 783 2144 839 augu-

195 859 358 908 stum.
435 848 640 922 Origo?
714 848 898 922 Expl.:
959 849 1228 922 ,potuisse
1284 850 1617 906 contendas’.
1706 851 1827 908 Vita
1856 850 2140 907 Alexandri

197 936 390 993 eadem
436 935 868 1007 transpositione
912 942 996 989 est
1035 941 1298 1008 corrupta
1330 953 1437 1008 qua
1469 937 1523 990 in
1555 933 1608 991 B
1638 943 1694 992 et
1724 935 1791 998 P,
1824 937 1879 990 in
1911 951 2145 1009 sequen-

201 1021 351 1078 tibus
383 1036 522 1076 uero
544 1019 679 1075 uitis
711 1026 766 1074 et
795 1020 850 1074 in
865 1017 985 1074 Cari
1009 1018 1442 1093 Numerianique
1464 1037 1697 1094 prorsus
1721 1022 1999 1077 consentit
2022 1035 2146 1077 cum

195 1107 458 1162 Vaticano
472 1105 626 1165 5301,
641 1111 704 1160 ut
721 1120 786 1159 ex
805 1101 1080 1159 simillimo
1101 1103 1254 1160 fonte
1278 1097 1498 1160 fluxisse
1519 1104 1827 1168 uideantur,
1843 1121 1965 1162 cum
1985 1105 2147 1161 etiam

198 1195 254 1247 in
287 1206 353 1246 eo
386 1188 550 1251 libro,
571 1188 718 1244 unde
731 1188 849 1243 Vat.
874 1187 969 1244 ille
999 1196 1084 1244 est
1111 1189 1440 1262 descriptus,
1466 1189 1696 1245 eundem
1722 1188 1877 1246 illum
1906 1192 2147 1264 capitum

201 1277 352 1331 uitae
392 1272 682 1352 Alexandri
738 1273 981 1329 ordinem
1032 1273 1207 1330 fuisse
1260 1272 1624 1330 docuerimus.
1689 1274 1837 1347 quod
1888 1273 2149 1330 iudicium
2418 1266 2420 1300 Ι

205 1359 502 1434 scripturis
556 1369 689 1432 quas
732 1375 797 1413 ex
843 1373 928 1419 eo,
979 1373 1102 1412 cum
1133 1357 1420 1414 Mediolani
1474 1373 1669 1420 essem,
1723 1360 1959 1422 enotaui,
2016 1360 2149 1415 satis

205 1443 580 1502 confirmatur.
628 1450 683 1498 at
713 1457 848 1498 uero
879 1442 1027 1498 uitae
1058 1444 1114 1497 in
1144 1459 1209 1498 eo
1242 1442 1318 1498 ita
1348 1451 1477 1499 sunt
1508 1443 1824 1517 dispositae,
1867 1451 1931 1499 ut
1962 1459 2151 1500 omnes

204 1535 462 1587 accurate
504 1525 873 1602 respondeant
912 1535 1221 1601 temporum
1266 1528 1485 1590 rationi.
1529 1531 1636 1584 nisi
1679 1528 1827 1603 quod
1870 1529 2033 1585 etiam
2062 1527 2153 1584 hic

157 1611 163 1618 ’
204 1614 370 1671 Auidi
404 1621 460 1669 et
482 1612 598 1668 Didi
626 1614 776 1668 uitae
809 1610 930 1668 loca
961 1613 1104 1668 inter
1134 1629 1194 1669 se
1227 1621 1541 1669 conmutata
1574 1621 1777 1677 tenent,
1804 1621 1968 1687 atque
1991 1614 2153 1668 etiam

205 1704 262 1756 in
294 1700 429 1757 uitis
462 1697 834 1754 Gallienorum
879 1696 1058 1753 minus
1088 1697 1382 1770 diligenter
1411 1699 1646 1772 uestigia
1675 1699 1958 1772 archetypi
1990 1696 2156 1753 libra-

209 1788 328 1842 rius
360 1800 485 1840 esse
509 1789 730 1839 secutus
754 1780 990 1843 uidetur,
1022 1799 1145 1839 cum
1171 1783 1608 1856 spatioduo‘rum
1637 1787 1871 1840 triumue
1894 1778 2162 1839 uersuum

211 1886 392 1928 uacuo
433 1868 630 1925 relicto
665 1867 886 1923 omnino
919 1869 1197 1923 omitteret
1238 1869 1420 1925 omnia
1450 1868 1542 1925 illa
1572 1868 1869 1931 uerborum
1900 1865 2154 1929 frustula,

213 1972 353 2030 quae
384 1955 668 2010 maximam
696 1959 909 2027 partem
941 1960 1191 2009 accurate
1223 1953 1440 2027 depicta
1472 1961 1603 2009 sunt
1632 1954 1683 2009 in
1709 1954 1985 2011 Vaticano.

339 2039 582 2113 Denique
614 2038 721 2094 huc
750 2039 991 2111 pertinet
1018 2028 1024 2034 ’

341 2127 393 2180 6.
423 2125 611 2181 codex
632 2121 1050 2178 MurbacensiS.
1104 2139 1267 2196 quem
1295 2130 1359 2178 ut
1385 2123 1779 2194 inuestigarem
1833 2138 2159 2196 quamquam

217 2209 350 2267 mihi
381 2225 496 2264 non
525 2206 777 2280 contigit,
823 2215 1000 2263 tamen
1043 2214 1097 2262 et
1128 2222 1191 2261 ex
1224 2207 1416 2263 ordine
1448 2223 1559 2279 quo
1591 2207 1738 2262 uitae
1767 2207 1982 2280 positae
2012 2216 2156 2270 sunt,

217 2305 274 2351 et
315 2311 380 2350 ex
429 2291 741 2367 scripturis,
796 2308 935 2365 quae
988 2290 1199 2349 adlatae
1251 2300 1381 2349 sunt
1435 2292 1491 2346 in
1535 2291 1783 2366 exemplo
1818 2291 2158 2350 Frobeniano

218 2379 394 2452 (Basil.
417 2377 572 2450 1518)
597 2377 837 2450 adparet,
871 2377 1052 2451 ipsum
1083 2394 1303 2452 quoque
1333 2379 1388 2433 in
1418 2392 1647 2433 numero
1678 2377 1879 2433 horum
1912 2377 2161 2434 codicum

219 2481 344 2521 esse
372 2462 682 2520 habendum
709 2477 890 2534 neque
922 2469 1100 2518 tamen
1131 2461 1363 2518 multum
1393 2461 1544 2529 noui,
1578 2460 1792 2518 etiamsi
1822 2461 1981 2519 nobis
2003 2477 2161 2536 prae-

222 2558 310 2605 sto
353 2548 570 2610 fuisset,
615 2564 680 2603 ex
721 2563 788 2603 eo
829 2546 1262 2604 redundaturum
1305 2547 1475 2605 fuisse
1516 2545 1582 2602 ad
1613 2547 1782 2604 uerba
1814 2546 2159 2608 emendanda,

221 2650 348 2691 cum
379 2631 631 2688 omnibus
661 2633 718 2687 in
747 2631 912 2688 rebus
944 2649 1064 2688 cum
1096 2631 1152 2688 B
1176 2640 1232 2689 et
1253 2631 1309 2688 P
1334 2632 1511 2690 facere
1539 2631 1811 2712 uideatur.
1842 2647 2011 2706 quare
2042 2631 2161 2688 eius

221 2718 438 2774 iactura
464 2716 610 2772 haud
638 2716 713 2772 ita
743 2715 976 2772 dolenda
1005 2724 1108 2772 est.
1146 2718 1379 2774 multum
1409 2731 1546 2774 uero
1577 2719 1625 2772 ei
1656 2715 1802 2774 libro
1825 2717 2010 2792 (quem
2027 2715 2162 2771 Fro-

224 2801 424 2858 benius
453 2816 582 2855 casu
610 2809 838 2859 nanctus
880 2809 967 2858 est
1009 2819 1072 2858 ex
1113 2802 1454 2860 monasterio
1485 2801 1847 2874 Murbacensi)
1888 2800 2164 2875 scriptura

227 2886 456 2958 uolgata
487 2883 664 2946 debet,
696 2903 816 2942 cum
839 2887 1111 2950 Erasmus,
1145 2890 1236 2962 qui
1272 2887 1565 2944 editionem
1598 2886 1745 2943 illam
1776 2887 2007 2948 curauit,
2040 2885 2163 2960 plu-

229 2973 366 3028 rima
416 2969 612 3025 menda
665 2969 720 3024 in
770 2969 938 3028 altera
978 2971 1176 3028 horum
1222 2975 1554 3046 scriptorum
1600 2979 1759 3046 parte
1799 2975 1916 3027 eius
1957 2969 2161 3027 auxilio

231 3056 528 3112 correxerit
557 3055 862 3112 conmentis
889 3055 1204 3130 Egnatianis
1235 3059 1443 3114 eiectis.
1476 3057 1541 3112 ad
1562 3059 1812 3130 'priorem
1840 3073 1966 3114 cum
1997 3062 2162 3119 „octo

368 3308 454 3372 13)
479 3307 708 3358 Falsum
740 3322 863 3360 esse
887 3306 1186 3358 Iordanum
1218 3307 1278 3358 in
1308 3305 1656 3372 praefatione
1684 3306 1946 3358 editionis
1980 3304 2167 3370 p.XX‚

239 3376 376 3440 quod
411 3377 548 3442 ,ipso
571 3375 832 3426 Palatino
867 3375 1012 3426 libro
1045 3389 1204 3426 usum
1240 3389 1362 3426 esse
1398 3375 1665 3442 editorem
1703 3374 1937 3438 (Bonum
1964 3371 2170 3421 Accur-

237 3443 391 3508 sium)
448 3445 641 3496 eiusne
685 3459 718 3494 a
759 3443 1018 3510 ographo'
1063 3443 1283 3502 statuit,
1329 3442 1705 3493 conmentario
1748 3446 1937 3492 nostro
1971 3438 2167 3488 critico

239 3513 550 3573 euincetur3
593 3512 697 3562 toti
738 3527 822 3563 em
849 3512 996 3561 enim
1020 3510 1307 3561 fer-eloeis
1334 3525 1455 3560 cum
1484 3509 1536 3560 B
1560 3509 1836 3560 consentit
1860 3505 2026 3559 editio
2051 3504 2173 3554 Me-

239 3580 574 3632 diolanensis
597 3585 731 3644 quot
755 3595 879 3630 eum
905 3580 970 3629 P.
1163 3581 1166 3584 ’

117 3683 165 3856 ἱ
1019 3707 1027 3715 ,
1684 3661 1764 3709 b*
