2517 3884
399 176 479 243 16
1104 180 1237 237 IVLI
1277 178 1642 237 CAPITOLINI

320 356 361 407 '7
397 350 557 417 bant,
612 347 925 408 consilium
956 345 1189 416 hahuit,
1238 347 1378 425 quid
1411 348 1566 407 sacto
1599 364 1748 427 opus
1781 355 1956 408 esset.
2022 346 2098 409 de
2129 350 2332 409 consi-

354 458 359 465 ·
395 435 475 495 lio
520 433 592 495 ad
624 434 965 493 contionem
1024 434 1350 512 processit,
1413 434 1478 493 in
1536 452 1651 512 qua
1711 434 1990 493 contione
2031 432 2210 494 multa
2269 436 2334 495 in

396 521 589 589 Afros,
622 518 806 579 multa
836 520 896 577 in
920 516 1306 586 Gordianum,
1333 516 1502 596 plura
1532 520 1596 577 in
1627 525 1901 578 senatum
1930 518 2084 577 dixit
2115 518 2332 580 cohor-

395 612 668 684 tatusque
697 602 915 664 milites
946 601 1018 662 ad
1050 619 1399 663 communes
1429 604 1680 665 iniurias
1708 601 2116 664 uindicandas.

288 686 380 751 18
527 689 734 751 Contio
766 687 1021 765 denique
1055 688 1250 748 omnis
1293 686 1567 749 militaris
1607 688 1750 758 fuit,
1785 689 1953 747 cuius
1983 686 2100 750 hoc
2131 707 2334 749 exem·
2389 701 2414 741 ⁵

396 775 559 855 plum
594 779 714 833 est:
762 771 1268 842 „ConmilitoneS‚
1311 791 1442 833 rem
1481 772 1654 833 uobis
1709 779 1912 833 notam
1942 774 2334 852 proferimus,

396 859 525 921 Afri
583 857 757 918 fidem
816 858 1146 935 fregerunt.
1237 876 1374 917 nam
1437 858 1675 933 quando
1739 859 2112 941 tenuerunt?
2179 860 2335 920 Gor-

398 944 611 1005 dianus
642 960 826 1003 senex
866 941 1081 1003 debilis
1124 950 1183 1003 et
1223 944 1404 1003 morti
1443 943 1675 1003 uicinus
1707 944 1961 1022 sumpsit
1991 944 2334 1022 imperium.

328 1040 361 1089 2
400 1029 760 1090 sanctissimi
794 1034 987 1087 autem
1022 1047 1081 1108 p.
1115 1045 1165 1087 c.
1201 1026 1307 1095 illi,
1355 1028 1454 1104 qui
1485 1036 1544 1089 et
1572 1026 1889 1088 Romulum
1926 1034 1986 1088 et
2017 1028 2336 1091 Caesarem

398 1113 775 1181 occiderunt,
837 1130 933 1173 me
994 1112 1228 1173 hostem
1272 1112 1705 1181 iudicauerunt,
1753 1131 1888 1173 cum
1917 1132 2028 1193 pro
2073 1112 2168 1173 his
2223 1122 2338 1194 pli-
2363 1127 2414 1165 10

396 1216 643 1277 gnarem
676 1205 735 1259 et
762 1199 911 1277 ipsis
942 1200 1266 1267 uincerem,
1293 1215 1405 1258 nec
1436 1197 1629 1258 solum
1658 1216 1756 1258 me
1787 1198 1892 1258 sed
1924 1198 2102 1259 etiam
2135 1217 2246 1259 uos
2279 1207 2340 1259 et

400 1302 609 1346 omnes
670 1284 773 1360 qui
830 1301 1067 1343 mecum
1126 1284 1408 1351 sentiunt,
1473 1290 1532 1343 et
1575 1282 1936 1352 GordianoS‚
2001 1290 2233 1361 patrem
2267 1303 2338 1344 ac

289 1368 600 1444 flatilium,
632 1370 927 1445 Augustos
986 1375 1294 1429 uocarunt.
1385 1374 1526 1445 ng
1588 1369 1638 1428 si
1700 1369 1816 1428 uiri
1861 1369 2036 1437 estiS‚
2079 1370 2133 1428 si
2171 1370 2338 1429 uires

399 1454 649 1521 habetis,
715 1470 917 1513 eamus
949 1460 1155 1514 contra
1188 1459 1461 1513 senatum
1495 1460 1554 1513 et
1581 1454 1789 1522 Afros,
1853 1469 2106 1530 quorum
2140 1456 2335 1515 omni-

296 1546 367 1613 [4
399 1558 498 1599 um
561 1537 716 1598 hona
790 1555 900 1597 uos
972 1535 1335 1598 habehitiS.“
1437 1538 1586 1598 Dato
1645 1540 1825 1615 igitur
1885 1538 2214 1618 stipendio,
2277 1546 2339 1599 et
2365 1552 2416 1592 15

348 1676 355 1684 .
402 1622 638 1700 quidem
670 1622 933 1699 ingenti,
981 1621 1230 1683 Romam
1291 1640 1504 1683 uersus
1565 1640 1698 1683 cum
1731 1624 1998 1684 exercitu
2030 1624 2336 1703 proficisci

400 1708 615 1786 coepit.

304 1788 387 1855 19
532 1792 649 1853 Sed
682 1791 1018 1853 Gordianus
1047 1793 1108 1853 in
1137 1790 1336 1853 Africa
1365 1793 1629 1871 primum
1659 1811 1692 1867 a
1724 1792 2042 1871 Capeliano
2077 1793 2338 1871 quodam

403 1879 613 1955 agitari
654 1879 883 1956 coepit,
946 1878 1041 1937 cui
1080 1876 1318 1938 Mauros
1359 1880 1594 1956 regenti
1625 1896 2034 1940 successorem
2067 1879 2335 1940 dederat.

334 1974 366 2023 2
405 1963 611 2024 contra
672 1981 846 2042 quem
906 1961 1094 2023 filium
1151 1964 1430 2023 iuuenem
1491 1982 1626 2023 cum
1683 1965 1978 2033 misisset,
2043 1966 2340 2025 acerrima
2365 1979 2414 2019 20

337 2106 340 2111 .
393 2044 601 2129 'pugna
626 2049 942 2109 interfecto
968 2046 1089 2109 filio
1121 2050 1251 2127 ipse
1282 2047 1493 2127 laqueo
1523 2051 1704 2109 uitam
1731 2049 1902 2118 finiit,
1926 2049 2148 2118 sciens,
2187 2056 2244 2109 et
2270 2051 2340 2109 in

403 2135 720 2195 Maximino
775 2132 1027 2194 multum
1082 2152 1217 2194 esse
1268 2132 1504 2194 roboris
1551 2140 1610 2194 et
1639 2135 1701 2193 in
1731 2134 1888 2194 Afris
1917 2132 2064 2193 nihil
2096 2136 2336 2203 uirium,

332 2232 371 2280 3
404 2219 653 2281 multum
688 2220 829 2296 quin
859 2220 1040 2280 immo
1071 2218 1373 2298 perfidiae.
1450 2226 1591 2279 tunc
1622 2217 1972 2299 Capelianus
2002 2220 2197 2279 uictor
2223 2237 2340 2299 pro

406 2304 727 2365 Maximino
759 2321 969 2364 omnes
1001 2303 1288 2365 Gordiani
1317 2309 1477 2363 metu
1507 2306 1762 2383 partium
1795 2304 1857 2363 in
1886 2303 2083 2365 Africa
2113 2306 2338 2365 intere-

407 2390 517 2448 mit
546 2395 725 2466 atque
766 2390 1121 2467 proscripsit
1164 2406 1277 2449 nec
1323 2390 1594 2466 cuiquam
1626 2390 1928 2468 pepercit,
1992 2406 2243 2465 prorsus
2269 2397 2338 2449 ut
2368 2405 2419 2445 25

336 2484 371 2534 4
408 2490 477 2532 ex
520 2474 719 2532 animo
748 2471 1051 2538 Maximini
1091 2472 1398 2533 uideretur
1440 2472 1589 2533 haec
1629 2474 1845 2534 facere.
1921 2474 2190 2535 ciuitates
2231 2473 2339 2533 de-

409 2692 626 2744 Obrecht
654 2708 763 2742 non
789 2694 1067 2757 poterant,
1097 2690 1386 2758 consilium
1409 2690 1607 2742 habuit
1642 2693 1773 2759 quid
1809 2694 1960 2743 facto
1996 2708 2136 2758 opus
2171 2697 2342 2743 esset.

410 2761 509 2811 sed
532 2760 801 2810 tacebant
826 2764 884 2809 et
909 2759 1120 2809 factum
1144 2758 1185 2809 S
1280 2762 1306 2808 1
1336 2758 1431 2808 sed
1457 2759 1624 2811 BPM
1647 2762 1715 2812 de
1741 2778 1832 2816 em,
1857 2760 1898 2810 S
2011 2764 2041 2811 7
2070 2761 2242 2827 fregit
2265 2760 2340 2809 Βι

510 2832 542 2881 8
569 2826 809 2894 senexlsl
830 2828 881 2877 P
1037 2829 1099 2877 12
1126 2828 1218 2891 qui
1242 2825 1473 2893 mecum]
1502 2830 1555 2877 in
1577 2828 1630 2879 B
1653 2838 1706 2879 ec
1730 2832 1780 2879 P
1798 2832 2055 2895 sequitur:
2093 2845 2256 2894 quam
2279 2834 2344 2879 et

408 2898 631 2947 senatui
654 2895 1099 2961 acceptissimam
1124 2900 1181 2945 et
1207 2911 1257 2960 q.
1286 2910 1327 2945 s,
1353 2895 1508 2947 Maoe.
1535 2896 1805 2948 etBalb.8.
1829 2899 2099 2947 interiecta
2113 2905 2232 2949 sunt
2253 2914 2343 2949 uu.

407 2966 696 3028 „sentiunt
720 2969 778 3014 et
803 2964 1112 3015 Gordianos
1136 2991 1202 2999 —
1226 2963 1586 3013 seueritatem
1619 2965 1740 3015 eius
1771 2965 2018 3016 homines
2041 2964 2346 3031 uulgares“

410 3033 589 3096 (Max.
617 3040 669 3083 et
689 3032 841 3084 Balb.
867 3032 920 3097 8)
946 3034 999 3082 in
1022 3032 1075 3081 Β
1100 3038 1151 3083 et
1172 3034 1224 3083 P
1240 3039 1360 3097 post
1381 3049 1462 3081 nu.
1488 3035 1576 3083 uit.
1605 3034 1763 3085 Alex.
1789 3036 1884 3084 58:
1908 3033 2070 3083 uario
2093 3038 2344 3098 tempore

408 3117 533 3151 cum
556 3102 726 3150 etiam
751 3100 817 3150 de
842 3100 1077 3151 Isauria.
1148 3100 1217 3151 In
1242 3100 1308 3150 M
1327 3101 1454 3151 haec
1485 3102 1626 3151 edita
1657 3109 1802 3151 sune:
1837 3101 1933 3166 qui
1964 3116 2176 3151 mecum
2211 3105 2347 3151 sunt

403 3184 546 3233 quos
570 3172 627 3218 et
654 3170 874 3219 senatui
897 3169 1318 3235 acceptissimos
1343 3172 1398 3218 et
1425 3168 1532 3218 sibi
1556 3168 1977 3219 aduersissimos
2003 3184 2126 3219 esse
2153 3167 2346 3219 crede-

406 3238 560 3287 bant.
612 3246 780 3300 quare
816 3236 1027 3287 factum
1062 3241 1147 3288 est
1181 3264 1247 3273 --
1283 3237 1459 3300 (Max.
1483 3243 1536 3286 et
1557 3236 1711 3289 Balh.
1739 3237 1794 3300 8)
1831 3236 2089 3287 Caesaris
2122 3236 2344 3287 nomine

408 3308 809 3368 nuncuparent.
846 3306 1016 3356 Vario
1040 3310 1290 3371 tempore
1317 3320 1438 3355 cum
1473 3304 1643 3353 etiam
1668 3304 1735 3355 de
1762 3305 1978 3355 Isauria
2006 3305 2256 3355 sentiunt
2281 3308 2346 3353 et

409 3372 719 3423 Gordianos
744 3377 958 3437 patrem
984 3378 1040 3423 et
1066 3389 1116 3439 q.
1145 3389 1185 3424 s.
1305 3376 1366 3424 13
1392 3373 1510 3422 siue
1537 3387 1626 3422 res
1649 3372 1702 3421 Β
1817 3374 1880 3423 16
1905 3372 2128 3437 quidam
2152 3372 2255 3422 BP

409 3440 712 3491 exercitum
734 3440 787 3489 Β
926 3446 989 3494 18
1012 3450 1129 3507 post
1152 3443 1383 3509 primum
1405 3442 1458 3490 in
1482 3441 1532 3488 P
1553 3455 1579 3489 s
1603 3457 1740 3492 eras.
1875 3444 1943 3491 20
1963 3440 2132 3489 filiam
2156 3440 2206 3489 B

406 3509 471 3559 21
498 3509 556 3557 in
581 3524 673 3561 om.
696 3508 773 3558 P1
912 3512 980 3561 24
1004 3511 1311 3563 Gordianos
1334 3512 1484 3559 motu
1508 3508 1569 3557 M
1705 3510 1772 3560 26
1794 3509 2016 3559 uidetur
2037 3508 2144 3557 BP
