2517 3884
773 159 1088 220 BONOSVS.
1177 162 1233 219 C.
1283 167 1519 218 12—15.
1989 157 2119 224 213

183 341 384 410 agunt,
428 332 534 410 qui
573 331 704 390 ioco
737 329 941 390 solent
980 330 1199 400 dicere,
1247 329 1361 390 sibi
1403 348 1523 390 non
1564 330 1801 410 placere
1846 349 1978 392 esse
2019 332 2118 392 uel

180 416 486 498 principes
517 414 616 475 uel
645 413 927 475 latrones,
990 414 1150 476 Haec
1180 415 1359 493 digna
1388 423 1722 476 memoratu
1754 415 1827 475 de
1858 415 2116 477 Proculo
2153 425 2187 473 6

180 501 461 562 didicisse
514 517 610 561 me
662 500 926 560 memini.
980 501 1291 564 ueniamus
1349 499 1419 561 ad
1480 500 1816 592 Bonosum,
1878 501 1952 561 de
1998 517 2117 578 quo

179 584 366 648 multo
397 587 631 649 minora
671 579 933 645 condidi.

129 735 156 776 5
314 722 659 784 Bonosus
700 719 876 781 domo
920 721 1303 798 Hispaniensi
1344 722 1472 792 fuit,
1506 723 1716 800 orgine
1746 723 2111 791 Brittannus,
2138 718 2222 783 14

182 805 345 868 Galla
387 814 588 867 tamen
635 812 843 873 matre,
907 812 974 866 ut
1031 807 1160 884 ipse
1221 805 1457 866 dicebat
1508 805 1769 867 rhetoris
1810 806 1987 876 filius,
2050 815 2117 867 ut

181 891 256 952 ab
300 891 429 951 aliis
489 891 756 968 comperi
779 915 784 918 ·
794 889 1123 968 paedagogi
1165 889 1457 953 litterarii.
1533 891 1819 969 paruulus
1882 898 2116 970 patrem

180 977 379 1036 amisit
409 982 586 1054 atque
632 993 666 1034 a
705 981 896 1035 matre
937 974 1260 1036 fortissima
1293 975 1575 1036 educatus
1607 975 1940 1037 litterarum
1970 974 2119 1035 nihil

181 1059 404 1120 didicit.
451 1060 725 1122 militauit
766 1059 1028 1136 primum
1068 1061 1225 1120 inter
1267 1059 1629 1128 ordinarios,
1691 1059 1907 1120 deinde
1957 1062 2117 1120 inter
2152 1071 2185 1120 2

99 1160 155 1200 10
187 1145 453 1220 equites;
510 1144 679 1204 duxit
719 1144 980 1213 ordineS,
1026 1143 1365 1205 tribunatus
1406 1146 1554 1222 egit,
1609 1144 1729 1205 dux
1763 1143 1967 1204 limitis
2000 1143 2115 1204 Re-

179 1230 281 1289 tici
313 1230 441 1298 fuit,
475 1227 643 1298 bibit,
680 1235 966 1304 quantum
997 1228 1307 1290 hominum
1333 1247 1525 1290 nemo.
1591 1228 1667 1289 de
1707 1227 1822 1288 hoc
1850 1228 2115 1288 Aurelia·
2152 1241 2186 1288 3

177 1332 295 1374 nus
327 1331 504 1392 saepe
535 1312 794 1373 dicebat:
820 1313 994 1383 „Non
1026 1319 1093 1374 ut
1119 1315 1287 1375 uiuat
1314 1320 1489 1374 natus
1520 1320 1625 1384 est,
1661 1313 1766 1373 sed
1797 1320 1863 1373 ut
1886 1311 2113 1382 bibar‘,

179 1415 359 1474 quem
412 1397 651 1474 quidem
692 1395 795 1458 diu
835 1399 899 1458 in
939 1397 1169 1459 honore
1200 1396 1408 1458 habuit
1452 1417 1630 1459 causa
1674 1396 1933 1458 militiae.
1978 1415 2117 1458 nam
2151 1409 2187 1457 4

182 1483 234 1542 si
264 1483 502 1561 quando
533 1481 714 1560 legati
744 1480 1137 1544 barbarorum
1168 1483 1585 1562 undecumque
1614 1484 1881 1562 gentium
1913 1483 2115 1542 uenis·

97 1582 154 1623 15
180 1574 331 1635 sent,
391 1568 506 1646 ipsi
545 1566 1036 1645 propinabantur,
1080 1573 1146 1627 ut
1186 1585 1289 1627 eos
1327 1567 1654 1629 inebriaret
1692 1574 1872 1644 atque
1918 1565 1991 1627 ab
2021 1566 2118 1626 his

177 1671 288 1731 per
319 1653 524 1712 uinum
551 1657 760 1712 cuncta
783 1658 1188 1730 cognosceret.
1223 1654 1355 1731 ipse
1386 1651 1816 1733 quantumlibet
1847 1650 2113 1721 bibisset,

181 1755 420 1816 semper
451 1754 702 1797 securus
727 1745 784 1797 et
814 1736 1052 1798 sobrius
1085 1746 1160 1807 et,
1204 1744 1272 1797 ut
1313 1738 1633 1800 Onesimus
1662 1737 1824 1807 dicit,
1859 1737 2117 1816 scriptor

177 1823 335 1883 uitae
377 1820 814 1890 Probi,'adhuc
865 1823 927 1882 in
970 1823 1110 1883 uino
1145 1821 1517 1900 prudentior.
1566 1821 1773 1883 habuit
1800 1831 2114 1901 praeterea
2151 1829 2184 1880 5

177 1924 308 1969 rem
350 1905 715 1974 mirabilem,
776 1913 844 1966 ut
894 1914 1178 1982 quantum
1236 1905 1487 1967 bibisset
1527 1914 1755 1967 tantum
1802 1907 2113 1982 mingeret,

95 2007 150 2045 20
177 2009 376 2069 neque
411 2006 688 2066 umquam
721 1991 850 2048 eius
881 1998 980 2049 aut
1009 1997 1219 2068 pectus
1251 1997 1353 2050 aut
1380 1998 1595 2051 uenter
1624 1997 1724 2050 aut
1752 1992 1951 2050 uesica
1981 2006 2115 2066 gra-

175 2081 445 2134 uaretur.

307 2157 418 2218 Hic
447 2157 624 2225 idem,
659 2175 794 2217 cum
827 2157 1083 2237 quodam
1114 2165 1387 2238 tempore
1415 2160 1479 2218 in
1506 2155 1676 2219 Reno
1701 2157 1999 2220 Romanas
2025 2156 2115 2219 lu·
2132 2156 2221 2221 15

180 2242 372 2303 sorias
425 2241 710 2302 Germani
747 2241 1192 2312 «incendissent,
1252 2245 1469 2302 timore
1532 2260 1609 2303 ne
1659 2259 1885 2322 poenas
1926 2243 2112 2312 daret,

115 2344 120 2348 ·
180 2328 436 2406 sumpsit
464 2327 801 2425 imperium,
849 2324 1028 2404 idque
1071 2326 1289 2388 diutius
1323 2328 1512 2387 tenuit
1541 2344 1719 2404 quam
1748 2327 2109 2388 merebatur.

97 2428 152 2470 25
179 2429 317 2481 nam
373 2411 552 2490 longo
607 2412 896 2488 grauique
953 2413 1279 2474 certamine
1322 2430 1355 2472 a
1407 2411 1604 2473 Probo
1652 2419 1968 2492 superatus
2026 2410 2111 2472 la·
2148 2427 2182 2476 2

179 2512 336 2573 queo
379 2498 559 2558 uitam
602 2497 812 2566 finiuit,
847 2513 992 2557 cum
1035 2497 1277 2574 quidem
1320 2499 1491 2558 iocus
1523 2497 1730 2568 extitit,
1764 2495 2112 2577 amphoram

174 2579 462 2660 pendere,
507 2599 628 2641 non
670 2581 992 2642 hominem.
1038 2581 1224 2644 Filios
1259 2581 1413 2643 duos
1441 2581 1702 2660 reliquit,
1737 2581 1955 2659 quibus
1986 2600 2110 2642 am·
2149 2597 2182 2646 3

174 2665 372 2726 bobus
400 2663 633 2726 Probus
663 2668 952 2746 pepercit,
997 2685 1186 2728 uxore
1227 2684 1465 2747 quoque
1497 2669 1627 2728 eius
1654 2669 1716 2727 in
1746 2666 1976 2727 honore
2006 2665 2111 2726 ha-

177 2751 299 2810 bita
329 2757 391 2810 et
415 2767 610 2828 usque
640 2749 714 2810 ad
744 2756 1000 2810 mortem
1031 2750 1248 2812 salario
1275 2753 1582 2830 praestito.
1616 2751 1805 2811 fuisse
1838 2751 1997 2811 enim
2022 2749 2111 2811 di·
2146 2766 2182 2814 4

98 2856 150 2897 30
177 2837 354 2904 citur,
387 2840 455 2894 ut
485 2839 545 2894 et
574 2851 722 2895 auus
751 2851 923 2896 meus
954 2833 1207 2906 dicebat,
1241 2836 1465 2896 semina
1500 2836 1817 2912 singularis
1852 2832 2112 2912 exempli

177 2927 239 2980 et
265 2918 532 2980 familiae
564 2917 798 2990 nobilis„
839 2920 1034 2997 gentis
1063 2927 1266 2980 tamen
1297 2917 1613 2988 Gothicam
1662 2935 1836 2996 quam
1877 2917 1963 2978 illi
1994 2920 2111 2980 Au-

175 3004 440 3066 relianus
500 3021 752 3065 uxorem
804 3002 1031 3065 idcirco
1075 3003 1323 3066 dederat
1376 3012 1439 3065 ut
1489 3022 1601 3084 per
1650 3021 1783 3064 eum
1827 3021 1859 3064 a
1903 3001 2113 3063 Gothis

314 3122 354 3190 1
369 3138 596 3206 plaeere
621 3137 691 3187 B¹
830 3141 862 3189 3
887 3138 1088 3188 mamni
1110 3138 1558 3191 Pt.10rd.5
1582 3139 1835 3188 Bonosus
1858 3139 1955 3187 liu.
1980 3137 2114 3186 atris

174 3210 378 3260 maiusc.
400 3209 592 3272 pictum
614 3208 666 3256 in
688 3207 795 3256 BP
905 3207 938 3257 6
962 3205 1201 3256 rethoris
1223 3206 1330 3256 BP
1450 3209 1513 3258 10
1536 3205 1733 3256 militis
1755 3204 1924 3254 BPM
2045 3205 2111 3255 15

176 3276 319 3340 ipsis
345 3274 680 3340 propinabat
703 3274 771 3324 M
911 3275 975 3324 17
1001 3274 1280 3325 nescimus
1305 3235 1409 3324 BP
1555 3277 1618 3325 19
1642 3277 1997 3338 mangeretur
2027 3271 2110 3320 Βι

175 3343 516 3408 mingeretur
537 3341 675 3392 B'P
815 3344 881 3393 20
906 3345 1238 3407 graueretur
1259 3339 1389 3391 BP¹
1538 3345 1603 3393 22
1629 3341 1873 3392 luxorius
1897 3339 2111 3404 BP(M)

177 3427 268 3462 em.
295 3411 384 3460 Gr.
455 3457 459 3462 .
545 3411 612 3462 23
643 3425 756 3460 non
779 3418 898 3462 ante
922 3409 1134 3460 diutius
1157 3412 1279 3462 add.
1305 3407 1388 3458 B²
1548 3424 1723 3477 penas
1746 3408 1798 3457 B
1830 3422 2043 3475 paenas
2067 3408 2118 3456 P

315 3479 382 3528 28
404 3491 631 3528 uxorem
653 3477 757 3526 BP
889 3481 954 3530 31
980 3482 1170 3529 tamen
1192 3494 1288 3530 om.
1316 3478 1384 3528 M
