2517 3884
2105 1 2289 23 ·-·—q-·-·=-·

317 185 450 248 302
539 185 772 234 mna-x
809 183 1158 234 NOMINVM
1193 183 1289 232 ET
1326 182 1583 232 RERVM
1616 147 2198 232 MsMORAsslmvn

397 369 579 403 rarum
617 352 757 402 arsit
791 351 916 402 odio
956 357 1148 402 contra
1195 352 1342 401 Max.
1392 354 1401 364 ‘

397 421 454 472 11
512 423 608 484 32,
656 423 738 470 20.
801 423 1024 470 statuae
1083 421 1228 469 Max.
1289 419 1347 468 in

397 488 591 538 Africa
629 487 885 538 deiectae
911 489 965 537 11
991 490 1076 549 33,
1105 489 1185 539 15.
1212 487 1348 537 Gor-

399 557 595 606 dianos
666 555 947 619 principes
1020 560 1214 604 contra
1274 555 1349 604 M.

399 624 580 675 factos
629 628 856 673 senatus
903 637 1105 686 magna
1165 627 1351 686 gratu-

399 693 610 742 latione
649 689 871 755 accepit
904 690 961 739 11
997 691 1088 748 34,
1129 692 1220 751 183
1259 691 1355 756 243

397 761 485 809 30.
568 760 642 806 Μ.
707 758 921 821 legatos
967 757 1196 807 Romam
1257 757 1356 805 mi-

405 826 484 876 sit
533 825 896 875 abolitionem
929 827 1357 889 praeteritorum

411 893 749 958 spondentes
775 892 830 941 II
855 895 939 955 34,
967 894 1050 942 25.
1077 894 1151 942 M.
1177 890 1359 942 hostis

399 960 722 1024 appellatus
748 961 804 1010 11
830 951 1283 1022 35,15;29.,3s
1308 962 1357 1009 5.

403 1031 488 1090 55,
514 1029 562 1078 8.
579 1027 955 1092 caputinferis
969 1029 1277 1078 deuouetur
1302 1026 1359 1077 11

421 1066 568 1158 36⁷,5.
586 1097 661 1144 Μ.
681 1097 906 1160 accepit
919 1096 1226 1160 exemplum
1247 1111 1291 1144 s.
1310 1111 1358 1144 c.

403 1163 581 1221 taciti,
607 1177 710 1227 quo
735 1163 912 1213 hostis
938 1169 1023 1213 est
1044 1163 1361 1229 appellatus

407 1231 466 1281 Π
537 1232 621 1290 36,
657 1233 750 1292 27;
790 1233 870 1286 31.
913 1232 1201 1281 commotio
1239 1245 1362 1280 cum

412 1297 718 1348 audiuisset
761 1299 1011 1348 Africam
1060 1303 1254 1349 contra
1302 1313 1361 1348 se

407 1366 716 1416 desciuisse
760 1367 818 1417 II
855 1366 953 1425 37,
990 1369 1039 1419 7.

1468 351 1541 400 Μ.
1594 333 1869 399 Maximus
1931 351 2001 400 ad
2060 350 2245 399 urbem
2300 365 2397 398 cum
2495 323 2496 342 1

1467 419 1683 484 ingenti
1750 433 1953 483 pompa
2005 419 2165 466 uenit
2228 417 2284 468 11
2336 421 2399 471 61.

1474 487 1553 536 19.
1597 501 1630 534 a
1666 485 1941 535 militibus
1974 487 2275 551 imperator
2310 485 2402 534 fae·

1473 560 1561 604 tus
1620 554 1675 602 11
1734 555 1816 610 62,
1882 556 1965 605 10.
2024 553 2097 602 Μ.
2160 555 2335 602 uictus
2379 571 2403 600 a

1474 621 1716 670 Maximo
1762 621 1821 672 ΙΙ
1868 622 1961 682 64,
2011 623 2059 670 7.
2118 622 2211 683 65,
2256 623 2311 680 6;
2365 621 2401 670 8.

1476 689 1776 753 imperauit
1813 704 1935 737 cum
1972 687 2087 738 filio
2124 705 2225 753 per
2259 692 2402 738 trien·
2495 723 2496 734 ,

1476 757 1627 805 nium
1662 756 1755 806 uel
1791 772 1894 820 per
1928 757 2213 806 biennium
2251 757 2303 805 ΙΙ
2342 758 2405 808 64.

1481 825 1571 875 12.
1630 824 1927 872 maximum
1972 823 2159 874 odium
2206 823 2407 888 Aquile-

1477 893 1717 941 iensium
1754 895 1950 942 contra
1991 893 2066 941 M.
2113 893 2171 941 Π
2214 895 2307 954 64,
2342 893 2409 940 26.

1479 957 1819 1009 Maximinus
1853 960 2039 1008 Titum
2077 960 2228 1010 inter
2250 960 2409 1024 priua·

1480 1031 1570 1077 tos
1650 1027 1957 1091 reliquerat
2035 1028 2093 1077 Π
2175 1030 2297 1090 121,
2368 1030 2407 1074 4.

1482 1096 1721 1160 Magnus
1757 1094 2135 1146 defectionem
2174 1111 2209 1144 a
2230 1095 2304 1144 Μ.
2330 1111 2407 1159 pa-

1481 1166 1711 1212 rauerat
1747 1163 1805 1212 11
1845 1164 1959 1212 121.
1998 1166 2047 1214 8.
2130 1163 2204 1212 Μ.
2242 1161 2411 1213 oderat

1484 1235 1542 1280 et
1580 1229 1894 1280 offenderat
1939 1230 2225 1280 Armenios
2261 1231 2413 1294 sagit·

1481 1302 1571 1347 tar
1572 1298 1654 1348 ios
1668 1302 1723 1348 et
1736 1297 2142 1348 Alexandrinos
2153 1299 2211 1348 11
2222 1300 2411 1358 121,1·2.

1100 1367 1360 1432 gaudium
1416 1366 1935 1417 Maximiniiunioris
1960 1367 2109 1415 uita
2135 1367 2193 1416 II
2214 1367 2413 1414 22-27.

407 1435 617 1483 Romae
655 1436 965 1496 maximum,
1007 1449 1127 1484 cum
1154 1434 1361 1483 dictum
1412 1434 1821 1484 Maximinianae
1874 1435 2187 1496 tyrannidis
2223 1434 2415 1483 faecem

404 1505 561 1551 esset
617 1501 978 1550 Maximinum
1032 1517 1156 1552 esse
1211 1500 1359 1552 occi-

1482 1505 1711 1550 senatus
1749 1501 1931 1551 occidi
1966 1503 2132 1552 iussit
2154 1502 2229 1550 ΙΙ
2244 1502 2414 1560 37,18.

413 1583 531 1618 sum
567 1568 625 1618 ΙΙ
660 1569 1361 1629 37,13.contioM.in-
1419 1569 1782 1620 Maximiniani
1836 1569 2042 1620 milites
2102 1569 2159 1618 11
2218 1572 2305 1631 18,
2350 1571 2416 1617 24.

411 1639 603 1685 serta
646 1635 752 1684 hoc
798 1637 989 1686 nuntio
1037 1641 1273 1702 accepto
1310 1637 1367 1685 11
1414 1650 1449 1684 l
1486 1639 1571 1698 32,
1610 1638 1691 1686 31.
1730 1639 1814 1700 33,
1856 1638 1949 1698 16,
1992 1639 2087 1698 18,
2114 1639 2197 1686 25.

405 1705 496 1766 37,
535 1704 627 1763 273
677 1717 858 1766 neque
906 1709 1091 1753 tamen
1155 1705 1368 1754 animos
1422 1705 1737 1754 Maximinus
1812 1703 2013 1755 histrio
2091 1705 2223 1754 Veri
2276 1704 2417 1753 Pari.

415 1738 650 1820 militum
701 1769 1023 1821 confirmare
1072 1773 1254 1836 potuit
1311 1772 1369 1821 11

1490 1776 1837 1836 nuncupatus
1876 1773 1959 1835 74,
2001 1775 2082 1823 19.

416 1839 501 1901 38,
542 1839 591 1902 7,
630 1837 897 1888 Gordiani
946 1855 1042 1904 pro
1078 1844 1278 1890 senatu
1316 1843 1373 1888 et
1427 1839 1685 1890 Maoeimus
1742 1840 1834 1890 uel
1880 1841 2198 1904 Puppienus.
2254 1840 2418 1888 uitae

414 1922 512 1972 pro
571 1921 627 1970 p.
688 1905 752 1955 R.
819 1911 1010 1956 contra
1074 1909 1148 1961 M.
1215 1923 1370 1957 arma

407 1977 766 2038 sumpserunt
801 1975 857 2024 11
891 1977 986 2038 43,
1026 1977 1111 2025 22.
1183 1976 1258 2024 Μ.
1302 1974 1371 2026 ad

417 2041 611 2092 urbem
647 2041 838 2091 furens
875 2043 1056 2106 uenit,
1118 2047 1180 2092 ut
1228 2043 1372 2107 quod

421 2109 688 2160 Gordiani
764 2109 1001 2174 Augusti
1096 2111 1374 2176 appellati

417 2177 670 2239 fuerant,
719 2178 1035 2229 uindicaret
1077 2180 1132 2229 II
1178 2181 1269 2240 53,
1319 2179 1369 2226 4

418 2244 693 2294 Maximus
754 2249 810 2294 et
860 2245 1130 2296 Balbinus
1179 2249 1373 2296 contra

418 2311 494 2364 Μ
541 2317 668 2375 post
730 2312 1038 2363 Gordianos
1093 2315 1373 2379 principes

412 2378 588 2442 electi
625 2381 680 2429 11
715 2381 810 2439 53,
850 2383 933 2431 12.
971 2382 1063 2444 65,
1101 2385 1149 2431 2.
1209 2383 1375 2430 timor

423 2435 742 2495 senatorum
795 2416 873 2497 Μ.
936 2448 1181 2499 aduentu
1239 2464 1373 2498 nun-

419 2513 565 2562 tiato
602 2512 657 2561 II
693 2516 776 2575 53,
819 2516 898 2564 15.
944 2515 1216 2564 Maximus
1245 2530 1372 2567 con-

422 2584 508 2629 tra
558 2571 631 2632 Μ.
670 2579 866 2630 missus
916 2583 973 2633 11
1009 2584 1100 2641 58,
1147 2585 1231 2633 25.
1288 2585 1372 2648 61,

425 2650 508 2698 17.
550 2647 814 2699 Gordiani
853 2649 912 2697 in
945 2649 1142 2700 Africa
1181 2656 1375 2701 contra

421 2715 496 2768 M.
534 2715 709 2766 uitam
743 2715 1039 2772 finiuerant
1074 2720 1130 2770 II
1167 2721 1250 2782 59,
1290 2721 1371 2770 21.

423 2784 698 2836 Maximus
751 2783 858 2834 iter
913 2786 1132 2836 faciens
1182 2793 1377 2836 eontra

423 2852 654 2900 Romam
690 2867 788 2916 per
824 2853 1075 2918 singulas
1102 2855 1267 2904 urbes
1292 2855 1378 2904 fa-

424 2920 635 2982 tigatus
672 2920 728 2970 Π
766 2923 858 2982 59,
897 2922 982 2971 28.
1043 2924 1377 2986 quicumque

423 2988 499 3035 M.
537 2987 790 3050 iuuisset‚
829 2992 889 3036 ut
923 2991 982 3037 in
1006 2989 1250 3040 hostium
1277 3005 1378 3039 nu-

423 3069 576 3107 meto
611 3055 934 3119 duceretur,
995 3061 1220 3106 senatus
1269 3059 1380 3106 ius·

417 3121 501 3169 sit
536 3123 588 3170 11
627 3124 710 3185 59,
747 3125 833 3174 32.
885 3123 1156 3174 Maximus
1196 3125 1379 3174 timuit

426 3187 500 3235 M.
539 3189 596 3238 ΙΙ
631 3191 730 3251 60,
772 3193 850 3242 14.
907 3192 983 3241 M.
1032 3193 1179 3256 apud
1215 3193 1381 3257 Aqui-

427 3252 594 3304 leiam
629 3225 810 3309 uic’tus
845 3258 902 3308 Π
937 3260 1022 3321 60,
1062 3261 1144 3312 23.
1185 3263 1267 3319 63,
1294 3261 1379 3312 29.

431 3318 502 3368 ab
564 3295 1022 3386 Aquileiensibus
1061 3327 1118 3377 11
1177 3329 1269 3390 61,
1324 3331 1374 3377 3.

427 3385 700 3439 Balbinus
724 3388 1090 3442 hecatomben
1117 3395 1256 3444 fecit
1269 3399 1379 3443 sta·

429 3453 528 3501 tim
575 3461 637 3503 ut
678 3455 753 3504 M.
807 3464 974 3522 caput
1010 3459 1254 3510 adlatum
1296 3467 1381 3511 est

421 3521 487 3569 ,ΙΙ
531 3523 628 3583 60,
665 3523 748 3570 23.
819 3531 1074 3590 suscepto
1131 3529 1379 3579 exercitu

1489 1909 1764 1958 Maximi
1804 1911 1869 1957 et
1894 1907 2184 1957 Balbini
2209 1922 2240 1956 a
2262 1906 2419 1956 Iulio

1492 1974 1895 2038 Capitolino
1976 1976 2294 2040 scriptae
2376 1972 2419 2019 11

1492 2044 1707 2094 53-67.
1751 2069 1815 2078 -
1849 2043 1908 2092 11
1944 2045 2029 2100 21,
2076 2045 2166 2103 14;
2204 2045 2295 2102 21;
2350 2044 2417 2088 23.

1492 2113 1577 2174 23,
1626 2112 1706 2159 11.
1746 2112 1829 2173 25,
1868 2113 1952 2161 27.
1993 2113 2093 2164 27.
2131 2115 2178 2160 5.
2220 2112 2311 2172 41·,
2356 2110 2421 2155 14.

1492 2205 1559 2214 --
1594 2178 1665 2226 Μ.
1708 2194 1776 2228 ex
1814 2178 1991 2242 praef.
2029 2179 2157 2228 urbi
2184 2195 2217 2226 a
2243 2181 2420 2226 senatu

1493 2249 1795 2310 imperator
1853 2249 2078 2295 creatus
2126 2247 2196 2295 -11
2242 2248 2329 2305 17,
2371 2246 2422 2293 7:

1494 2317 1575 2366 25.
1614 2316 1694 2373 43,
1736 2317 1787 2362 4.
1828 2329 2006 2365 mores
2042 2315 2103 2364 11
2139 2316 2223 2375 17,
2262 2309 2425 2362 14.-11

1495 2381 1700 2431 bellum
1728 2385 1923 2432 contra
1936 2381 2297 2430 Maximinum
2322 2394 2425 2444 pro-

1494 2448 1763 2498 ficiscitur
1797 2450 1855 2500 II
1893 2450 1972 2508 17,
2014 2450 2097 2502 17.
2136 2451 2230 2510 18,
2270 2451 2321 2510 2,
2358 2448 2427 2504 26,

1496 2519 1588 2578 323
1644 2519 1749 2568 33.-
1788 2519 1878 2576 27,
1935 2519 1987 2570 2.
2058 2515 2428 2566 Maximiniani

1494 2584 1697 2634 milites
1736 2599 1849 2635 non
1892 2584 2126 2634 Maximi
2171 2583 2272 2633 sed
2322 2581 2430 2631 deo-

1496 2667 1611 2700 rum
1637 2652 1815 2702 fuisse
1838 2652 2135 2702 uictoriam
2158 2651 2431 2700 iactabant

1496 2721 1550 2770 II
1590 2721 1677 2778 18,
1725 2721 1814 2773 26.
1874 2720 2177 2784 imaginem
2222 2717 2433 2768 Maximi

1436 2801 1457 2810 ·
1500 2787 1729 2838 adorare
1771 2790 1957 2838 coacti
1995 2791 2125 2836 sunt
2160 2786 2432 2852 Aquileiae

1500 2855 1705 2906 milites
1761 2855 2093 2904 Maximiani
2148 2854 2207 2903 II
2252 2857 2341 2911 20,
2384 2855 2431 2902 4:

1502 2927 1559 2972 et
1590 2923 1648 2972 in
1686 2922 1809 2972 eius
1843 2924 2017 2972 uerba
2063 2924 2250 2972 iurare
2286 2922 2340 2971 11
2364 2923 2434 2971 20.

1501 2993 1551 3042 9.
1609 2991 1885 3040 Maximus
1932 2989 2078 3055 apud
2129 2989 2435 3049 Rauennam

1505 3057 1600 3121 (ΙΙ,
1661 3059 1753 3119 21,
1814 3058 1865 3121 2)
1936 3058 2147 3107 bellum
2214 3056 2436 3122 parabat

1497 3129 1695 3174 ‘eontra
1730 3124 2096 3176 Maximinum
2133 3124 2189 3175 II
2224 3125 2319 3186 20,
2368 3125 2435 3172 13.

1501 3193 1730 3243 Romam
1757 3193 1928 3244 rediit
1948 3194 2006 3243 ΙΙ
2028 3195 2113 3255 20,
2141 3193 2227 3242 24.
2247 3193 2320 3242 M.
2340 3195 2436 3240 sta·

1504 3265 1627 3310 tuas
1665 3259 1923 3324 aliosque
1967 3261 2207 3310 honores
2262 3258 2433 3308 decer—

1502 3328 1583 3376 nit
1618 3331 1851 3378 senatus
1887 3329 1941 3377 ΙΙ
1977 3329 2069 3387 21,
2108 3329 2193 3378 28.
2257 3328 2361 3377 fuit
2392 3328 2437 3374 in

1501 3395 1701 3458 uiginti
1768 3396 1935 3458 uiris,
2010 3395 2215 3459 quibus
2284 3394 2435 3444 Italia

1502 3466 1693 3511 contra
1717 3462 2081 3512 Maximinum
2106 3462 2316 3512 tuenda
2343 3466 2437 3509 tra-

1500 3529 1616 3578 dita
1644 3533 1728 3578 est
1751 3529 1930 3591 1126,
1962 3532 2037 3579 18.
2073 3531 2168 3590 34,
2194 3532 2279 3578 21.
2309 3529 2439 3576 mili-
