2517 3884
356 146 468 202 xv1
805 105 810 108 ¹
1121 106 1511 202 PRAErArio.

357 289 449 337 tus
493 289 606 343 est,
653 288 712 338 ut
754 295 916 354 saepe
955 297 1026 338 ne
1069 282 1185 355 ipse
1227 281 1443 354 quidem
1488 295 1586 340 nec
1630 281 1760 354 quid
1790 281 1998 354 legeret
2030 290 2131 344 nec
2164 287 2296 357 quid

359 365 621 422 scriberet
650 365 986 423 intellexisse
1013 365 1286 422 uideatur.
1318 366 1387 422 cf.
1418 367 1518 422 uit.
1543 365 1697 422 Alex.
1728 369 1789 420 17
1822 367 1915 423 ubi
1946 369 2077 425 haec
2108 386 2299 426 excer-

357 467 490 525 pere
521 467 629 507 uon
661 450 959 524 dubitauit:
1005 466 1143 512 ,nam
1175 467 1299 506 cum
1333 450 1547 523 quidam
1586 449 1881 524 Septimius
1911 453 2183 509 Arabinus
2216 454 2299 510 sa-

307 565 310 570 ·
357 553 548 594 mosus
572 537 796 592 crimine
819 535 1092 590 furtorum
1117 533 1233 591 dies
1258 529 1490 608 denique
1512 552 1807 609 numquam
1827 539 2059 612 transiit,
2076 539 2294 611 quando

357 637 470 676 non
512 620 711 694 aliquid
753 627 1097 676 mansuetum
1137 620 1356 675 ciuilem
1400 619 1549 692 pium
1605 619 1782 684 secit';
1834 638 1879 676 c.
1912 626 2008 677 22:
2062 615 2297 685 ,ludaeis

359 704 650 780 priuilegia
693 704 1015 760 reseruauit.
1075 703 1414 760 Christianos
1460 703 1811 777 esse'pas'sus
1844 714 1946 761 est.
1997 700 2120 762 'esse
2150 708 2299 762 redi-

358 790 582 848 mendos
623 799 788 862 atque
830 788 1136 844 ditandoS.”
1185 788 1323 845 nihil
1366 788 1514 844 aliud
1542 790 1687 844 enim
1710 805 1868 862 quam
1906 792 2118 862 singula
2145 792 2297 866 frag-

357 882 539 930 menta
571 877 716 930 inter
747 889 804 928 se
835 873 1088 930 conexuit
1119 889 1230 930 non
1259 884 1461 930 curans
1490 873 1638 946 quod
1681 889 1843 946 saepe
1874 873 1929 928 in
1961 875 2135 931 media
2171 893 2299 932 sen·

359 961 528 1019 tentia
573 958 848 1014 desineret
890 956 979 1014 uel
1035 959 1318 1032 inciperet.
1408 973 1677 1032 perpauca
1716 958 1775 1016 in
1818 951 2099 1031 prioribus
2142 961 2295 1024 uitis,

357 1045 456 1100 sed
508 1061 616 1118 quo
662 1044 837 1116 magis
878 1041 1227 1115 procedebat,
1277 1043 1438 1116 plura
1480 1043 1778 1116 excerpsit,
1835 1044 1910 1098 ita
1951 1052 2013 1099 ut
2053 1044 2298 1100 uitarum

357 1129 537 1184 Albini
579 1127 977 1200 Alexandrique
1019 1128 1193 1184 maior
1230 1145 1360 1202 pars
1404 1127 1566 1184 etiam
1610 1129 1701 1184 hic
1730 1126 1965 1200 legatur,
2006 1145 2071 1184 ex
2098 1131 2297 1203 primis

359 1222 538 1270 autem
573 1212 755 1269 decem
785 1212 1060 1286 capitibus
1073 1211 1328 1269 Hadriani
1362 1212 1493 1268 haec
1524 1220 1733 1268 tantum
1769 1215 2125 1287 transscripta
2148 1215 2297 1270 sint:

492 1298 677 1371 ‚Origo
701 1297 1051 1371 imperatoris
1063 1297 1287 1354 Adriani
1310 1299 1585 1354 uetustior
1607 1315 1635 1353 a
1658 1296 1990 1360 Picentibus.
2013 1300 2301 1372 posterior

357 1356 427 1440 ab
451 1382 899 1456 Hispaniensibus
929 1388 1128 1444 manat,
1161 1385 1204 1438 si
1237 1381 1455 1460 quidem
1471 1381 1527 1454 (h
1552 1381 1727 1454 eras.)
1760 1380 1907 1438 adria
1938 1391 2093 1439 ortos
2118 1385 2299 1448 maio-

361 1485 449 1523 res
481 1485 612 1524 suos
643 1467 788 1540 apud
817 1465 1024 1522 Italiam
1055 1467 1370 1540 Scipionum
1404 1467 1741 1540 temporibus
1770 1467 2066 1524 residisse
2052 1483 2107 1522 ιη
2139 1467 2297 1524 libris

359 1553 508 1608 uitae
537 1567 668 1608 suae
695 1551 966 1607 Adrianus
997 1552 1113 1624 ipse
1143 1561 1537 1607 commemoret
1568 1551 1643 1623 (at
1672 1567 1782 1606 sec.
1816 1549 1931 1624 m.).
2020 1551 2297 1608 Hadriano

360 1645 517 1710 pater
568 1635 755 1691 Aelius
805 1635 1076 1692 Adrianus
1134 1643 1505 1709 cognomento
1548 1636 1680 1693 Afer
1730 1636 1861 1699 fuit,
1927 1636 2301 1693 consobrinus

363 1721 576 1778 Traiani
609 1723 972 1794 imperatoris,
1003 1727 1180 1776 mater
1209 1720 1435 1778 Domitia
1471 1720 1692 1777 Paulina
1726 1719 1963 1777 Gadibus
1994 1729 2131 1778 orta.
2164 1722 2301 1777 Tra-

362 1806 546 1862 ianum
576 1804 963 1884 consobrinum
997 1821 1154 1861 suum
1185 1813 1242 1861 et
1262 1805 1501 1862 Caelium
1522 1806 1805 1862 Tatianum
1838 1809 2075 1879 equitem
2099 1807 2296 1873 Roma·

362 1907 492 1947 num
540 1898 750 1946 tutores
788 1889 979 1946 habuit
1010 1898 1228 1964 tamque
1262 1890 1503 1947 imbutus
1534 1892 1715 1963 grec-is
1744 1890 1959 1952 studiis,
2006 1898 2066 1946 ut
2096 1909 2124 1946 a
2156 1908 2297 1946 non·-

361 1973 528 2030 nullis
570 1975 826 2048 greculus
872 1974 1158 2032 diceretur.
1203 1983 1423 2030 mortuo
1456 1976 1685 2032 Traiano
1718 1975 2019 2032 Hadrianus
2060 1976 2297 2048 adeptus

361 2061 674 2135 imperium.
715 2060 782 2115 de
821 2059 1056 2116 militum
1099 2062 1264 2118 etiam
1297 2059 1570 2117 aetatibus
1612 2059 1899 2120 iudicabat.
1943 2076 2011 2114 ne
2042 2062 2167 2133 quis
2200 2069 2298 2116 aut

362 2147 545 2202 minor
575 2162 734 2218 quam
766 2147 945 2202 uirtus
975 2153 1228 2219 posceret
1259 2153 1359 2200 aut
1384 2147 1559 2201 maior
1589 2162 1750 2218 quam
1792 2151 2075 2217 pateretur
2104 2145 2297 2200 huma·-

363 2232 524 2292 nitas,
541 2230 596 2284 in
620 2230 818 2286 castris
848 2237 1038 2291 contra
1068 2245 1279 2287 morem
1307 2221 1564 2286 ueterum
1588 2237 1920 2286 uersaretur.
1954 2238 2077 2284 ante
2100 2247 2296 2284 omnes

328 2314 688 2388 *enitebatun
731 2331 800 2370 ne
843 2313 973 2388 quid
1021 2314 1112 2371 uel
1151 2315 1262 2382 [sic
1292 2333 1365 2368 m.
1390 2317 1521 2388 pr.;
1562 2313 1714 2386 miles
1756 2331 1828 2368 m.
1864 2316 2013 2384 sea]
2052 2317 2297 2370 otiosum

362 2399 452 2456 uel
484 2407 690 2456 emeret
719 2399 1008 2474 aliquando
1039 2399 1129 2454 uel
1149 2405 1429 2473 pasceret.
1472 2415 1604 2472 ergo
1638 2397 1921 2453 conuersis
1954 2397 2109 2470 regio
2142 2415 2298 2454 more

363 2483 626 2541 militibus
657 2485 1010 2561 Brittanniam
1041 2485 1198 2557 petit,
1240 2485 1297 2539 in
1329 2499 1433 2555 qua
1464 2481 1631 2538 multa
1664 2481 1917 2538 correxit.
1948 2497 2163 2539 murum
2196 2501 2302 2556 per

365 2569 646 2642 octoginta
676 2569 823 2624 milia
851 2584 1112 2644 passuum
1143 2569 1355 2641 primus
1386 2567 1555 2628 duxit,
1592 2566 1684 2639 qui
1706 2565 1970 2622 barbaros
1994 2565 2303 2621 Romanos-

362 2672 472 2728 que
504 2653 819 2710 diuideret”
853 2660 908 2708 et
938 2670 990 2725 q.
1025 2671 1070 2708 s.
1131 2651 1283 2720 Quae
1312 2651 1581 2725 adscripta
1627 2659 1757 2706 sunt
1787 2667 1816 2705 a
1847 2646 2009 2706 manu
2039 2650 2297 2714 secunda,

365 2755 564 2796 uereor
597 2745 656 2793 ut
688 2736 869 2810 aliqua
900 2736 979 2792 eis
1023 2735 1377 2792 adtribuenda
1413 2736 1483 2792 sit
1527 2735 1843 2797 auctoritas,
1888 2751 2011 2791 eum
2041 2734 2296 2808 plurima,

367 2839 504 2897 quae
537 2823 854 2886 correxerit,
887 2827 980 2878 aut
1009 2821 1152 2877 leuia
1183 2823 1294 2878 sint
1333 2829 1429 2877 aut
1456 2822 1531 2876 ita
1562 2827 1873 2894 conparata,
1916 2828 1980 2875 ut
2008 2819 2109 2876 alia
2138 2820 2301 2877 facile

337 2910 680 2982 ,quicunque
720 2907 856 2982 legit
898 2905 954 2961 in
997 2914 1234 2963 mentem
1265 2908 1454 2962 uenire
1484 2906 1717 2980 possint,
1764 2904 1866 2962 alia
1896 2919 2129 2979 prorsus
2160 2904 2300 2962 falsa

365 2999 530 3064 atque
561 2991 685 3050 ficta
716 2993 844 3048 sint.
933 2989 1210 3050 difficilior
1239 2998 1327 3048 est
1356 2991 1625 3066 quaestio,
1658 3008 1795 3065 quae
1826 2990 1930 3063 ipsi
1961 2990 2142 3046 tenori
2174 3006 2302 3044 ora-

367 3075 534 3132 tionis
566 3075 699 3133 fides
731 3075 804 3131 sit
832 3075 1097 3135 habenda.
1139 3093 1300 3151 quem
1330 3093 1452 3134 cum
1484 3076 1779 3135 Salmasius
1809 3075 2027 3131 maximi
2055 3073 2295 3150 fecisset,

365 3163 490 3217 Ant.
503 3152 844 3232 Beckerus11)
871 3177 932 3218 ex.
961 3163 1148 3221 codice
1159 3162 1405 3222 Palatino
1436 3155 1791 3236 neglege-nter
1818 3160 2150 3233 descriptum
2176 3173 2299 3214 esse

365 3327 611 3334 w.
689 3327 772 3334 ς...-

505 3443 591 3510 11)
631 3444 1096 3497 Obseruationum
1127 3449 1185 3494 in
1209 3448 1511 3512 scriptores
1538 3445 1805 3496 historiae
1831 3427 2112 3510 Augustae
2143 3440 2293 3493 eriti-

367 3525 557 3564 earum
581 3527 709 3579 pars
735 3515 899 3577 prior.
925 3514 1301 3564 Vratislauiae
1331 3516 1463 3566 1838
1490 3531 1541 3580 p.
1569 3517 1614 3565 2.

2438 3089 2440 3116 l

2438 3117 2440 3172 l
