2517 3884
839 178 1170 234 CLAvmvs.
1262 179 1318 234 C.
1364 184 1535 234 4-7.
2032 174 2149 237 127

211 344 572 424 SigypedeS‚
630 344 833 404 Celtae·
875 346 1048 403 etiam
1096 351 1155 403 et
1185 344 1377 412 Eruli,
1426 346 1681 423 praedae
1724 344 2046 423 cupiditate
2090 348 2172 415 in,

212 430 546 490 Romanum
593 428 788 489 solum
833 430 1196 507 inruperunt
1243 437 1421 506 atque
1462 428 1583 488 illic
1626 430 1913 507 pleraque
1956 437 2147 489 uasta-

211 522 382 585 runt,
427 514 569 574 dum
612 514 744 573 aliis
783 521 1109 593 occupatus
1151 521 1241 573 est
1285 513 1565 575 Claudius
1597 514 1857 591 dumque
1891 533 1955 574 se
1988 516 2059 574 ad
2090 516 2149 573 id

212 598 439 660 bellum
471 599 630 677 quod
674 599 928 675 confecit
969 601 1355 678 imperatorie
1395 601 1663 668 instruit,
1723 608 1788 659 ut
1834 600 2150 660 uideantur

155 686 330 762 sfata
391 684 655 745 Romana
714 684 856 743 boni
914 686 1203 763 principis
1263 684 1650 761 occupatione
1709 682 1949 744 lentata.
2043 685 2147 745 sed
2184 696 2216 743 3

213 769 427 838 credo,
475 776 540 829 ut
581 768 810 829 Claudii
839 768 1029 846 gloria
1059 770 1470 839 adcresceret,
1522 772 1770 849 eiusque
1813 770 1985 830 fleret
2022 770 2148 847 glo-

211 856 433 915 riosior
473 860 601 914 toto
641 856 881 933 penitus
923 853 1068 914 orbe
1127 856 1394 915 uictoria.
1472 864 1831 915 armatarum
1892 854 2149 934 denique
2185 866 2219 912 4

133 948 142 953 ’
211 942 480 1018 gentium
507 947 775 999 trecenta
806 940 1019 1017 uiginti
1049 938 1209 999 milia
1240 947 1383 999 tunc
1426 940 1614 999 fuere.
1674 939 1830 999 dicat
1860 958 2020 1001 nunc
2052 943 2152 1020 qui
2186 950 2217 997 5

215 1044 327 1085 nos
360 1023 714 1085 adulationis
745 1032 1032 1093 accussat,
1081 1024 1387 1085 Claudium
1420 1025 1618 1083 minus
1650 1043 1781 1084 esse
1813 1024 2145 1085 amabilem.

131 1130 183 1167 ιο
214 1114 579 1170 armatorum
624 1116 891 1169 trecenta
933 1110 1142 1186 uiginti
1186 1108 1398 1169 millia:
1464 1111 1595 1187 quis
1640 1110 1875 1169 tandem
1920 1110 2149 1171 Xerxes

207 1196 326 1255 hoc
357 1194 602 1255 habuit?
664 1210 815 1273 quae
861 1193 1072 1254 fabella
1106 1195 1287 1253 istum
1320 1212 1641 1254 numerum
1677 1194 1955 1254 adfinxit?
2018 1196 2151 1272 quis

211 1288 385 1359 poeta
429 1280 776 1357 conposuit?
836 1285 1098 1339 trecenta
1147 1279 1360 1356 uiginti
1400 1276 1581 1338 millia
1625 1286 1989 1339 armatorum
2020 1282 2147 1339 fue-

210 1374 366 1425 runt.
445 1364 596 1424 adde
638 1382 875 1433 seruoS,
941 1364 1089 1423 adde
1132 1361 1421 1432 familiaS,
1486 1362 1635 1423 adde
1680 1366 2049 1441 carraginem
2092 1370 2150 1423 et
2186 1373 2215 1419 6

187 1456 448 1529 epotata
480 1448 722 1509 flumina
755 1458 1258 1527 consumptasque
1302 1447 1513 1518 siluaS,
1555 1447 1861 1509 laborasse
1894 1449 2149 1525 denique
2219 1480 2223 1484 -

133 1554 184 1593 15
214 1544 435 1596 terram
488 1536 712 1613 ipsam,
775 1551 926 1610 quae
976 1541 1205 1593 tantum
1258 1531 1557 1593 barbarici
1598 1535 1852 1593 tumoris
1898 1534 2145 1611 excepit.

341 1620 514 1680 Extat
542 1620 732 1698 ipsius
767 1618 1017 1697 epistola
1048 1620 1226 1679 missa
1259 1619 1330 1679 ad
1358 1627 1629 1679 senatum
1662 1616 1907 1695 legenda
1942 1618 2012 1678 ad
2045 1637 2149 1705 po·
2184 1616 2219 1678 7

213 1705 442 1785 pulum,
477 1719 592 1783 qua
622 1702 844 1764 indicat
867 1704 940 1763 de
965 1720 1218 1764 numero
1243 1703 1657 1771 barbarorum,
1694 1720 1844 1779 quae
1869 1702 2003 1763 talis
2026 1711 2145 1763 est:

344 1790 632 1859 „Senatui
661 1788 1005 1868 populoque
1035 1788 1306 1849 Romano
1340 1788 1617 1850 Claudius
1641 1790 1939 1867 princeps
1980 1788 2150 1867 (lianc
2186 1798 2215 1845 2

214 1884 412 1936 autem
441 1876 570 1955 ipse
603 1874 856 1935 dictasse
897 1873 1281 1953 perhibetur,
1329 1890 1437 1951 ego
1480 1872 1669 1933 uerba
1711 1874 1980 1949 magistri
2023 1879 2146 1931 me-

134 1980 184 2018 20
214 1962 436 2021 moriae
467 1978 584 2019 non
618 1958 906 2038 requiro.)
951 1959 1016 2019 P.
1052 1978 1134 2027 c.‚
1183 1960 1472 2018 mirantes
1514 1957 1715 2019 audite
1747 1956 1903 2033 quod
1938 1975 2148 2017 uerum
2186 1968 2217 2014 3

213 2048 319 2106 est.
397 2051 666 2105 trecenta
714 2046 920 2121 uiginti
965 2042 1126 2104 milia
1164 2041 1577 2103 harbarorum*
1592 2044 1655 2102 in
1685 2040 2020 2101 Romanum
2054 2060 2147 2101 so-

208 2130 332 2191 lum
366 2132 576 2190 armati
607 2135 937 2189 uenerunt:
993 2126 1142 2187 haec
1186 2130 1235 2186 si
1266 2129 1501 2197 uicem,
1546 2145 1657 2186 uos
1692 2128 1887 2185 uicem
1918 2125 2149 2186 reddite

209 2217 470 2283 meritis;
531 2216 578 2275 si
614 2232 733 2275 non
766 2216 999 2282 uicero,
1049 2214 1290 2281 scitote,
1336 2231 1433 2271 me
1464 2216 1601 2291 post
1631 2210 1961 2272 Gallienum
1996 2209 2150 2270 uelle

208 2318 494 2380 pugnare.
542 2301 780 2377 fatigata
823 2302 1076 2359 est'tota
1107 2316 1206 2358 res
1236 2316 1296 2377 p.
1340 2315 1681 2376 pugnamus
1719 2302 1856 2376 post
1886 2295 2147 2356 Valeria·
2186 2310 2219 2357 4

134 2402 184 2442 25
210 2402 386 2454 num,
427 2393 564 2464 post
593 2384 954 2463 Ingenuum,
1001 2382 1585 2462 post‘Regalianum,
1628 2389 1768 2461 post
1797 2380 2147 2450 Lollianum,

163 2479 171 2485 ’
207 2477 346 2549 post
375 2470 756 2539 Postumum,
798 2476 934 2548 post
965 2468 1235 2537 Celsum,
1282 2475 1419 2546 post
1450 2466 1613 2528 mille
1645 2465 1824 2535 alios,
1873 2468 1974 2544 qui
2006 2485 2144 2526 con-

212 2561 441 2634 temptu
487 2554 737 2614 Gallieni
778 2555 1066 2634 principis
1110 2572 1142 2613 a
1172 2572 1240 2613 re
1269 2572 1326 2633 p.
1363 2553 1731 2613 defecerunt.
1808 2570 1925 2612 non
1963 2559 2147 2619 scuta,
2187 2566 2217 2614 5

209 2658 332 2700 non
361 2638 626 2718 spathae,
662 2658 781 2700 non
812 2639 930 2717 pila
954 2641 1069 2699 iam
1097 2648 1441 2717 supersunt.
1478 2638 1696 2699 Gallias
1728 2644 1786 2697 et
1815 2636 2147 2715 Hispanias,

209 2726 374 2785 uires
397 2726 484 2783 rei
509 2743 586 2801 p.,
613 2724 886 2785 Tetricus
918 2731 1098 2791 tenet,
1129 2731 1187 2783 et
1213 2742 1424 2783 omnes
1456 2724 1811 2801 sagittarios,
1848 2720 2005 2799 quod
2038 2739 2145 2797 pu-

132 2826 182 2867 30
212 2809 313 2869 det
355 2810 584 2877 dicere,
629 2808 888 2870 Zenobia
929 2809 1214 2887 possidet.
1253 2814 1258 2817 ’
1296 2808 1579 2886 quidquid
1622 2807 1973 2873 fecerimuS‚
2011 2805 2151 2864 satis

211 2894 439 2972 grande
471 2900 628 2953 est.“

339 2979 462 3040 Hos
512 2981 696 3056 igitur
751 2978 1032 3058 Claudius
1078 2978 1344 3055 ingenita
1396 2976 1493 3036 illa
1548 2976 1767 3035 uirtute
1827 2974 2148 3053 superauit,
2187 2988 2218 3037 6

349 3167 374 3214 1
404 3164 598 3215 Celtae
625 3164 795 3215 etiam
819 3170 1068 3229 corrupta
1090 3164 1244 3213 habet
1267 3161 1701 3224 Muellenkoffius·
1776 3162 1807 3210 2
1833 3162 1891 3209 in
1916 3176 2030 3227 rep.
2054 3174 2151 3209 ue-

208 3236 410 3281 nerunt
433 3233 538 3283 BP
569 3236 626 3283 et
650 3248 764 3297 rep.
791 3237 1066 3283 uenerunt
1091 3232 1158 3281 M
1183 3232 1512 3295 inruperunt
1534 3231 1724 3293 scripsi
1859 3232 1887 3279 7
1914 3231 2151 3278 armato-

210 3316 328 3350 rum
351 3300 454 3349 BP
612 3302 644 3349 9
670 3306 900 3350 accusat
924 3302 975 3349 P
1132 3298 1517 3349 admirabilem
1550 3299 1689 3347 misc.
1722 3296 1920 3347 obser-u.
2087 3298 2151 3365 14

212 3373 379 3432 epota
404 3369 472 3417 M
610 3370 678 3418 20
701 3365 1008 3419 militantes
1032 3368 1196 3419 BPM
1220 3384 1311 3417 em.
1342 3366 1461 3418 Obr.
1606 3367 1674 3415 24
1697 3364 2065 3429 pugnauimus
2089 3362 2155 3413 M

345 3438 410 3486 25
435 3434 760 3501 regilianum
785 3437 953 3487 BPM
1037 3438 1102 3486 26
1130 3439 1449 3499 contemptu
1476 3434 1586 3483 alio
1609 3433 1883 3498 pin-BPM
1901 3448 1991 3483 em.
2016 3431 2149 3495 Eyn.

347 3507 412 3554 30
439 3505 672 3553 zenouia
697 3502 826 3553 ΒΡ1
