2517 3884
895 182 1152 240 FIRMVS.
1241 183 1296 240 C.
1342 187 1511 241 3-6.
2037 181 2163 248 207

229 358 414 412 ceret.
460 350 575 410 suit
613 358 814 412 tamen
866 350 918 409 ei
964 350 1267 410 contentio
1299 367 1433 411 cum
1476 351 1777 413 Aureliani
1806 353 2061 415 ducibus
2090 355 2165 415 ad

227 434 572 506 bibendum,
607 437 659 496 si
689 433 926 512 quando
959 451 1094 495 eum
1127 441 1421 514 temptare
1450 435 1801 498 uoluissent.
1859 456 1998 501 nam
2030 440 2161 516 qui-
2199 449 2231 499 5

227 519 366 583 dam
395 519 710 581 Burburus
744 520 987 580 nomine
1019 518 1094 580 de
1129 537 1383 581 numero
1419 520 1884 593 uexillariorum,
1921 525 2162 586 notissi-

225 623 360 666 mus
389 611 646 684 potator,
692 623 828 665 cum
869 603 942 664 ad
982 602 1307 664 bibendum
1354 605 1610 666 eundem
1640 615 2048 686 prouocasset,
2084 610 2162 670 si·

173 701 202 744 5
226 689 385 750 tulas
443 689 593 750 duas
649 689 857 770 plenas
916 706 1086 750 mero
1131 688 1297 749 duxit
1356 697 1414 750 et
1453 696 1578 751 toto
1626 700 1833 770 postea
1885 695 2163 754 conuiuio

225 774 467 836 sobrius
505 775 650 844 fuit3
707 781 766 835 et
805 792 942 835 cum
985 775 1040 835 ei
1086 773 1401 835 Burburus
1444 774 1700 837 diceret:
1746 777 2001 849 „Quare
2042 795 2162 838 non

225 860 425 920 faeces
466 854 752 920 bibisti?“
791 858 1104 938 respondit
1143 857 1275 919 ille:
1322 857 1587 930 „Stulte,
1631 871 1792 922 terra
1844 880 1965 923 non
2006 861 2161 924 bibi-

225 951 392 1004 tur.“
435 942 614 1006 Leuia
645 945 1087 1023 persequimur,
1123 961 1258 1006 cum
1292 945 1517 1005 maiora
1543 944 1789 1006 dicenda
1822 946 1957 1019 sint.

353 1028 466 1089 Hic
497 1045 641 1107 ergo
674 1036 880 1090 contra
910 1027 1293 1090 Aurelianum
1326 1029 1578 1108 sumpsit
1606 1030 1922 1109 imperium
1957 1031 2028 1091 ad
2060 1031 2163 1092 de·
2192 1025 2236 1092 5

151 1126 203 1168 ιο
225 1112 556 1175 fendendas
593 1121 812 1193 partes,
840 1123 1015 1191 ‘quae
1054 1121 1413 1193 supererant
1452 1111 1778 1174 Zenobiae.
1826 1115 1932 1176 sed
1972 1117 2161 1176 Aure·
2246 1143 2257 1152 ·

225 1196 386 1258 liano
435 1197 509 1258 de
556 1197 831 1260 Thraciis
874 1197 1168 1260 redeunte
1206 1206 1525 1276 superatus
1564 1206 1676 1258 est.
1721 1197 1893 1259 multi
1936 1199 2158 1269 dicunt,
2197 1211 2229 1258 2

223 1281 435 1362 laqueo
469 1284 820 1344 eum‘uitam
849 1282 1079 1344 finisse:
1115 1281 1273 1343 aliud
1306 1281 1498 1344 edicto
1531 1301 1641 1343 suo
1672 1283 1930 1343 ostendit
1957 1285 2161 1344 Aure-

222 1369 442 1428 lianus.
492 1383 753 1444 namque
795 1384 928 1428 cum
975 1385 1108 1428 eum
1154 1368 1433 1438 uicisset,
1477 1365 1595 1428 tale
1641 1365 1895 1430 edictum
1938 1367 2161 1428 Romae

221 1453 483 1532 proponi
524 1453 724 1513 iussit:
791 1463 819 1470 ”

151 1551 200 1594 15
355 1537 820 1606 „Amantissimo
865 1536 958 1598 sui
997 1534 1217 1616 populo
1258 1534 1528 1598 Romano
1566 1535 1922 1598 Aurelianus
1963 1539 2159 1616 Augu·
2196 1549 2228 1598 3

221 1630 350 1683 stus
382 1621 634 1682 salutem
676 1620 834 1682 dicit.

348 1705 565 1768 Pacato
610 1705 876 1783 undique
919 1706 1184 1784 gentium
1214 1713 1342 1767 toto
1374 1723 1487 1784 qua
1518 1705 1635 1767 late
1663 1713 1828 1785 patet
1856 1706 2003 1768 orbe
2039 1715 2157 1768 ter-

220 1808 428 1852 rarum
451 1791 720 1852 Firmum
752 1791 928 1851 etiam
959 1789 1251 1852 latronem
1275 1793 1646 1871 Aegyptium,
1679 1789 2005 1852 barbaricis
2030 1810 2159 1851 mo-

219 1875 384 1937 tibus
410 1883 779 1937 aestuantem
807 1883 866 1936 et
889 1875 1134 1935 feminei
1153 1875 1439 1954 propudii
1452 1875 1735 1954 reliquias
1759 1873 2156 1953 colligentem,

149 1975 198 2017 20
221 1977 298 2022 ne
340 1959 668 2041 plurimum
709 1959 938 2040 loquar,
996 1960 1336 2036 fugauimus
1376 1959 1718 2020 obsedimus
1760 1960 2159 2022 cruciauimus

224 2054 285 2105 et
324 2044 671 2106 occidimus.
731 2043 880 2106 nihil
913 2052 1031 2115 est,
1091 2043 1369 2106 Romulei
1410 2044 1691 2116 QuiriteS,
1745 2044 1900 2124 quod
1945 2046 2159 2104 timere
2192 2055 2229 2103 4

213 2129 479 2210 possitis.
528 2147 722 2191 canon
763 2131 1032 2208 Aegypti,
1088 2131 1192 2206 qui
1235 2146 1564 2208 suspensus
1591 2146 1703 2208 per
1733 2127 2026 2189 latronem
2068 2130 2158 2188 in-

218 2213 478 2295 probum
508 2198 724 2285 fuerat,
751 2215 984 2294 integer
1014 2214 1236 2275 ueniet
1282 2214 1359 2274 sit
1388 2213 1561 2274 uobis
1596 2230 1732 2274 cum
1774 2220 1983 2274 senatu
2016 2231 2156 2273 con·
2194 2223 2227 2272 5

222 2299 448 2367 cordia,
495 2317 630 2360 cum
676 2301 943 2378 equestri
1002 2298 1212 2360 ordine
1253 2299 1530 2368 amicitia,
1590 2316 1725 2360 cum
1767 2298 2159 2379 praetorianis

147 2401 196 2443 2⁵
221 2383 505 2446 adfectio.
553 2400 664 2465 ego
709 2384 977 2453 efficiam,
1032 2402 1108 2445 ne
1153 2383 1230 2444 sit
1278 2382 1473 2461 aliqua
1505 2381 1841 2444 sollicitudo
1870 2381 2154 2444 Romana.

220 2467 430 2530 uacate
472 2467 649 2538 ludis,
693 2475 902 2530 uacate
933 2466 1321 2530 circensibus.
1388 2487 1502 2528 nos
1531 2466 1803 2548 publicae
1834 2470 2155 2529 necessita·
2195 2477 2227 2526 6

219 2560 315 2614 tes
344 2561 619 2622 teneant,
669 2572 777 2614 uos
819 2560 1116 2635 occupent
1157 2552 1517 2632 uoluptates,
1583 2570 1769 2631 quare
1800 2555 2159 2614 sanctissimi

221 2635 555 2710 QuiriteS,“
584 2643 644 2699 et
671 2636 921 2715 reliqua.

349 2722 509 2783 Haec
560 2726 671 2783 n'os
724 2722 799 2784 de
846 2717 1050 2783 Firmo
1101 2723 1481 2800 cognouisse,
1532 2723 1688 2782 scire
1719 2721 2005 2791 debuisti,
2048 2721 2156 2781 'sed
2187 2719 2228 2783 6

145 2825 193 2868 30
220 2805 398 2885 digna
431 2814 783 2869 memoratu.
818 2824 956 2868 nam
998 2824 1066 2868 ea
1113 2823 1265 2884 quae
1297 2806 1371 2867 de
1415 2804 1516 2867 illo
1546 2805 1823 2868 Aurelius
1852 2806 2153 2875 Festinus,
2192 2819 2223 2868 2

215 2889 474 2952 libertus
511 2891 832 2962 Aureliani,
878 2890 1217 2968 singillatim
1257 2889 1487 2952 rettulit
1535 2891 1587 2950 si
1627 2891 1721 2951 uis
1770 2907 2152 2968 cognoscere,

217 2975 482 3038 'eundem
519 2984 762 3055 oportet
801 2975 982 3054 legas,
1025 2976 1284 3042 maxime
1326 2994 1460 3037 cum
1505 2974 1676 3046 dicat,
1708 2975 1975 3036 Firmum
2007 2991 2153 3036 eun-

357 3164 384 3211 1
414 3161 601 3213 contio
623 3161 677 3213 B
814 3159 1062 3218 ducalius
1084 3145 1162 3210 B'1
1324 3161 1357 3211 2
1383 3160 1503 3211 eius
1524 3161 1629 3210 BP
1767 3159 2037 3210 uoluisset
2058 3159 2163 3211 BP

354 3231 389 3279 4
414 3229 612 3279 saitias
633 3228 737 3279 BP
871 3231 904 3280 9
927 3227 1058 3278 hinc
1079 3227 1152 3277 B¹
1295 3230 1360 3279 10
1384 3231 1650 3293 superant
1673 3226 1755 3276 B¹
1894 3230 1955 3277 11
1983 3227 2157 3278 Thra·

221 3293 344 3362 ciis]
373 3296 563 3348 Carris
585 3297 652 3346 M
785 3301 1083 3362 superatur
1113 3293 1194 3345 B¹
1337 3298 1399 3347 12
1436 3295 1603 3347 dictis
1628 3295 1714 3345 sui
1737 3295 1789 3344 B
1836 3294 2003 3346 dictis
2042 3296 2157 3346 suis

219 3365 270 3412 P
291 3363 494 3417 edictis
519 3365 634 3416 suis
657 3364 725 3415 M
743 3361 928 3414 edicto
955 3378 1053 3414 suo
1075 3364 1271 3428 scripsi
1402 3363 1735 3414 Aurelianus
1759 3379 1851 3414 om.
1876 3363 2045 3413 BPM

220 3433 284 3482 17
309 3431 428 3482 lata
452 3432 557 3482 BP
713 3433 776 3482 19
803 3430 1172 3496 colligendum
1193 3430 1299 3480 BP
1453 3433 1518 3482 22
1545 3431 1738 3500 egypti
1760 3431 1813 3480 B
1969 3432 2035 3481 23
2062 3429 2155 3479 de·

217 3498 422 3550 buistis
443 3497 530 3549 Β*
665 3499 732 3552 32
757 3500 1054 3565 oportebat
1072 3497 1154 3550 B¹
