2517 3884
384 164 504 228 154
1109 170 1327 225 FLAvn
1372 170 1623 225 vul‘lscl

379 356 410 397 a
443 355 655 397 eruore
685 338 1092 396 innocentium
1138 335 1387 395 abstine.
1465 334 1815 403 Aureliane,
1882 334 2212 395 clementer
2256 345 2322 396 te

309 432 514 500 5.age,
547 424 598 479 si
629 423 720 481 uis
766 423 1038 481 uiuere.“
1115 426 1287 479 norat
1316 419 1547 481 uultum
1582 419 1917 499 philosophi
1950 420 2321 481 uenerabilis

375 506 732 567 Aurelianus
762 512 938 582 atque
961 506 1021 565 in
1045 503 1248 564 multis
1282 506 1409 565 eius
1438 506 1757 582 imaginem
1790 505 2023 565 uiderat
2052 505 2315 583 templiS.

307 600 340 648 6
377 591 636 668 deniqne
679 592 872 649 statim
905 590 1206 649 adtonitus
1250 596 1311 648 et
1350 591 1669 667 imaginem
1716 598 1774 649 et
1805 596 2028 649 statuas
2071 599 2129 649 et
2161 599 2316 650 tem-

376 676 540 755 plum
584 675 776 734 eidem
817 675 1093 753 promisit
1135 680 1313 753 atque
1366 676 1429 734 in
1472 673 1781 734 meliorem
1827 674 1985 734 redit
2026 682 2310 734 mentem.
2374 692 2399 731 5

311 771 340 818 7
377 760 525 821 haec
558 777 668 837 ego
702 765 762 817 et
803 777 834 818 a
865 758 1152 836 grauibus
1198 760 1345 819 uiris
1389 761 1633 837 conperi
1678 767 1740 819 et
1768 761 1827 818 in
1865 759 2065 839 leiae
2096 759 2313 820 biblio-

379 845 586 905 thecae
616 844 787 903 libris
818 844 1008 920 relegi
1039 850 1099 903 et
1137 861 1250 921 pro
1293 845 1601 905 maiestate
1630 844 1927 922 Apollonii
1958 846 2145 921 magis
2178 863 2312 904 ere-

308 940 340 988 8
378 929 517 989 didi.
595 928 736 1007 quid
771 930 928 988 enim
967 927 1070 988 illo
1101 930 1236 989 uiro
1282 930 1541 989 sanctius
1582 928 1991 989 uenerabilius
2022 929 2312 989 diuinius·

378 1032 494 1090 que
525 1012 990 1075 inter-homines
1021 1014 1166 1073 fuit?
1210 1010 1313 1072 ille
1356 1013 1607 1073 mortuis
1648 1012 1909 1073 reddidit
1951 1015 2164 1082 uitam,
2211 1013 2313 1072 ille

377 1097 576 1159 multa·
621 1098 777 1158 ultra
836 1098 1105 1158 homines
1167 1104 1225 1157 et
1285 1097 1427 1157 fecit
1473 1105 1530 1157 et
1573 1097 1738 1158 dixit.
1822 1115 1975 1175 quae
2018 1099 2119 1175 qui
2165 1097 2312 1157 uelit
2340 1117 2393 1154 10

377 1200 585 1251 nosse,
647 1182 910 1243 Graecos
950 1182 1106 1259 legat
1146 1181 1334 1242 libros
1375 1184 1472 1262 qui
1517 1183 1591 1242 de
1635 1184 1762 1242 eius
1805 1184 1924 1241 uita
1986 1183 2314 1260 conscripti

306 1281 340 1329 9
377 1274 533 1327 sunt.
609 1268 740 1345 ipse
774 1275 1002 1335 autem,
1058 1268 1107 1328 si
1141 1268 1263 1327 uita
1294 1269 1588 1345 suppetit,
1646 1275 1821 1343 atque
1852 1268 2041 1346 ipsius
2075 1268 2192 1326 uiri
2224 1269 2325 1326 raa

377 1372 488 1413 uor
520 1370 631 1411 nos
661 1354 899 1419 iuuerit,
937 1351 1205 1411 breuiter
1240 1349 1448 1412 saltem
1481 1353 1628 1411 tanti
1659 1353 1772 1411 uiri
1805 1351 1955 1411 facta
1988 1352 2049 1410 in
2079 1349 2313 1412 litteras

377 1439 636 1504 mittam,
683 1455 801 1496 non
837 1454 952 1515 quo
983 1435 1140 1497 illius
1184 1438 1299 1496 uiri
1341 1444 1505 1513 gesta
1551 1454 1801 1495 munere
1848 1437 1966 1495 mei
2010 1437 2311 1495 sermonis
2505 1428 2511 1499 ἶ

372 1522 705 1597 indigeant,
770 1522 872 1580 sed
936 1528 1000 1581 ut
1059 1540 1126 1581 ea
1184 1539 1337 1599 qnae
1383 1520 1649 1581 miranda
1692 1527 1831 1581 sunt
1861 1522 2127 1580 omnium
2158 1538 2309 1579 uoce
2336 1536 2386 1575 15
2510 1537 2512 1569 1

375 1605 814 1683 praedicentur.
2270 1660 2276 1668 .
2513 1633 2514 1639 κ

271 1688 357 1752 25
502 1689 762 1766 Recepta
793 1688 1034 1767 Thyana
1064 1689 1435 1751 Antiochiam
1471 1690 1773 1769 proposita
1821 1688 2101 1750 omnibus
2131 1691 2308 1766 inpu-

375 1775 555 1834 nitate
597 1772 766 1833 breui
809 1773 962 1851 apud
999 1774 1244 1835 Dafnem
1289 1776 1617 1835 certamine
1662 1775 1917 1852 optinuit
1962 1780 2136 1853 atque
2167 1774 2307 1834 inde

374 1859 738 1937 praeceptis,
787 1867 1073 1937 quantum
1107 1858 1424 1938 probatur,
1462 1858 1825 1937 uenerabilis
1866 1860 1983 1917 uiri
2012 1858 2309 1937 Apollonii

307 1955 338 2002 2
377 1962 598 2022 parens
651 1942 968 2003 humanior
1019 1952 1196 2020 atque
1249 1944 1601 2003 clementior
1653 1944 1780 2003 ruit.
1856 1950 2182 2021 pugnatum
2218 1951 2380 2003 est20

373 2034 508 2107 post
551 2027 696 2088 haec
739 2028 812 2087 de
855 2047 1082 2089 summa
1127 2047 1330 2089 rerum
1375 2037 1582 2089 contra
1624 2027 1941 2087 Zenobiam
1987 2035 2047 2087 et
2087 2027 2306 2089 Zabam

305 2126 338 2173 3
377 2115 504 2173 eius
535 2114 758 2173 socium
807 2113 957 2192 apud
993 2114 1299 2173 Emessam
1357 2130 1568 2189 magno
1626 2113 1969 2173 certamine.
2050 2129 2307 2189 cumque

371 2198 672 2258 Aureliani
705 2200 936 2274 equites
967 2198 1191 2275 fatigati
1235 2200 1350 2258 iam
1396 2216 1583 2276 paene
1626 2197 2004 2257 discederent
2038 2214 2105 2255 ac
2136 2204 2307 2273 terga

375 2283 614 2350 darent,
680 2282 874 2343 subito
907 2283 966 2341 ui
1009 2284 1301 2350 numiniS,
1364 2282 1523 2361 quod
1574 2288 1781 2360 postea
1838 2289 1927 2341 est
1980 2280 2301 2359 proditum,

373 2365 650 2425 hortante
681 2367 930 2444 quadam
964 2366 1161 2427 diuina
1196 2367 1383 2427 forma
1429 2385 1537 2444 per
1581 2367 1811 2446 pedites
1854 2368 2029 2426 etiam
2073 2367 2303 2441 equites
2329 2378 2379 2419 25

374 2452 629 2510 restituti
660 2461 816 2510 sunt.
865 2452 1066 2527 fugata
1096 2459 1185 2510 est
1215 2452 1471 2520 Zenobia
1500 2470 1635 2511 cum
1659 2450 1831 2519 Zaba,
1870 2459 1927 2510 et
1958 2448 2305 2527 plenissime

303 2548 340 2595 4
375 2541 545 2613 parta
597 2535 866 2594 uictoria.
971 2542 1214 2613 recepto
1273 2537 1453 2612 igitur
1514 2536 1761 2596 orientis
1820 2542 1974 2595 statu
2029 2535 2303 2595 Emesam

374 2620 568 2679 uictor
610 2617 966 2679 Aurelianus
1019 2621 1329 2697 ingressus
1382 2627 1472 2679 est
1523 2640 1591 2683 ac
1641 2622 1838 2679 statim
1891 2620 1962 2679 ad
2016 2618 2302 2697 templum

373 2702 739 2780 Heliogabali
769 2703 1034 2773 tetendit,
1069 2707 1238 2782 quasi
1259 2708 1564 2765 communi
1592 2706 1787 2765 officio
1811 2712 1948 2764 uota
1974 2702 2297 2774 soluturus.

303 2806 337 2851 5
371 2786 582 2848 uerum
614 2788 736 2849 illic
766 2806 893 2849 eam
933 2791 1182 2849 formam
1225 2792 1485 2849 numinis
1516 2791 1784 2869 repperit
1826 2807 2003 2865 quam
2047 2791 2109 2847 in
2142 2787 2299 2848 bello
2326 2804 2375 2841 30

303 2890 336 2935 6
377 2872 489 2933 sibi
519 2874 818 2934 fauentem
850 2874 1018 2933 uidit.
1097 2892 1284 2951 quare
1338 2882 1397 2933 et
1445 2874 1567 2933 illic
1620 2873 1837 2952 templa
1881 2872 2150 2933 fundauit
2193 2872 2299 2932 do·

507 3069 538 3125 3
564 3079 730 3139 atque
758 3075 924 3125 BPM
959 3077 1088 3138 fort.
1113 3091 1347 3140 namque
1496 3078 1527 3126 5
1550 3075 1698 3125 idem
1720 3075 1825 3125 BP
1966 3074 1997 3123 6
2021 3072 2303 3123 bibliothi-

373 3157 472 3191 eae
497 3140 576 3190 B¹
720 3145 780 3192 12
804 3144 954 3193 uitas
978 3144 1028 3192 B
1167 3144 1348 3193 fauori
1371 3145 1457 3193 ius
1481 3143 1584 3192 BP
1604 3144 1767 3192 fauor
1788 3156 1889 3191 nos
1912 3143 2103 3205 scripsi
2239 3144 2299 3191 13

370 3208 538 3257 uierit
572 3209 652 3258 B¹
691 3208 762 3272 (fi
793 3210 962 3274 erae.)
1013 3212 1192 3260 euerit
1225 3211 1299 3259 P¹
1351 3212 1531 3261 fauori
1564 3226 1737 3275 usque
1774 3225 1991 3275 quaque
2027 3209 2302 3273 placuerit

369 3274 513 3325 P³M
534 3292 624 3325 em.
653 3276 694 3325 S
831 3281 896 3327 14
919 3279 1152 3328 militum
1174 3279 1224 3327 B
1362 3281 1426 3329 18
1450 3277 1684 3328 dafinem
1710 3278 1760 3327 B
1909 3280 1970 3327 19
1996 3276 2301 3341 appollonii

371 3342 422 3390 B
559 3345 626 3393 20
651 3343 971 3395 elementior
995 3348 1045 3395 P
1055 3345 1068 3376 ¹
1097 3354 1131 3395 t.
1160 3346 1308 3397 Iord.
1456 3348 1517 3395 21
1548 3346 1835 3395 zenobiam
1859 3346 1962 3394 BP
2006 3344 2213 3395 Zabam
2239 3342 2306 3393 M

506 3412 572 3457 24
597 3416 682 3458 est
707 3427 800 3461 om.
831 3413 894 3461 M
1024 3415 1089 3463 29
1113 3412 1463 3477 heliogabalo
1488 3411 1568 3462 B¹
1708 3412 2011 3463 communio
2036 3410 2087 3459 B
2215 3426 2301 3460 so-

369 3476 582 3525 lotnrus
608 3476 682 3524 Β1
713 3478 1013 3527 soluitur-us
1039 3478 1118 3528 B⁸
1255 3484 1321 3529 30
1347 3480 1555 3544 reperit
1581 3480 1633 3531 B
