2517 3884
804 217 1194 276 HADRIANVS.
1257 217 1313 275 c,
1346 222 1584 274 24-26,
2079 211 2168 277 25
2266 175 2275 185 ’

228 387 458 456 dicere,
508 395 690 463 atque
731 404 924 464 genua
967 387 1096 447 eius
1138 385 1413 446 osculare
1458 392 1836 463 recepturam
1868 389 2079 455 uisum,
2112 386 2163 446 si

225 472 284 533 id
313 473 575 532 fecisset.
653 470 811 548 quod
844 489 976 532 cum
1007 473 1373 533 insomnium
1402 469 1728 549 implesset,
1763 469 1966 530 oculos
1996 488 2162 532 rece·
2201 477 2239 524 2

225 559 339 636 pit,
374 574 508 617 curn
541 575 715 636 aqua,
751 573 904 634 quae
933 558 998 616 in
1026 557 1164 616 fano
1199 563 1358 625 erat,
1405 573 1477 615 ex
1509 571 1628 632 quo
1660 563 1927 626 uenerat,
1963 555 2167 616 oculos

224 641 530 703 abluisset.
608 643 775 702 uenit
819 650 880 701 et
916 640 992 701 de
1023 641 1332 702 Pannonia
1374 640 1611 717 quidam
1642 647 1819 707 uetus
1847 657 2061 716 caecus
2092 639 2165 700 ad
2201 648 2240 696 3
2310 632 2318 643 “

178 739 202 780 5
223 726 584 787 febrientem
627 725 993 786 Hadrianum
1039 742 1296 803 eumque
1354 726 1663 802 contingit.
1737 743 1855 804 quo
1908 726 2065 785 sacto
2110 733 2168 785 et
2202 733 2242 781 4

225 813 354 891 ipse
386 809 594 871 oculos
623 811 874 890 recepit,
907 818 968 870 et
996 810 1361 871 Hadrianum
1404 808 1591 870 febris
1620 809 1880 889 reliquit.
1958 826 2163 887 quam·

225 898 318 956 uis
349 896 575 956 Marius
604 888 896 957 Maximus
926 894 1074 955 haec
1105 912 1215 974 per
1247 894 1688 960 simulationem
1718 895 1871 956 facta
1903 900 2165 955 comme-

228 988 436 1042 moret.
515 989 656 1059 post
683 979 830 1042 haec
861 979 1197 1041 Hadrianus
1229 981 1411 1041 Baias
1439 981 1589 1057 petit
1616 981 1912 1040 Antonino
1943 979 2166 1040 Romae
2203 987 2241 1036 5

227 1066 299 1126 ad
329 1064 746 1144 imperandum
779 1063 1007 1126 relicto.
1086 1063 1368 1125 ubicum
1398 1062 1548 1124 nihil
1577 1065 1925 1142 proficeret,
1968 1083 2165 1126 arces-
2204 1072 2241 1120 6

164 1163 214 1202 10
237 1152 348 1211 sito
389 1151 692 1212 Antonino
733 1151 793 1208 in
841 1156 1172 1229 conspectu
1221 1151 1352 1209 eius
1393 1147 1551 1226 apud
1593 1150 1753 1228 ipsas
1798 1150 1970 1210 Baias
2010 1151 2169 1229 perit

228 1235 324 1296 die
346 1234 421 1295 vl
449 1234 656 1294 iduum
697 1233 1002 1295 luliarum.
1091 1235 1439 1312 innisusque
1472 1232 1748 1293 omnibus
1777 1234 2048 1313 sepultus
2079 1242 2169 1294 est
2205 1243 2239 1291 7

223 1322 288 1380 in
331 1318 475 1380 uilla
519 1319 909 1381 Ciceroniana
940 1318 1226 1380 Puteolis·
1304 1317 1417 1379 sub
1457 1319 1590 1396 ipso
1631 1320 1842 1378 mortis
1893 1327 2166 1398 tempore
2204 1330 2242 1379 8

225 1413 286 1466 et
325 1404 682 1465 Seruianum
723 1405 1048 1481 nonaginta
1092 1421 1281 1464 annos
1324 1410 1629 1482 agentem,
1678 1401 1889 1483 [supra
1942 1404 2169 1464 dictum

227 1487 368 1568 est,]
417 1507 494 1549 ne
547 1488 661 1549 sibi
703 1490 1125 1568 suprauiueret
1154 1496 1353 1565 atque,
1409 1495 1477 1549 ut
1515 1487 1776 1567 putabat,
1821 1489 2165 1568 imperaret,

160 1587 208 1627 15
231 1575 387 1650 mori
431 1575 626 1652 coegit
666 1582 724 1634 et
766 1573 844 1633 ob
884 1573 1054 1634 leues
1097 1572 1357 1634 offensas
1396 1572 1689 1652 plurimos
1740 1574 1911 1634 iussit
1954 1574 2163 1643 occidi,

225 1675 375 1736 quos
406 1659 741 1719 Antoninus
771 1659 1132 1719 reseruauit.
1212 1665 1273 1718 et
1312 1659 1578 1719 moriens
1609 1657 1853 1736 quidem
1881 1657 1992 1720 hos
2023 1677 2160 1719 uer·
2204 1669 2243 1717 9

219 1761 324 1804 sus
350 1744 570 1804 fecisse
591 1742 840 1804 dicitur:

630 1827 902 1888 Animula
937 1826 1147 1904 uagula
1179 1826 1461 1889 blandula

633 1912 856 1992 hospes
887 1928 1211 1989 comesque
1243 1913 1533 1991 corporis,

159 2011 206 2050 20
639 2014 789 2075 quae
822 2015 982 2058 nunc
1011 1995 1204 2058 abibis
1233 1999 1297 2057 in
1326 1995 1457 2058 loca

636 2081 923 2162 pallidula
953 2081 1144 2158 rigida
1174 2081 1391 2142 nudula

633 2185 746 2226 nec
777 2175 846 2227 ut
875 2166 1034 2227 soles
1065 2166 1236 2227 dabis
1264 2166 1459 2227 iocos!

223 2251 377 2312 tales
411 2259 612 2312 autem
641 2269 754 2311 nec
785 2250 972 2312 multo
1005 2250 1287 2312 meliores
1318 2251 1461 2311 fecit
1493 2257 1552 2309 et
1582 2249 1861 2312 Graecos.
2209 2273 2278 2322 10

355 2338 516 2397 Vixit
545 2337 716 2396 annis
739 2335 968 2404 LXXII,
1000 2334 1311 2398 mensibus
1326 2335 1389 2406 V,
1422 2334 1632 2396 diebus
1645 2335 1819 2396 XVII.
1854 2336 2171 2414 imperauit
2208 2359 2273 2405 11

153 2433 199 2472 2⁵
226 2423 404 2482 annis
417 2420 570 2490 XXI,
604 2419 911 2481 mensibus
940 2420 1040 2481 XI.
1424 2468 1437 2476 .
1956 2421 1961 2426 ’

353 2505 597 2565 Statura
628 2506 738 2566 suit
769 2523 1091 2583 proceruS,
1125 2504 1317 2565 forma
1352 2512 1653 2583 comptuS,
1686 2503 1843 2580 flexo
1876 2503 1949 2564 ad
1978 2506 2165 2583 pecti·
2187 2509 2277 2574 26

223 2607 372 2680 nen}
397 2588 634 2666 capillo,
665 2591 960 2669 promissa
990 2583 1204 2657 barba,
1247 2596 1314 2648 ut
1354 2588 1637 2658 uulnera,
1712 2606 1863 2668 quae
1897 2589 1960 2658 in
2019 2590 2169 2650 facie

225 2672 522 2735 naturalia
565 2683 763 2742 erant,
825 2681 1086 2752 tegeret,
1149 2672 1495 2734 habitudine
1536 2673 1803 2734 robusta.
1881 2674 2239 2750 equitauit‘2

227 2757 683 2836 ambulauitque
740 2758 1070 2837 plurimum
1131 2760 1434 2835 armisque
1500 2767 1562 2818 et
1618 2756 1739 2836 pilo
1798 2774 1864 2818 se
1924 2775 2168 2836 semper

157 2852 202 2892 ³⁰
228 2844 518 2903 exercuit.
600 2849 850 2904 uenatus
890 2843 1379 2920 frequentissime
1420 2841 1657 2902 leonem
1699 2860 1880 2903 manu
1923 2859 2030 2902 sua
2060 2860 2163 2902 oc·
2206 2863 2241 2930 t}

329 3062 356 3109 1
385 3059 630 3110 osculari
653 3059 728 3110 B²
865 3064 1158 3125 receptura
1182 3061 1409 3112 BPVM
1436 3077 1529 3112 em.
1564 3061 1687 3110 Vra.
1823 3061 2003 3110 uisum
2027 3064 2169 3112 deest

223 3133 276 3177 in
301 3125 368 3177 Ρι
398 3126 545 3189 (add.
571 3127 664 3191 ΡΘ)
701 3128 755 3176 V
858 3129 1040 3178 uisum
1066 3129 1114 3178 si
1137 3130 1283 3178 deest
1306 3132 1358 3179 in
1382 3128 1453 3178 B¹
1481 3130 1601 3179 add.
1628 3126 1704 3177 Β8
1816 3130 1847 3178 2
1875 3128 1933 3178 in
1960 3130 2173 3179 somnio

221 3194 388 3245 BPV
385 3196 449 3244 M
585 3199 616 3246 3
641 3211 820 3260 aquae
847 3196 906 3245 in
929 3195 1000 3246 B¹
1029 3195 1192 3260 (corr.
1215 3195 1314 3261 19³)
1341 3196 1409 3247 Ρ1
1446 3211 1625 3262 aquae
1651 3212 1685 3246 a
1711 3211 1818 3261 quo
1844 3197 1903 3246 in
1928 3196 1999 3246 P³
2136 3199 2175 3246 4

223 3267 395 3314 natus
417 3262 486 3313 M
609 3267 641 3314 5
666 3263 1025 3316 frebrientem
1048 3263 1101 3314 B
1227 3265 1259 3314 6
1288 3265 1526 3330 contigit
1558 3264 1669 3314 VM
1804 3265 1837 3314 8
1861 3264 1967 3314 hoe
1994 3265 2061 3315 M

225 3330 494 3380 adrianus
526 3330 580 3380 B
723 3333 756 3381 9
798 3331 1063 3396 proficere
1099 3331 1170 3381 B¹
1320 3333 1594 3383 accersito
1636 3332 1747 3382 VM
1894 3334 1958 3382 10
2001 3333 2174 3397 periit

223 3397 300 3445 Bt
439 3400 502 3448 11
532 3398 623 3448 die
647 3397 776 3461 VIll
796 3401 847 3448 P
983 3402 1046 3451 13
1081 3404 1143 3449 ut
1171 3415 1338 3465 supra
1363 3400 1507 3451 B²M
1539 3415 1705 3465 supra.
1733 3399 1783 3449 d.
1810 3404 1896 3449 est
1929 3403 2070 3448 uncis
2096 3401 2172 3448 in-

225 3469 352 3515 clusi
487 3467 550 3514 21
577 3466 759 3532 ridiga
785 3467 853 3516 Β1
995 3470 1061 3518 24
1085 3469 1246 3518 LXII
1274 3469 1318 3517 G
1449 3471 1515 3518 27
1542 3483 1649 3534 que
1673 3469 1725 3517 P
1832 3467 2014 3516 faciae
2039 3464 2090 3514 B

225 3535 294 3583 30
317 3539 527 3584 uenatu
553 3534 620 3583 M
