2517 3884
710 186 965 244 Avlmvs
1009 187 1292 245 CASSIVS.
1384 189 1440 246 C.
1467 191 1709 246 ·1o--13.
1855 239 1858 242 .
1935 245 1940 252 ,
2075 183 2170 250 -87
2245 225 2248 228 ·

232 373 290 434 p.
330 374 419 422 c.,
453 360 521 414 nt
549 371 805 416 censura
826 349 1339 434 uestra‘deposita
1368 373 1564 419 meam
1592 356 1876 434 pietatem
1907 354 2172 418 clemen-

232 441 499 518 tiamque
530 440 809 507 seruetis,
840 439 1023 502 immo
1068 447 1334 503 uestram
1360 457 1557 518 neque
1588 457 1952 518 quemquam
1981 459 2168 502 unum

234 531 479 585 senatus
511 523 758 590 occidat.
794 541 971 587 nemo
1002 529 1346 589 senatorum
1375 527 1679 604 puniatur,
1704 525 1924 590 nullius
1955 525 2166 588 funda·
2202 537 2238 587 4
2269 579 2275 586 ,

230 616 331 670 tur
362 610 482 669 uiri
510 607 731 678 nobilis
756 609 1015 686 sanguis,
1050 608 1347 689 deportati
1369 610 1636 681 redeant,
1667 611 1990 690 proscripti
2009 611 2167 672 hona

178 704 207 746 5
228 695 547 772 recipiant.
608 695 838 757 utinam
866 711 1109 772 possem
1144 694 1430 757 multatos
1477 697 1656 759 etiam
1695 695 1769 756 ab
1809 696 2022 757 inferis
2065 714 2167 756 ex·
2203 707 2236 757 5

230 779 449 838 citare!
506 796 631 838 non
677 779 836 846 enim
880 795 1164 856 umquam
1190 779 1390 858 placet
1417 782 1480 842 in
1510 782 1874 860 imperatore
1908 781 2167 843 uindicta
2294 852 2310 860 x

228 864 321 925 sui
354 862 609 932 doloris,
656 880 809 940 quae
850 865 906 924 si
941 865 1156 925 iustior
1185 865 1386 935 fuerit,
1419 867 1616 928 acrior
1660 865 1917 927 uidetur.
1979 883 2165 946 quare
2201 879 2234 928 6
2317 861 2338 872 ”

228 947 367 1010 filiis
392 947 595 1010 Auidii
626 947 813 1010 Cassii
856 955 916 1009 et
942 965 1169 1026 genero
1214 957 1272 1010 et
1314 951 1489 1021 uxori
1529 951 1767 1012 ueniam
1810 949 2042 1014 dabitis.
2107 957 2167 1010 et

228 1032 374 1112 quid
404 1033 539 1094 dico
568 1033 847 1095 ueniam?
908 1051 1044 1095 cum
1084 1033 1171 1094 illi
1212 1033 1359 1096 nihil
1401 1036 1675 1096 fecerint..
1735 1036 1946 1099 uiuant
1981 1037 2166 1112 igitur
2201 1049 2232 1100 7

142 1131 207 1174 ,ιο
228 1119 433 1178 securi
461 1119 722 1178 scientes
766 1117 878 1178 sub
916 1117 1119 1179 Marco
1163 1121 1390 1180 uiuere.
1455 1121 1664 1180 uiuant
1699 1121 1766 1182 iu
1801 1121 2164 1199 patrimonio

226 1208 551 1282 parentum
582 1221 694 1281 pro
724 1209 895 1282 parte
925 1202 1174 1273 donato,
1198 1223 1347 1266 auro
1378 1210 1629 1282 argento
1660 1204 1933 1266 uestibus
1958 1205 2163 1266 fruan-

226 1296 345 1357 tur,
366 1289 504 1348 sint
533 1287 773 1356 diuites,
804 1289 927 1351 sint
956 1289 1181 1366 securi,
1214 1291 1334 1350 sint
1366 1291 1500 1366 uagi
1531 1296 1591 1349 et
1619 1287 1796 1350 liberi
1828 1297 1887 1349 et
1915 1307 2025 1368 per
2058 1307 2164 1350 ora

227 1374 499 1435 omnium
538 1371 763 1448 ubique
790 1371 1149 1451 populorum
1192 1375 1621 1435 circumferant
1658 1391 1858 1442 meae,
1905 1374 2160 1435 circum·
2237 1395 2255 1412 ·

224 1457 425 1518 ferant
467 1463 707 1518 uestrae
746 1458 985 1536 pictatis
1028 1456 1390 1538 exemplum.
1451 1476 1564 1519 nec
1606 1475 1820 1536 magna
1861 1457 2008 1518 haec
2053 1465 2158 1528 est,
2197 1471 2230 1521 8

152 1554 203 1595 15
224 1561 281 1621 p.
318 1561 403 1612 c.,
438 1540 783 1611 clementia,
830 1543 1071 1603 ueniam
1098 1545 1577 1623 proscriptorum
1607 1543 1810 1604 liberis
1854 1550 1913 1603 et
1954 1545 2160 1604 coniu-

224 1625 401 1705 gibus
446 1626 597 1688 ‹l-ari.
668 1643 779 1704 ego
811 1645 959 1688 uero
990 1646 1025 1688 a
1054 1626 1227 1688 uobis
1269 1636 1441 1707 peto,
1475 1635 1544 1691 ut
1573 1629 1846 1690 conscios
1877 1629 2162 1691 senatorii
2197 1643 2229 1691 9

162 1729 171 1742 ’
224 1711 455 1772 ordinis
493 1718 558 1772 et
599 1713 895 1788 equestris
937 1730 968 1772 a
1000 1712 1181 1774 caede
1224 1714 1732 1792 a.proscriptione
1763 1731 1798 1773 a
1825 1713 2041 1774 timore
2085 1712 2158 1774 ab

221 1797 467 1858 infamia
494 1795 571 1856 ah
602 1796 829 1857 inuidia
861 1804 921 1856 et
961 1805 1268 1875 postremo
1299 1797 1371 1858 ab
1405 1799 1568 1861 omni
1597 1797 1916 1878 uindicetis
1943 1799 2160 1858 iniuria

223 1881 499 1958 detisque
528 1879 645 1948 hoc
674 1882 833 1941 meis
855 1881 1253 1960 temporibuS,
1298 1889 1366 1944 ut
1395 1882 1458 1944 in
1489 1899 1668 1945 causa
1697 1882 2028 1962 tyrannidis
2059 1884 2162 1960 qui
2198 1897 2262 1946 10

150 1978 201 2018 20
226 1968 289 2027 in
318 1965 583 2028 tumultu
614 1965 833 2026 cecidit
860 1964 1149 2046 probetur
1181 1969 1461 2028 occisus⁴

351 2051 521 2112 Hanc
572 2051 703 2110 eius
752 2050 1130 2115 clementiam
1182 2059 1430 2112 senatus
1481 2050 1578 2110 his
1627 2034 2156 2112 adclamationibus
2181 2050 2260 2116 13

220 2141 585 2215 prosecutus
616 2139 733 2194 est:
800 2137 1139 2206 „Antonine
1168 2138 1301 2214 pie,
1347 2136 1408 2196 di
1437 2142 1498 2195 te
1531 2141 1796 2196 seruent.
1857 2136 2156 2196 Antonine
2193 2149 2224 2198 2

224 2220 511 2290 clemens,
541 2218 681 2280 dite
704 2227 968 2282 seruent.
1022 2222 1319 2282 Antonine
1341 2218 1389 2300 †
1411 2219 1696 2288 clemens,
1723 2218 1865 2279 dite
1889 2227 2152 2280 seruent.

223 2313 289 2366 tu
320 2304 567 2365 uoluisti
597 2304 757 2381 quod
786 2303 1020 2373 licebat,
1054 2323 1165 2366 nos
1194 2305 1446 2367 fecimus
1475 2303 1638 2384 quod
1667 2303 1936 2366 decebat.
1981 2304 2154 2366 Com·
2193 2321 2226 2370 3

148 2401 203 2443 2⁵
226 2389 407 2451 modo
448 2389 772 2468 imperium
812 2391 1034 2453 iustum
1078 2403 1380 2468 rogamus.
1453 2389 1807 2468 Progeniem
1851 2396 2012 2450 tuam
2059 2408 2156 2451 ro-

220 2474 389 2536 bora.
475 2474 593 2536 Fac
638 2476 839 2535 securi
878 2475 1001 2535 sint
1036 2473 1213 2537 liberi
1256 2476 1469 2536 nostri.
1559 2475 1792 2535 Bonum
1833 2475 2155 2554 imperium
2191 2490 2226 2539 4

146 2613 155 2624 .
220 2558 389 2630 nulla
418 2559 515 2619 uis
543 2558 741 2620 laedit.
800 2559 1123 2621 Commodo
1152 2561 1448 2622 Antonino
1478 2558 1860 2621 tribuniciam
1887 2566 2153 2638 potesta-

222 2651 345 2704 tem
376 2659 678 2722 rogamus,
721 2645 1122 2723 praesentiam
1164 2652 1329 2706 tuam
1371 2661 1674 2722 rogamus.
1735 2643 2154 2724 Philosophiae
2191 2660 2225 2710 5

222 2735 394 2798 tuae,
427 2730 751 2808 patientiae
782 2737 949 2799 tuae,
985 2729 1300 2790 doctrinae
1333 2739 1496 2799 tuae,
1539 2728 1832 2790 nobilitati
1863 2737 2030 2798 tuae,
2063 2731 2154 2789 in-

148 2825 201 2864 30
226 2815 536 2874 nocentiae
567 2820 724 2874 tuae.
788 2814 985 2874 Vincis
1013 2815 1317 2882 inimicos,
1361 2812 1566 2875 hostes
1609 2832 1962 2893 exsuperate,
2004 2814 2157 2873 dite

226 2905 537 2967 tuentur,“
582 2905 642 2958 et
679 2896 930 2975 reliqua.
993 2899 1289 2960 Vixerunt
1313 2901 1496 2977 igitur
1525 2899 1756 2978 posteri
1783 2898 1981 2960 Auidii
2014 2897 2152 2960 Cas·
2192 2914 2228 2964 6

323 3102 356 3149 2
380 3099 553 3150 ullum
576 3099 744 3150 BPM
758 3115 929 3150 uuum
948 3101 1139 3168 scripsi
1158 3103 1377 3153 exercit
1402 3101 1565 3154 σνίιίο.
1583 3116 1642 3165 p.
1672 3102 1706 3150 3
1751 3107 1873 3164 post
1893 3115 1968 3150 me
1988 3100 2158 3152 Drac-

223 3181 315 3232 ρει·
337 3168 525 3218 ΡΙιίἱοῖ.
553 3167 665 3218 XX
694 3185 747 3233 p.
774 3171 880 3218 524
1018 3169 1049 3219 5
1080 3169 1284 3220 multos
1314 3168 1485 3218 BPM
1511 3185 1602 3220 em.
1630 3165 1748 3222 Obr.
1797 3167 2046 3234 sepultos
2069 3167 2162 3218 lu-

222 3243 365 3286 rems
504 3237 536 3286 7
562 3250 703 3300 quae
730 3237 840 3286 etsi
863 3235 931 3286 M
1064 3237 1126 3286 12
1162 3236 1324 3287 diues
1346 3233 1418 3285 B²
1559 3239 1617 3286 et
1651 3235 1796 3286 tiuro
1824 3236 2062 3286 omnium
2083 3232 2159 3284 B¹

327 3305 393 3354 15
415 3304 584 3353 uenia
606 3301 750 3353 B¹P¹
898 3305 962 3354 16
988 3306 1209 3354 conscio
1233 3301 1354 3354 BP1
1380 3319 1424 3354 c.
1449 3301 1522 3352 Ρ8
1683 3304 1746 3354 19
1773 3302 2082 3368 dicetisque
2106 3301 2160 3352 B

324 3373 392 3420 22
420 3370 499 3420 dii
519 3386 721 3435 semper
742 3374 953 3438 scripsit
976 3371 1049 3420 Β*
1185 3374 1251 3422 23
1287 3371 1528 3422 clemens
1559 3372 1825 3436 yenuinum
1857 3371 2163 3420 adice-tinum

223 3440 334 3488 loco
357 3441 574 3490 mouisse
598 3441 801 3490 uidetur
938 3440 1003 3489 26
1027 3438 1191 3490 liberi
1214 3439 1300 3489 tui
1323 3439 1386 3488 M
1521 3441 1588 3490 27
1612 3437 1986 3489 trubuniciam
2007 3437 2060 3486 P

222 3508 293 3556 30
318 3521 591 3572 exuperas
616 3508 665 3556 P
