2517 3884
779 175 1084 234 GORDIANI
1128 175 1317 235 TRES.
1406 175 1731 233 C.11-14.
1897 191 1902 197 ·
2136 169 2217 234 37

289 343 550 406 consulti
581 345 745 405 taciti
775 346 1093 424 acciperet,
1128 343 1286 424 quod
1318 360 1641 422 numquam
1674 351 1844 406 antea
1876 345 2070 406 fuerat
2100 346 2218 406 sac·

290 430 544 490 titatum.
645 429 823 490 Extat
893 430 1153 508 denique
1223 432 1351 492 eius
1413 429 1663 510 epistula
1724 429 1795 491 ad
1854 432 2222 510 praesectum
2257 440 2287 487 2

289 514 427 574 urbi
455 513 618 576 talis:
647 515 947 586 „Senatus
977 514 1317 577 consultum
1338 517 1584 577 tacitum
1608 522 1951 576 nostrorum
1982 514 2223 576 illorum

289 601 635 680 principum
663 599 812 678 legi,
877 599 1034 678 quod
1069 608 1157 670 tu,
1220 602 1563 681 praefectus
1592 599 1763 671 urbi,
1825 601 2047 661 factum
2090 618 2222 662 esse

242 699 267 739 ⁵
291 686 549 746 fortasse
581 703 700 746 non
733 687 918 756 nosti,
951 704 1088 746 nam
1120 703 1232 747 nec
1263 688 1602 748 interfuisti.
1682 687 1853 748 cuius
1884 685 2219 764 exemplum

291 769 365 831 ad
387 777 448 830 te
467 770 623 840 misi,
656 777 720 830 ut
742 772 949 842 scireS,
983 771 1283 849 quomodo
1307 772 1635 834 Romanam
1660 789 1786 832 rem
1818 789 1873 851 p.
1909 779 2221 850 regeres.“

290 855 578 916 Enarrari
609 862 808 921 autem
841 873 961 916 non
1019 862 1250 936 potest,
1317 873 1469 934 quae
1512 858 1829 918 commotio
1888 857 2073 918 fuerit
2098 857 2219 916 Ma·
2256 863 2289 914 3

291 941 532 1011 ximini,
567 958 702 1001 cum
734 941 990 1012 audiuit,
1023 949 1232 1003 contra
1274 960 1337 1002 se
1368 943 1623 1002 Africam
1664 941 2007 1004 desciuisse.
2085 959 2220 1002 nam
2255 949 2292 996 4

293 1033 538 1087 senatus
581 1027 938 1087 auctoritate
983 1027 1270 1106 percepta
1306 1028 1620 1088 incurrere
1664 1029 1726 1086 in
1756 1027 2051 1106 parietes,
2115 1042 2221 1088 ue-

215 1127 265 1166 ιο
293 1117 443 1171 stem
478 1109 772 1181 scindere,
806 1111 1067 1190 gladium
1098 1114 1399 1192 arripere,
1445 1113 1613 1192 quasi
1644 1129 1853 1173 omnes
1881 1119 2089 1190 posset
2117 1130 2216 1172 oc-

290 1196 515 1265 cidere,
549 1213 800 1275 prorsus
830 1198 1030 1257 furere
1058 1197 1393 1258 uidebatur.
1467 1198 1813 1258 Praefectus
1855 1196 1992 1257 urbi
2050 1214 2218 1257 acce·
2257 1205 2290 1254 5

287 1282 409 1361 ptis
470 1279 687 1342 litteris
719 1280 1051 1343 acrioribus
1082 1282 1371 1362 populum
1403 1289 1461 1344 et
1502 1281 1721 1343 milites
1768 1280 2076 1342 adlocutus
2109 1288 2217 1355 est,

291 1365 498 1427 dicens
528 1365 912 1427 Maximinum
956 1368 1074 1426 iam
1116 1370 1399 1428 occisum.
1463 1385 1534 1428 ex
1566 1384 1684 1445 quo
1714 1366 1997 1445 gaudium
2026 1367 2219 1426 maius
2254 1374 2286 1423 6

289 1451 435 1520 fuit,
499 1452 817 1528 statimque
879 1449 1146 1512 deiectae
1205 1459 1347 1513 sunt
1400 1459 1631 1514 statuae
1692 1460 1870 1530 atque
1928 1452 2218 1529 imagines

213 1551 264 1591 15
293 1538 424 1598 eius
478 1537 581 1613 qui
631 1535 821 1596 hostis
874 1537 1072 1598 suerat
1123 1537 1434 1600 iudicatus.
1514 1539 1663 1599 Vsus
1715 1546 1807 1598 est
1850 1554 1993 1598 sane
2046 1553 2214 1597 sena·
2254 1545 2283 1594 ”1

287 1629 387 1683 tus
441 1620 742 1700 pendente
793 1619 950 1682 bello
1003 1628 1297 1701 potestate
1342 1642 1457 1703 qua
1512 1621 1735 1685 debuit.
1812 1640 1949 1683 nam
1992 1620 2215 1683 delato-

288 1725 390 1768 res
433 1705 890 1768 calumniatores
942 1715 1367 1787 procuratores
1410 1716 1469 1769 et
1508 1725 1747 1770 omnem
1789 1706 1951 1768 illam
1990 1708 2219 1769 faecem

289 1791 744 1866 Maximinianae
774 1792 1105 1872 tyrannidis
1148 1793 1340 1854 occidi
1378 1795 1568 1855 iussit.
1647 1800 1823 1871 atque
1863 1811 2076 1873 parum
2108 1792 2219 1852 fuit
2253 1800 2285 1850 8

291 1875 453 1954 quod
483 1885 724 1938 senatus
753 1876 1146 1948 iudicauerat,
1180 1878 1328 1939 illud
1355 1878 1563 1958 populi
1602 1879 1885 1940 iudicium
1915 1878 2029 1938 fuit
2060 1874 2218 1953 quod

208 1977 261 2018 20
292 1962 474 2022 occisi
506 1963 678 2023 tracti
711 1970 851 2036 sunt
881 1970 939 2023 et
969 1964 1031 2022 in
1063 1962 1324 2025 cloacam
1355 1965 1543 2027 missi.
1616 1972 1759 2024 tunc
1792 1969 1851 2022 et
1878 1962 2218 2041 praefectus
2253 1971 2285 2020 9

289 2045 428 2108 urbi
460 2046 735 2116 SabinuS,
771 2047 1100 2109 consularis
1132 2050 1244 2118 uir,
1294 2049 1451 2109 fuste
1482 2050 1599 2110 iam
1628 2065 1953 2128 percussus
1986 2047 2217 2107 occisus

289 2139 348 2193 et
374 2133 440 2192 in
470 2129 709 2211 publico
741 2131 1063 2194 derelictus
1095 2142 1202 2194 est.

413 2216 575 2278 Haec
604 2217 708 2278 ubi
740 2219 1036 2297 comperit
1064 2217 1450 2288 Maximinus,
1498 2218 1697 2279 statim
1748 2216 2093 2278 cohortatus
2128 2221 2216 2276 est
2239 2212 2320 2276 14

285 2301 509 2364 milites
569 2301 686 2363 hoc
744 2321 965 2382 genere
1027 2303 1357 2365 contionis:
1449 2302 1720 2374 „Sacrati
1751 2300 2214 2372 'conmilitones

205 2402 258 2444 25
287 2388 471 2448 immo
516 2389 691 2449 etiam
737 2391 820 2449 mi
862 2390 1246 2450 consecranei
1291 2397 1350 2449 et
1390 2405 1648 2469 quorum
1678 2397 1915 2449 mecum
1943 2385 2216 2466 plerique

285 2491 435 2534 uere
475 2472 770 2543 militatis,
833 2473 971 2534 dum
1015 2491 1126 2534 nos
1167 2492 1198 2533 a
1231 2473 1547 2536 Germania
1578 2473 1902 2535 Romanam
1946 2471 2215 2534 defendi-

273 2576 420 2619 mus
461 2560 864 2628 maiestatem,
929 2560 1070 2619 dum
1111 2576 1222 2620 nos
1250 2557 1549 2641 Illyricum
1583 2577 1617 2619 a
1646 2557 1917 2620 barbaris
1950 2556 2215 2619 uindica-

283 2661 446 2710 mus,
482 2643 609 2704 Afri
638 2643 814 2704 fidem
846 2643 1132 2705 Punicam
1165 2647 1609 2724 praestiterunt.
1686 2661 1825 2705 nam
1854 2643 2004 2704 duos
2034 2642 2208 2704 nobis
2244 2652 2275 2700 2

285 2726 636 2797 Gordianos,
670 2745 928 2807 quorum
960 2728 1110 2790 alter
1141 2731 1310 2790 senio
1337 2731 1419 2791 ita
1449 2730 1675 2790 fractus
1708 2736 1798 2790 est
1825 2737 1891 2790 ut
1920 2746 2042 2789 non
2072 2745 2211 2806 pos·

205 2829 257 2869 30
287 2814 363 2873 sit
404 2811 762 2891 adsurgere,
826 2811 975 2874 alter
1034 2816 1114 2876 ita
1157 2813 1394 2876 luxurie
1435 2813 1708 2894 perditus
1751 2820 1818 2875 ut
1847 2811 2213 2872 debilitatem

283 2896 500 2958 habeat
541 2916 654 2978 pro
693 2903 1028 2970 senectute,
1090 2901 1488 2978 imperatores
1527 2899 1817 2960 fecerunt.
1898 2902 1957 2956 et
1994 2914 2070 2957 ne
2101 2895 2213 2955 hoc
2249 2908 2283 2957 3

284 3001 498 3063 parum
543 2989 728 3053 esset,
790 2984 1008 3045 factum
1052 2985 1333 3047 Afrorum
1377 2983 1595 3045 nobilis
1624 2981 1725 3043 ille
1757 2988 2002 3043 senatus
2032 2997 2211 3058 agno·

283 3069 387 3138 uit,
439 3076 498 3130 et
537 3087 650 3148 pro
693 3087 948 3149 quorum
990 3068 1200 3131 liberis
1241 3087 1407 3131 arma
1435 3076 1744 3150 portamus
1782 3067 1825 3128 ii
1868 3074 2073 3128 contra
2104 3083 2213 3126 nos

415 3240 447 3288 9
471 3237 754 3304 parientes
778 3236 930 3289 B¹P¹
1069 3241 1132 3290 13
1155 3239 1335 3304 magis
1358 3238 1463 3290 BP
1591 3253 1661 3288 m.
1690 3237 1727 3288 f.
1754 3235 2017 3303 gaudium
2042 3235 2107 3285 M

281 3308 342 3356 17
371 3305 551 3356 facem
577 3306 744 3356 BPM
785 3306 1002 3358 faecem
1031 3309 1220 3373 scripsi
1242 3305 1568 3373 (Eyssenlz.).
1683 3307 1746 3357 18
1770 3305 2143 3356 Maximianae
2168 3306 2208 3351 t.

279 3387 328 3424 o.
356 3378 585 3424 senatus
609 3374 672 3425 M
815 3377 882 3426 20
906 3374 1136 3426 doacam
1158 3374 1233 3426 B¹
1378 3377 1441 3426 21
1466 3375 1578 3425 iam
1601 3390 1697 3428 om.
1720 3375 1783 3424 M
1928 3374 1994 3424 25
2016 3372 2125 3420 mei
2149 3369 2216 3420 M

219 3478 224 3482 -
415 3444 482 3492 26
515 3443 573 3492 in
599 3442 894 3494 Germania
917 3446 1048 3510 uoly.
1196 3446 1263 3496 29
1287 3443 1525 3496 affectus
1547 3443 1613 3494 M
1753 3445 1815 3493 31
1844 3457 1975 3507 prae
2001 3437 2071 3488 B¹

279 3510 344 3560 32
369 3525 563 3574 parum
589 3515 676 3560 est
701 3510 800 3562 sed
826 3511 962 3563 fact.
987 3511 1240 3565 BPMem.
1272 3514 1313 3563 G
1444 3515 1510 3564 33
1532 3512 1614 3561 hii
1637 3510 1740 3562 BP
1758 3510 1850 3560 hic
1874 3510 1934 3559 M
1959 3509 2001 3557 ii
2023 3505 2213 3568 scripsi
