2517 3884
364 204 484 269 198
1074 210 1248 265 AELH
1289 208 1622 266 LAMPRIDII

358 380 536 459 pueri
565 376 745 458 pilleo
791 378 1068 455 insigniri
1111 375 1396 447 naturali,
1444 378 1602 456 quod
1648 377 2007 440 obstetrices
2052 380 2301 459 rapiunt
2376 440 2387 445 -

363 472 422 525 et
451 464 755 525 aduocatis
786 462 1044 523 credulis
1075 462 1363 532 uendunt,
1399 464 1450 522 si
1476 462 1717 541 quidem
1750 464 2031 525 causidici
2062 464 2175 525 hoc
2205 466 2300 525 iu-

294 557 325 605 3
363 550 490 609 uari
522 549 816 609 dicuntur.
895 554 954 607 at
981 550 1093 607 iste
1123 566 1279 627 puer
1300 545 1547 627 pilleum
1577 566 1699 608 non
1724 548 1931 610 habuit
1962 550 2064 609 sed
2096 550 2299 612 diade-

360 652 456 695 ma
484 644 695 703 tenue,
741 633 845 693 sed
876 634 958 692 ita
999 633 1154 693 forte
1198 641 1265 693 ut
1293 634 1493 712 rumpi
1526 650 1644 693 non
1675 636 1957 713 potuerit,
2003 635 2171 696 fibris
2201 638 2295 697 in-

293 726 326 773 4
361 718 808 780 tercedentibus
869 720 1070 796 specie
1127 719 1306 779 nerui
1364 720 1649 796 sagittari.
1753 719 1955 780 ferunt
2012 720 2295 798 denique,
2356 742 2388 782 5

361 803 769 864 Diadematum
810 820 1070 883 puerum
1114 803 1503 883 appellatum,
1568 802 1673 864 sed
1712 803 1813 865 ubi
1846 805 2139 875 aduleuit,
2202 808 2302 867 aui

363 890 456 948 sui
485 890 726 948 nomine
757 891 1013 950 materni
1042 889 1480 949 Diadumenum
1513 896 1817 959 uocatum,
1837 940 1843 945 .
1863 892 2137 968 quamuis
2178 910 2301 951 non

362 972 617 1033 multum
649 972 1037 1033 abhorruerit
1077 972 1151 1035 ab
1191 974 1295 1033 illo
1342 975 1511 1051 signo
1544 973 1873 1035 Diademati
1902 994 2126 1036 nomen.
2155 976 2296 1036 Dia-

295 1068 326 1115 5
364 1058 621 1119 dumeni.
699 1060 765 1118 in
810 1076 954 1136 agro
995 1060 1184 1138 patris
1229 1060 1357 1120 eius
1400 1076 1547 1120 oues
1599 1078 1937 1141 purpureas
1980 1060 2299 1122 duodecim

293 1153 324 1199 6
361 1144 564 1204 ferunt
604 1149 800 1214 natas,
865 1160 1119 1219 quarum
1181 1162 1295 1205 una
1339 1150 1567 1205 tantum
1610 1146 1774 1206 uaria
1812 1146 2012 1207 fuerit.
2092 1145 2299 1207 eadem
2327 1168 2385 1209 ιο

361 1228 457 1289 die
512 1246 624 1305 qua
667 1227 764 1289 hic
804 1236 981 1290 natus
1027 1236 1117 1289 est
1147 1227 1403 1312 aquilam
1448 1231 1501 1289 ei
1545 1236 1778 1291 constat
1810 1233 2033 1291 sensim
2063 1231 2297 1311 palum-

361 1314 502 1374 bum
532 1314 767 1393 regium
795 1313 1114 1393 paruulum
1146 1313 1445 1375 attulissse
1479 1320 1538 1373 et
1558 1317 1832 1393 posuisse
1862 1316 1924 1376 in
1958 1318 2126 1377 cunis
2156 1317 2295 1377 dor-

359 1400 568 1459 mienti
599 1417 666 1459 ac
695 1399 1019 1459 recessisse
1051 1400 1179 1459 sine
1212 1417 1383 1460 noxa.
1440 1400 1781 1479 pantagathi
1813 1402 1875 1461 in
1906 1401 2082 1461 domo
2114 1404 2302 1480 patris
2329 1464 2349 1477 „

289 1478 330 1543 5
363 1485 487 1544 eius
518 1483 723 1543 nidum
754 1490 1106 1561 posuerunt.
1181 1482 1276 1544 his
1341 1484 1551 1545 diebus
1602 1484 1819 1563 quibus
1871 1484 1969 1547 ille
2005 1494 2173 1547 natus
2208 1494 2300 1547 est

363 1567 764 1628 mathematici
821 1575 1064 1647 accepta
1121 1570 1399 1645 genitura
1460 1570 1589 1630 eius
1646 1570 2163 1641 exclamauerunt,
2237 1579 2295 1631 et
2323 1593 2381 1633 15

360 1654 558 1730 ipsum
585 1652 769 1713 filium
799 1654 1181 1731 imperatoris
1213 1673 1346 1715 esse
1379 1661 1438 1714 et
1467 1656 2101 1733 imperatorem,quasi
2110 1663 2303 1717 mater

294 1747 324 1793 2
366 1738 494 1797 eius
537 1736 866 1797 adulterata
908 1744 1094 1807 esset,
1141 1739 1305 1815 quod
1345 1740 1501 1801 fama
1544 1740 1857 1803 retinebat.
1919 1742 2056 1803 huic
2103 1741 2298 1802 eidem

363 1821 558 1900 aquila
589 1821 836 1901 pilleum
863 1824 925 1882 in
968 1841 1110 1901 agro
1153 1823 1482 1885 ambulanti
1524 1824 1657 1886 tulit
1690 1834 1779 1895 et,
1831 1846 1965 1887 cum
2008 1828 2293 1887 comitum

357 1908 599 1967 infantis
643 1906 866 1969 clamor
909 1917 1066 1970 esset
1107 1909 1329 1978 factus,
1377 1912 1439 1970 in
1482 1918 1872 1971 monumento
1915 1913 2100 1989 regie,
2137 1910 2299 1988 quod

358 1994 518 2052 iuxta
547 1992 752 2053 uillam
779 2000 936 2053 esset
963 1995 1024 2053 in
1051 2012 1166 2071 qua
1199 2001 1338 2054 tunc
1370 2001 1542 2073 pater
1566 1994 1792 2072 agebat,
1828 2015 2009 2075 supra
2042 2003 2297 2057 statuam
2326 2018 2380 2057 20

294 2090 324 2138 3
362 2078 522 2155 regis
551 2080 781 2157 posuit,
827 2080 909 2139 ita
953 2086 1018 2139 ut
1061 2081 1236 2158 capiti
1271 2081 1397 2139 eius
1430 2086 1677 2158 aptaret.
1756 2082 1914 2159 quod
1946 2081 2114 2141 multi
2148 2084 2297 2141 omi-

361 2180 577 2223 nosum
619 2170 910 2241 putarunt
948 2172 1006 2224 et
1046 2166 1226 2223 morti
1271 2164 1760 2235 adcommodum,
1825 2165 2052 2226 clarum
2096 2172 2300 2227 autem

293 2258 328 2305 4
365 2255 617 2308 euentus
649 2248 928 2309 ostendit.
1005 2255 1179 2309 natus
1224 2255 1316 2309 est
1356 2256 1668 2327 praeterea
1710 2250 1894 2309 natali
1922 2252 2207 2311 Antonini
2241 2258 2301 2311 et

364 2351 432 2392 ea
463 2332 610 2393 hora
643 2339 701 2392 et
741 2334 926 2410 signis
970 2350 1156 2411 prope
1199 2332 1650 2393 concinentibus
1696 2334 1917 2409 quibus
1959 2343 2017 2392 et
2046 2336 2297 2395 Antoni-

362 2436 475 2477 nus
515 2418 674 2477 Pius,
754 2433 938 2492 quare
980 2417 1258 2476 dixerunt
1318 2414 1745 2485 mathematici,
1811 2425 1869 2477 et
1910 2419 2296 2495 imperatoris
2324 2438 2375 2480 25

294 2514 325 2563 5
361 2500 526 2560 illum
557 2499 740 2559 filium
773 2501 1038 2559 futurum
1081 2507 1140 2559 et
1169 2501 1624 2578 imperatorem,
1688 2500 1792 2560 sed
1839 2519 1955 2561 non
1998 2502 2119 2563 diu.
2200 2504 2304 2565 die

358 2602 474 2662 qua
504 2591 678 2643 natus
710 2590 817 2651 est,
855 2582 1011 2659 quod
1042 2585 1324 2644 Antonini
1369 2590 1527 2644 esset
1568 2585 1812 2656 natalis,
1858 2586 2073 2647 mulier
2112 2607 2297 2666 quae-

357 2667 492 2727 dam
537 2668 874 2746 propinqua
905 2667 1122 2728 dicitur
1155 2668 1522 2730 exclamasse
1564 2672 1941 2739 „Antoninus
1973 2682 2298 2744 uocetur“,

359 2752 461 2813 sed
493 2752 792 2813 Macrinus
837 2754 1137 2822 timuisse,
1201 2754 1360 2834 quod
1401 2752 1603 2815 nullus
1638 2774 1710 2815 ex
1744 2758 1871 2817 eius
1902 2774 2126 2835 genere
2177 2758 2299 2819 hoc

466 2991 493 3039 1
521 2990 824 3041 obsetrices
848 2987 975 3040 BP¹
1003 3007 1047 3043 c.
1070 2989 1149 3040 P³
1287 2995 1319 3043 3
1346 2992 1603 3043 dicantur
1625 2992 1710 3041 B²
1846 2994 1917 3044 ad
1940 2992 2067 3043 BP¹
2188 2995 2307 3045 dia-

363 3056 585 3107 demata
609 3058 660 3106 B
796 3061 830 3108 4
852 3063 1035 3109 utrum
1057 3059 1187 3109 BP¹
1213 3066 1277 3111 ut
1302 3062 1480 3127 rumpi
1504 3059 1650 3111 P³M
1782 3063 1922 3113 uiris
1955 3062 2305 3112 interseden-

360 3125 511 3175 tibus
535 3124 638 3173 BP
658 3126 1132 3178 intersedentibus
1157 3129 1224 3178 M
1242 3146 1333 3179 em.
1362 3130 1404 3180 0
1531 3132 1562 3180 5
1588 3130 1832 3194 sagitare
1858 3131 1909 3179 B
1936 3130 2170 3195 sag-itari
2194 3129 2316 3179 PM

461 3194 494 3242 8
520 3194 737 3257 signum
758 3194 927 3244 BPM
1058 3195 1393 3248 diadematis
1416 3197 1585 3247 BPM
1602 3214 1691 3249 em.
1720 3197 1761 3247 S
1896 3201 1927 3249 9
1954 3212 2117 3263 agros
2141 3197 2315 3247 BPM

466 3263 525 3310 11
553 3261 811 3324 aquulam
834 3262 915 3311 B¹
1077 3267 1140 3314 13
1166 3266 1513 3331 pantagotha
1537 3265 1589 3314 B
1636 3266 2009 3331 panthagathi
2032 3267 2082 3315 P
2241 3268 2307 3317 16

359 3328 683 3447 {233335355
707 3330 1413 3452 impffissffirffiffltssem
1437 3334 1615 3451 &¹³⁵³
1640 3333 1986 3453 ἒῗεῗὲἓῖρ
2060 3333 2309 3453 172ῗᾱ“ἐ“

361 3465 537 3515 suisse
562 3465 731 3516 BPM
760 3469 946 3531 posuit
973 3467 1071 3517 sed
1096 3469 1245 3521 Iord.
1411 3468 1752 3519 omninosum
1776 3470 1827 3517 B
1985 3472 2049 3519 22
2076 3420 2308 3534 ptargnt

358 3532 460 3581 BP
483 3537 746 3599 putarent
771 3535 838 3585 M
967 3538 1033 3586 25
1061 3536 1153 3601 qui
1179 3536 1258 3585 B¹
1298 3553 1467 3603 quare
1493 3536 1576 3586 Β2
1712 3538 2044 3589 mathemaci
2066 3536 2170 3587 BP
