2517 3884
354 184 443 249 50
1072 188 1203 243 IVLI
1246 186 1616 243 CAPITOLINI

361 357 714 417 clamantem
748 374 779 415 e
810 362 1139 434 conspectu
1180 354 1320 415 duci
1347 355 1523 415 iussit
1552 371 1621 413 ac
1651 351 1960 432 dispoliari
1991 360 2054 412 et
2084 353 2308 424 occidi.

288 452 325 501 9
359 441 515 522 quod
560 460 695 502 cum
737 442 931 519 primo
973 439 1215 500 dilatum
1260 445 1450 509 esset,
1510 444 1645 517 post
1687 445 1755 497 ut
1783 438 1957 499 iussit
1984 437 2316 517 impletum

360 536 469 589 est.
539 528 617 587 ita
650 524 1001 605 Philippus
985 526 1167 604 impie
1198 541 1322 585 non
1352 518 1485 585 iure
1516 524 1771 603 optinuit
1799 524 2140 602 imperium.

254 608 338 673 31
487 612 815 690 Imperauit
845 609 1182 671 Gordianus
1214 610 1388 670 annis
1417 627 1541 670 sex.
1581 610 1772 685 Atque
1804 608 1944 668 dum
1976 607 2129 669 haec
2159 625 2312 685 age-

357 703 596 765 rentur,
649 696 881 774 Argunt
921 694 1276 775 Scytharum
1317 713 1422 755 rex
1462 695 1849 772 finitimorum
1879 710 2068 771 regna
2101 701 2310 754 uasta·
2375 708 2407 751 5

359 781 486 851 hat,
534 782 789 841 maxime
820 781 981 859 quod
1011 786 1400 860 conpererat,
1441 778 1784 840 Misitheum
1814 780 2078 857 perisse,
2129 780 2317 839 cuius
2366 811 2383 826 ·

289 879 323 927 2
360 865 606 929 consilio
638 884 738 926 res
778 884 836 945 p.
872 866 1067 927 fuerat
1105 865 1452 944 gubernata.
1527 862 1838 943 Philippus
1881 871 2112 933 autem,
2159 882 2244 923 ne
2277 884 2318 925 a

362 949 711 1013 crudelitate
753 952 1021 1013 nancisci
1050 951 1362 1012 uideretur
1402 950 1738 1029 imperium,
1786 948 2036 1010 Romam
2065 947 2314 1010 litteras

358 1038 536 1105 misit,
572 1036 787 1114 quibus
820 1034 1075 1117 scripsit,
1111 1036 1480 1097 Gordianum
1510 1034 1722 1096 morbo
1754 1034 2002 1114 perisse,
2045 1050 2240 1111 seque
2275 1052 2312 1094 a

359 1123 589 1183 cunctis
628 1121 915 1183 militibus
955 1120 1225 1182 electum.
1291 1139 1402 1181 nec
1444 1119 1659 1188 defuit,
1703 1126 1770 1179 ut
1811 1126 2054 1185 senatus
2099 1118 2174 1179 de
2208 1118 2310 1179 his
2345 1135 2404 1175 10

290 1220 323 1268 3
357 1207 559 1275 rebus,
594 1225 739 1285 quas
769 1226 890 1269 non
921 1215 1186 1276 nouerat,
1220 1205 1547 1266 falleretur.
1595 1203 1890 1284 appellato
1912 1205 2098 1282 igitur
2128 1206 2307 1283 prin-

360 1295 491 1373 cipe
532 1292 809 1373 Philippo
862 1298 922 1352 et
957 1294 1222 1369 Augusto
1275 1298 1620 1369 nuncupato
1673 1289 2036 1351 Gordianum
2091 1288 2308 1350 adule-

360 1384 627 1439 scentem
655 1378 813 1439 inter
844 1377 989 1437 deos
1020 1375 1268 1437 rettulit.

286 1476 323 1523 4
483 1463 670 1527 Fuit·
654 1463 891 1523 1uuenis
935 1462 1128 1523 laetus
1161 1459 1414 1540 pulcher
1449 1459 1726 1520 amabilis
1767 1466 1972 1536 gratus
1997 1457 2302 1528 omnibus,

354 1550 416 1607 in
448 1549 571 1607 uita
600 1546 911 1615 iocunduS‚
945 1549 1009 1606 in
1038 1545 1257 1607 litteris
1287 1544 1528 1615 nobilis,
1560 1562 1812 1624 prorsus
1841 1550 1909 1604 ut
1937 1542 2088 1605 nihil
2116 1560 2396 1623 prae-15

286 1644 320 1693 5
356 1640 448 1693 ter
492 1637 743 1692 aetatem
784 1630 1023 1691 deesset
1064 1632 1337 1710 imperio.
1401 1636 1626 1690 amatus
1668 1638 1760 1689 est
1791 1648 1822 1690 a
1852 1628 2076 1709 populo
2111 1636 2170 1690 et
2199 1648 2300 1691 se-

194 1716 201 1726 '
356 1722 499 1777 natu
532 1724 593 1777 et
619 1715 903 1777 militibus
934 1723 1070 1777 ante
1099 1715 1361 1794 Philippi
1389 1716 1710 1776 factionem
1735 1716 1814 1775 ita
1838 1722 1903 1779 ut
1924 1732 2102 1775 nemo
2128 1716 2300 1793 prin-

287 1814 319 1861 6
356 1803 573 1880 cipum.
612 1801 842 1863 Cordus
870 1800 1034 1870 dicit,
1068 1819 1279 1861 omnes
1309 1799 1526 1860 milites
1559 1818 1694 1861 eum
1727 1799 1911 1860 filium
1936 1799 2298 1878 appellasse,

356 1887 430 1948 ab
462 1887 624 1947 omni
664 1893 873 1947 senatu
916 1886 1101 1947 filium
1144 1884 1398 1955 dictum,
1443 1902 1682 1946 omnem
1725 1884 2006 1964 populum
2052 1883 2300 1945 delicias

287 1984 318 2033 ’1
356 1990 494 2033 suas
525 1971 890 2033 Gordianum
922 1971 1161 2033 dixisse.
1210 1969 1467 2050 denique
1498 1968 1827 2050 Philippus,
1861 1988 1995 2030 culn
2027 1988 2169 2030 eum
2195 1971 2293 2030 in·
2323 1986 2387 2026 20

352 2058 723 2126 terfecisset,
780 2073 977 2136 neque
1022 2058 1313 2135 imagines
1366 2057 1494 2116 eius
1551 2055 1762 2116 tollere
1816 2072 2014 2134 neque
2070 2062 2298 2115 statuas

355 2140 659 2224 deponere
702 2156 900 2219 neque
943 2160 1162 2203 nomen
1194 2140 1504 2211 abradere,
1537 2141 1642 2201 sed
1673 2140 1880 2201 diuum
1917 2142 2160 2219 semper
2191 2159 2296 2219 ap·

354 2227 585 2306 pellans
627 2229 803 2287 etiam
845 2226 1000 2305 apud
1042 2229 1209 2305 ipsos
1239 2224 1490 2295 milites,
1537 2244 1671 2289 cum
1714 2225 1930 2303 quibus
1970 2225 2294 2286 factionem

354 2314 595 2383 fecerat,
628 2315 788 2372 serio
818 2313 1014 2372 animo
1046 2318 1103 2372 et
1127 2312 1446 2390 peregrina
1478 2310 1796 2371 calliditate
1825 2316 2148 2371 ueneratus
2180 2317 2289 2377 est.

248 2396 335 2461 32
480 2396 703 2457 Domus
734 2396 1171 2457 Gordianorum
1204 2397 1381 2455 etiam
1403 2413 1562 2456 nunc
1585 2402 1762 2466 extat,
1797 2414 1974 2476 quam
1996 2398 2113 2456 iste
2139 2396 2290 2457 Gor-
2319 2410 2380 2451 25

286 2497 318 2545 2
356 2480 567 2543 dianus
605 2480 1011 2561 pulcherrime
1052 2482 1382 2540 exornauit.
1449 2487 1540 2541 est
1571 2480 1710 2542 uilla
1743 2499 1948 2542 eorum
1980 2481 2077 2541 uia
2108 2480 2291 2541 Prae-

352 2567 588 2626 nestina
628 2565 915 2626 ducentas
957 2564 1265 2626 columnas
1300 2565 1363 2624 in
1395 2567 1701 2648 tetrastylo
1733 2565 1992 2635 habens,
2038 2582 2294 2643 quarum

353 2650 779 2730 quinquaginta
822 2650 1167 2731 Carysteae‚
1215 2653 1649 2727 quinquaqinta
1686 2651 2070 2720 Claudianae,
2119 2652 2293 2729 quin-

332 2738 633 2815 ‚quaginta
674 2735 1011 2817 Synnades,
1064 2736 1492 2816 quinquaginta
1534 2736 1890 2819 Numidicae„
1933 2736 2064 2815 pari
2118 2753 2290 2795 men·

284 2838 318 2886 3
354 2838 496 2883 sura
526 2828 681 2884 sunt.
738 2824 801 2881 in
832 2840 945 2901 qua
992 2820 1271 2883 basilicae
1314 2824 1693 2883 centenariae
1723 2829 1876 2891 treS,
1921 2827 2124 2881 cetera
2155 2820 2294 2881 huic
2319 2836 2375 2877 30

351 2909 524 2985 operi
565 2908 979 2969 conuenientia
1021 2916 1079 2967 et
1111 2906 1378 2967 thermae
1423 2906 1626 2984 quales
1668 2915 1905 2987 praeter
1935 2905 2180 2975 urbem,
2227 2912 2296 2966 nt

488 3111 513 3157 1
538 3105 1005 3173 slslllclamantem
1028 3112 1079 3159 P
1188 3114 1322 3160 ante
1349 3115 1708 3176 conspectum
1734 3110 1786 3161 d.
1810 3111 1844 3159 i.
1872 3126 1939 3159 ac
1965 3108 2102 3173 spol.
2128 3108 2196 3157 M

347 3177 381 3224 4
405 3176 703 3240 imperauit
728 3178 791 3229 G.
818 3180 980 3229 annis
1015 3194 1111 3230 sex
1138 3179 1266 3243 fort.
1292 3180 1524 3229 eicienda
1661 3190 1794 3229 asne
1808 3176 1932 3227 B¹P
1951 3188 2019 3227 ne
2038 3174 2122 3225 B²
2147 3182 2204 3226 et
2229 3177 2302 3227 M

349 3247 517 3307 atque
539 3246 729 3309 scripsi
870 3246 978 3297 hac
1000 3248 1052 3297 B
1198 3248 1230 3297 5
1252 3246 1557 3313 Argunthis
1581 3246 1648 3297 M
1789 3244 2136 3312 scytharum
2159 3242 2298 3294 BP²

346 3312 659 3430 Ἐγῐαωὲῗῑ
697 3384 721 3430 t
812 3314 1313 3447 {2lad321'scentegnl
1325 3314 1440 3433 EI}
1572 3316 1636 3433 {93
1661 3329 1756 3366 eos
1779 3313 1832 3363 B
1865 3385 1916 3433 rt
1978 3314 2129 3429 26Bet
2152 3312 2298 3431 &1213

635 3396 695 3429 m
724 3397 814 3431 ras
905 3399 935 3432 ο
1079 3399 1191 3434 uno
1216 3396 1241 3433 s
1273 3401 1292 3432 1
1315 3400 1348 3433 0
1457 3399 1548 3433 em.
1753 3398 1861 3449 qua.
1918 3397 2009 3431 um

346 3446 639 3563 ῗέἰετθαθ
649 3448 817 3500 ΒΡΜ
835 3467 925 3501 em.
952 3450 994 3501 S
1119 3447 1524 3517 quinquaginta
1548 3467 1642 3503 om.
1669 3452 1772 3501 BP
1880 3452 1946 3503 30
1967 3448 2294 3501 bisacilicae
