2517 3884
385 154 472 218 96
711 127 715 144 ’
1108 157 1260 216 AELI
1301 157 1611 216 rmum

316 338 352 386 6
387 327 562 398 tudo,
609 331 677 388 ut
717 326 881 388 domi
909 325 1132 388 bestias
1158 326 1545 388 interficeret.
1606 325 1718 386 fuit
1760 330 2073 405 praeterea
2112 342 2184 386 ea
2214 323 2318 384 de·

383 414 628 483 mentia,
662 419 732 477 ut
760 411 971 473 urbem
999 411 1331 472 Romanam
1360 410 1653 473 coloniam
1684 409 2165 471 Commodianam
2209 428 2317 470 uo·

367 501 512 560 'cari
541 497 820 559 uoluerit.
871 497 976 574 qui
1003 498 1176 558 furor
1205 495 1427 559 dicitur
1456 497 1512 556 ei
1541 497 1699 556 inter
1729 494 2131 556 delenimenta
2162 494 2317 556 Mar·

317 593 350 642 ’1
389 586 516 645 ciae
553 584 828 646 iniectus
917 581 1112 644 uoluit
1165 582 1344 645 etiam
1393 582 1457 642 in
1507 583 1671 641 circo
1713 579 2031 658 quadrigas
2072 581 2315 657 agitare.

317 679 352 728 8
388 668 800 733 dalmaticatus
841 667 906 727 in
945 665 1206 745 publico,
1227 668 1527 744 processit
1567 673 1745 746 atque
1782 667 1865 725 ita
1904 667 2140 743 signum
2173 683 2318 742 qua·
2373 684 2399 724 5
2502 717 2504 720 Α

316 754 350 811 9
389 754 573 832 drigis
617 751 958 815 emittendis
1001 750 1188 812 dedit.
1272 758 1334 812 et
1374 769 1445 811 eo
1486 751 1727 828 quidem
1767 757 2040 828 tempore
2082 767 2201 829 quo
2246 749 2321 810 ad

391 846 663 906 senatum
692 837 928 904 rettulit
956 837 1032 897 de
1063 836 1483 899 Commodiana
1514 836 1785 898 facienda
1816 835 2032 905 Roma,
2066 854 2189 896 non
2220 853 2319 896 so-

385 923 512 984 lum
544 929 786 984 senatus
817 922 932 982 hoc
961 920 1221 983 libenter
1241 922 1475 999 accepit
1500 939 1607 998 per
1631 921 1999 992 inrisionem,
2028 927 2319 998 quantum

387 1006 786 1086 intellegitur,
831 1006 938 1068 sed
983 1009 1160 1070 etiam
1191 1024 1255 1067 se
1296 1008 1497 1084 ipsum
1535 1004 2029 1066 Commodianum
2082 1007 2325 1082 uocauit

382 1091 779 1169 ‘Commodum
811 1091 1134 1154 Herculem
1165 1099 1224 1152 et
1253 1090 1435 1151 deum
1466 1089 1791 1169 appellans
2352 1110 2403 1148 ιο

311 1173 356 1236 9
516 1176 864 1246 Simulauit‚
897 1195 964 1238 se
995 1184 1056 1238 et
1083 1177 1146 1236 in
1174 1176 1431 1236 Africam
1462 1176 1721 1244 iturum,
1768 1181 1836 1234 ut
1878 1182 2185 1254 sumptum
2224 1177 2322 1235 iti-

385 1264 692 1324 nerarium
725 1263 1010 1339 exigeret,
1045 1267 1106 1322 et
1135 1261 1330 1337 exegit
1362 1276 1620 1338 eumque
1649 1263 1713 1320 in
1744 1261 2023 1320 conuiuia
2047 1268 2107 1321 et
2131 1259 2321 1320 aleam

317 1358 350 1405 2
387 1349 702 1408 conuertit.
765 1346 1134 1413 Motilenum,
1166 1344 1354 1424 praef.
1390 1346 1709 1422 praetorii,
1754 1362 1865 1423 per
1895 1345 2045 1406 fieus
2084 1363 2325 1408 ueneno

389 1433 714 1494 interemit.
778 1432 1008 1508 accepit
1037 1435 1264 1490 statuas
1292 1431 1354 1488 in
1386 1429 1665 1491 Herculis
1706 1427 1946 1498 habitu,
1992 1431 2166 1507 eique
2207 1432 2320 1490 im-

310 1529 351 1576 ’3
385 1515 672 1578 molatum
705 1521 798 1574 est
837 1522 902 1575 ut
932 1514 1064 1574 deo.
1137 1513 1361 1574 multos
1403 1521 1715 1592 praeterea
1759 1521 2077 1592 parauerat
2114 1516 2323 1576 interi·
2352 1533 2405 1572 15

387 1619 572 1660 mere.
647 1599 804 1679 quod
845 1617 956 1677 per
998 1597 1319 1677 paruolum
1362 1597 1667 1675 quendam.
1706 1599 2012 1676 proditum
2054 1606 2173 1668 est,
2220 1601 2326 1677 qui

390 1681 644 1746 tabulam
681 1701 712 1744 e
745 1682 1022 1744 eubiculo
1054 1684 1244 1752 eiecit,
1278 1684 1340 1742 in
1366 1699 1487 1758 qua
1508 1681 1977 1743 occidendorum
2008 1690 2180 1744 erant
2208 1702 2322 1744 no-

317 1783 352 1830 4
388 1771 547 1830 mina
577 1769 816 1847 scripta.
883 1786 1051 1828 sacra
1079 1767 1254 1828 Isidis
1286 1766 1507 1836 coluit,.
1532 1775 1601 1826 ut
1645 1775 1705 1827 et
1747 1774 1927 1846 caput
1968 1767 2212 1828 raderet
2264 1777 2327 1829 et

320 1866 352 1915 5
385 1853 641 1916 Anubim
686 1859 977 1933 portaret.
1046 1851 1327 1914 Bellonae
1358 1853 1694 1916 seruientes
1724 1871 1870 1912 uere
1903 1869 2151 1914 execare
2183 1852 2321 1913 bra-

319 1951 352 1998 6
391 1939 588 2002 chium
630 1939 940 2018 praecepit
979 1936 1178 2000 studio
1221 1936 1605 1998 crudelitatis.
1680 1937 1901 1998 Isiacos
1943 1956 2089 1998 uere
2128 1939 2323 2018 pineis
2353 1957 2405 1995 20

387 2042 580 2102 usque
624 2023 700 2084 ad
739 2024 1071 2102 perniciem
1111 2029 1326 2102 pectus
1359 2021 1612 2083 tundere
1644 2022 1912 2100 cogebat.
1986 2042 2122 2086 cum
2162 2025 2325 2084 Anu-

386 2110 508 2171 bim
539 2115 837 2188 portaret,
873 2111 1066 2188 capita
1107 2108 1439 2169 Isiacorum
1490 2109 1759 2189 grauiter
1804 2107 2175 2168 obtundebat
2218 2127 2323 2169 ore

389 2195 713 2256 simulacri.
773 2192 944 2256 elaua
975 2212 1100 2254 non
1131 2193 1325 2256 solum
1371 2193 1579 2254 leones
1620 2195 1684 2253 in
1728 2200 1897 2254 ueste
1940 2193 2222 2254 muliebri
2266 2202 2327 2254 et

388 2279 546 2358 pelle
575 2278 814 2341 leonina
848 2279 954 2339 sed
987 2281 1164 2338 etiam
1207 2277 1483 2338 homines
1522 2277 1745 2338 multos
1786 2277 2029 2338 adflixit.
2094 2277 2324 2338 debiles

387 2363 645 2442 pedibus
691 2369 752 2422 et
791 2380 893 2422 eos
937 2364 1041 2438 qui
1083 2361 1390 2422 ambulare
1440 2379 1563 2440 non
1611 2369 1857 2439 possent
1907 2363 1971 2421 in
2014 2364 2323 2438 gigantum
2351 2381 2407 2420 25

387 2447 634 2508 modum
673 2446 984 2514 formauit,
1032 2447 1114 2505 ita
1155 2452 1224 2505 ut
1268 2465 1301 2504 a
1342 2445 1595 2522 genibus
1648 2444 1723 2505 de
1766 2447 1979 2523 pannis
2020 2452 2081 2506 et
2123 2446 2325 2506 linteis

389 2533 558 2610 quasi
588 2530 878 2590 dracones
909 2529 1364 2606 degererentur,
1400 2528 1763 2604 eosdemque
1794 2530 2023 2606 sagittis
2044 2531 2320 2592 confecit.

389 2633 558 2677 sacra
587 2613 894 2675 Mithriaca
922 2613 1246 2674 homicidio
1276 2631 1426 2673 uero
1468 2612 1709 2692 polluit,
1755 2633 1891 2675 cum
1934 2614 2057 2676 illic
2099 2616 2324 2693 aliquid

390 2701 464 2762 ad
493 2701 758 2779 speciem
792 2700 1020 2760 timoris
1051 2697 1149 2759 uel
1181 2698 1301 2758 dici
1332 2697 1428 2759 uel
1460 2698 1601 2776 fingi
1632 2698 1837 2759 soleat.

290 2786 372 2850 10
515 2785 709 2848 Etiam
744 2801 892 2862 puer
924 2791 983 2844 et
1011 2781 1258 2862 gulosus
1304 2790 1362 2846 et
1398 2783 1719 2862 inpudicus
1762 2785 1894 2846 fuit.
1968 2785 2319 2846 adulescens
2350 2803 2404 2842 30

391 2890 570 2934 omne
597 2887 784 2948 genus
814 2868 1125 2930 hominum
1171 2869 1479 2931 infamauit
1522 2869 1681 2946 quod
1728 2877 1857 2932 erat
1898 2887 2101 2930 secum
2146 2875 2205 2928 et
2246 2868 2319 2929 ab

493 3077 520 3123 1
549 3072 844 3124 clementia.
866 3073 919 3122 B
1063 3075 1349 3125 &Romam
1373 3073 1440 3121 M
1588 3071 2097 3123 commodiananam
2116 3069 2187 3121 P¹

389 3146 424 3193 3
449 3145 541 3192 eui
561 3141 664 3191 BP
796 3145 829 3193 5
856 3141 1275 3192 dalmaticettus
1296 3141 1348 3190 B
1484 3143 1515 3192 6
1551 3157 1695 3205 quoa
1720 3156 1763 3192 s.
1788 3139 1891 3190 BP
2025 3139 2088 3190 16
2122 3155 2324 3204 paruu-

386 3211 502 3261 lum
523 3209 576 3258 B
713 3211 777 3260 19
801 3209 1056 3260 uellonae
1078 3209 1203 3260 BP¹
1338 3209 1587 3259 bracium
1609 3206 1678 3256 Ρι
1816 3209 1881 3256 22
1905 3207 2250 3258 isiriaeorum
2273 3209 2327 3257 B

492 3279 560 3328 24
581 3277 785 3328 multos
809 3277 1060 3328 homines
1083 3279 1150 3332 M,
1285 3278 1351 3326 26
1387 3291 1421 3324 a
1448 3276 1709 3340 gentibus
1731 3276 1834 3325 BP
1880 3276 1951 3326 ab
1977 3277 2239 3340 gentibus
2263 3277 2331 3327 M

492 3346 557 3396 27
584 3345 977 3409 detegerentur
997 3345 1065 3396 M
1107 3346 1269 3410 quasi
1300 3346 1359 3394 in
1394 3344 1663 3394 dracones
1697 3343 2083 3408 redigerentur
2114 3343 2327 3395 Momm-

387 3430 541 3466 senua
676 3415 742 3463 28
765 3411 943 3462 illihic
966 3413 1069 3462 BP
1203 3416 1271 3464 30
1294 3412 1517 3477 golosus
1540 3411 1644 3460 BP
1686 3411 1912 3478 gylosus
1932 3409 2007 3462 Β*
2142 3414 2207 3464 31
2242 3413 2327 3462 in-

389 3482 625 3534 famauit
645 3481 922 3533 hominum
945 3481 1012 3532 M
1061 3537 1068 3542 ,
