2517 3884
485 1018 1435 1117 ALEXANDER
1522 978 2193 1117 SEVERVS

465 1208 470 1211 ¹
889 1222 1179 1359 AELII
1232 1220 1781 1298 LAMPRIDII
1808 1253 1825 1261 ⁶

306 1495 337 1556 1
500 1497 824 1557 Interfecto
857 1497 1032 1557 Vario
1064 1496 1450 1575 Heliogabalo
1488 1530 1558 1540 -—-
1586 1498 1670 1557 sic
1704 1498 1863 1557 enim
1894 1496 2191 1557 malumus
2225 1495 2312 1557 di-

375 1600 516 1641 cere
547 1598 729 1658 quam
761 1582 1156 1651 Antoninum,
1206 1583 1343 1659 quia
1389 1590 1447 1642 et
1477 1581 1623 1642 nihil
1655 1583 2093 1643 Antoninorum
2122 1584 2314 1661 pestis

307 1677 338 1723 2
374 1666 473 1726 illa
505 1665 780 1734 ostendit,
816 1672 876 1725 et
907 1666 1022 1726 hoc
1052 1685 1274 1728 nomen
1306 1685 1379 1727 ex
1412 1666 1725 1728 annalibus
1769 1674 2011 1728 senatus
2052 1669 2309 1728 auctori·
2365 1688 2390 1727 5

376 1758 494 1811 tate
527 1768 764 1811 erasum
797 1758 888 1811 est
917 1785 986 1793 —
1017 1751 1091 1812 ad
1122 1752 1457 1812 remedium
1488 1754 1729 1829 generis
1760 1751 2007 1813 humani
2036 1752 2313 1814 Aurelius

373 1835 725 1906 Alexander,
760 1835 912 1897 urhe
941 1837 1174 1897 Arcena
1204 1838 1463 1915 genitus,
1491 1838 1651 1899 Varii
1681 1835 1854 1907 filius,
1882 1838 2091 1898 Variae
2122 1856 2311 1918 nepos

378 1931 436 1981 et
467 1920 861 1982 consobrinus
889 1922 1084 2000 ipsius
1113 1920 1505 2000 Heliogabali,
1535 1924 1771 2001 vaccepit
1798 1924 2139 2001 imperium,
2175 1941 2313 1984 cum

377 2014 514 2067 ante
557 2006 772 2067 Caesar
824 2025 855 2067 a
901 2014 1113 2068 senatu
1166 2014 1330 2068 esset
1382 2006 1741 2086 appellatuS,
1796 2016 2035 2068 mortuo
2086 2006 2313 2089 scilicet

305 2104 338 2151 3
375 2090 659 2159 MacrIno,
689 2094 1143 2169 Augustumque
1173 2110 1395 2153 nomen
1436 2091 1596 2153 idem
1626 2095 1857 2171 recepit
1887 2087 2085 2153 addito
2129 2111 2201 2154 eo
2244 2101 2310 2153 ut
2338 2113 2389 2150 ιο

376 2182 435 2235 et
474 2177 663 2255 patris
704 2178 934 2255 patriae
976 2195 1196 2237 nomen
1240 2183 1302 2237 et
1344 2178 1438 2237 ius
1480 2177 1910 2256 proconsulare
1955 2187 2013 2237 et
2056 2177 2310 2239 tribuni-

373 2262 526 2321 ciam
557 2266 913 2339 potestatem
947 2267 1005 2320 et
1033 2263 1128 2322 ius
1160 2263 1403 2338 quintae
1432 2260 1739 2323 relationis
1764 2262 2074 2322 deferente
2098 2270 2311 2323 senatu

304 2359 338 2405 4
373 2363 492 2405 uno
523 2344 618 2405 die
651 2344 1009 2405 adsumeret.
1077 2353 1134 2404 et
1175 2363 1251 2405 ne
1281 2363 1575 2424 praeceps
1617 2348 1729 2407 ista
1776 2345 2077 2406 honorum
2118 2350 2309 2409 conti-

373 2430 575 2488 nuatio
610 2426 912 2495 uideatur,
972 2446 1265 2506 exponam
1314 2448 1541 2499 causaS,
1587 2429 1803 2506 quibus
1851 2428 1913 2488 id
1958 2437 2016 2488 et
2068 2441 2311 2492 senatus

301 2527 334 2575 ὅ
373 2519 614 2573 coactus
660 2518 751 2571 est
789 2513 989 2572 facere
1043 2518 1102 2572 et
1129 2511 1233 2572 ille
1264 2515 1517 2591 perpeti.
1590 2532 1711 2574 non
1758 2514 1917 2573 enim
1960 2520 2063 2573 aut
2106 2519 2305 2593 graui·
2336 2535 2385 2575 15

369 2596 478 2657 tati
521 2602 762 2657 senatus
806 2595 1176 2674 congruebat
1217 2599 1416 2657 omnia
1470 2598 1646 2658 simul
1702 2598 1939 2669 deferre
1993 2605 2095 2659 aut
2148 2600 2304 2663 bono

301 2695 334 2741 6
371 2682 628 2761 principi
657 2687 898 2760 raptum
938 2682 1029 2741 ire
1072 2688 1161 2741 tot
1204 2682 1383 2742 simul
1416 2682 1753 2760 dignitates
1817 2683 2038 2745 milites
2068 2687 2186 2748 iam
2218 2688 2304 2745 in-

370 2774 691 2828 sueuerant
721 2766 835 2827 sibi
864 2768 1265 2846 imperatores
1316 2774 1376 2828 et
1403 2768 1796 2830 tumultuario
1838 2768 2062 2831 iudicio
2109 2772 2305 2832 facere

473 2989 500 3036 1
527 2986 728 3052 incipit
753 2986 1055 3037 alexander
1080 3002 1309 3039 seuerus
1334 2989 1449 3039 aeli
1471 2988 1751 3055 lampridii
1774 2989 1877 3040 BP
1906 2990 1978 3040 ad
2005 2990 2307 3041 constanti-

367 3068 498 3103 num
521 3070 647 3119 aug.
675 3056 795 3105 add.
821 3053 900 3103 Ρ8
947 3057 1123 3107 eadem
1145 3073 1321 3108 manus
1354 3058 1483 3109 haec
1517 3060 1825 3122 adscripsit:
1858 3058 1963 3108 hec
1993 3057 2192 3109 istoria.
2226 3058 2306 3107 in-

368 3126 621 3171 correcta
644 3121 818 3173 multa
852 3128 910 3173 et
935 3122 1148 3174 sollerti
1173 3125 1563 3177 emendatione
1585 3124 1819 3191 indiget.
1955 3128 1991 3176 4
2014 3127 2310 3178 antoninus

366 3188 535 3238 BPM
667 3193 700 3241 8
724 3190 915 3256 gabali
936 3191 1040 3241 BP
1047 3190 1062 3224 ¹
1091 3208 1208 3244 exc.
1235 3196 1375 3260 quod
1393 3196 1442 3245 82‘
1462 3208 1570 3245 cum
1593 3193 1636 3244 S
1654 3210 1867 3245 seruare
1889 3198 2109 3255 uelimus,
2133 3196 2309 3261 ipsius

366 3256 420 3304 in
443 3254 594 3306 illius
618 3259 903 3309 mutandum
927 3262 1028 3310 erit
1050 3260 1118 3324 cf.
1147 3278 1193 3315 c.
1220 3264 1273 3315 2.
1298 3266 1346 3316 5.
1375 3264 1445 3312 25
1467 3261 1809 3327 heliogabali
1831 3260 2037 3312 P⁸VM
2167 3266 2197 3314 9
2224 3278 2305 3313 se·

367 3326 534 3373 natus
556 3322 610 3372 B
747 3327 1089 3393 appellatum
1114 3328 1168 3377 B
1309 3332 1372 3380 12
1400 3329 1963 3383 deferentessenautu
1986 3330 2038 3379 B
2060 3347 2177 3382 exo.
2214 3330 2303 3380 de-

367 3423 583 3473 ferente
610 3430 807 3476 senatu
832 3428 882 3477 P
906 3428 1098 3491 (esena
1122 3431 1176 3481 in
1199 3430 1330 3495 raa.)
1358 3404 1919 3483 deferentessenltutu
1942 3430 2029 3481 B²
2054 3431 2304 3483 deferen-

365 3492 694 3589 tegssenantn
717 3528 862 3579 exc.²
1001 3532 1066 3581 14
1091 3536 1353 3598 etponam
1377 3534 1429 3581 P
1567 3535 1630 3583 18
1657 3539 1713 3583 et
1738 3539 1799 3584 ut
1824 3538 1957 3584 tum.
1984 3550 2099 3586 exc.
