2517 3884
364 189 485 255 102
1087 201 1236 257 AELl
1280 201 1585 258 LAMPRIDl

357 367 626 448 perfecit.
703 367 954 428 classem
993 368 1331 428 Africanam
1372 370 1654 439 instituit,
1698 386 1851 447 quae
1894 370 2159 431 subsidio
2194 390 2289 431 es-

292 460 324 506 8
361 457 480 522 set,
526 454 577 513 si
617 453 772 513 forte
813 450 1209 513 Alexandrina
1259 453 1557 514 frumenta
1602 462 1956 517 cessassent.
2036 455 2291 517 ridicule

364 540 542 600 etiam
583 537 996 614 Carthaginem
1037 535 1456 599 Alexandriam
1502 539 1983 601 Commodianam
2029 548 2288 619 togatam

363 621 714 704 appellauit,
761 641 895 682 cum
938 620 1185 682 classem
1235 640 1475 701 quoque
1526 625 1863 686 Africanam
1918 627 2291 687 Commodia-

293 716 324 763 9
361 725 500 770 nam
539 705 894 768 Herculeam
937 706 1315 786 appellasset.
1402 717 1753 771 ornamenta
1804 729 1947 772 sane
1997 711 2289 791 quaedam
2343 725 2371 766 5

264 801 326 849 10
363 793 597 855 colosso
627 790 876 860 addidit,
925 792 1076 872 quae
1107 800 1315 872 postea
1348 801 1559 856 cuncta
1592 792 1824 856 sublata
1855 804 2009 857 sunt.
2072 797 2311 858 colossi.

363 887 560 940 autem
590 882 766 954 caput
795 875 1073 956 dempsit,
1109 877 1269 955 quod
1300 879 1559 941 Neronis
1592 887 1779 950 esset,
1815 900 1883 942 ac
1914 900 2089 942 suum
2118 883 2289 962 inpo-

285 959 288 962 ’
362 965 479 1024 suit
526 967 585 1022 et
627 959 861 1022 titulum
901 981 1072 1023 more
1113 963 1291 1024 solito
1324 963 1705 1044 subscripsit,
1750 968 1829 1026 ita
1871 966 2138 1028 utillum
2169 966 2292 1044 gla-

262 1057 322 1104 11
361 1048 674 1108 diatorium
718 1052 776 1106 et
817 1046 1222 1109 effeminatum
1263 1067 1386 1110 non
1426 1053 1950 1129 praetermitteret.
2016 1052 2175 1112 hunc
2210 1060 2291 1112 ta·

359 1150 499 1202 men
531 1131 823 1201 SeueruS,
859 1133 1186 1212 imperator
1230 1137 1433 1210 grauis
1465 1143 1524 1194 et
1555 1136 1649 1196 uir
1680 1138 1939 1197 nominis
1972 1139 2095 1207 sui,
2132 1137 2289 1202 odio,
2311 1145 2373 1189 '10

361 1223 648 1294 quantum
678 1216 945 1297 uide-tur,
983 1226 1224 1279 senatus
1253 1221 1415 1280 inter
1446 1219 1589 1281 deos
1619 1220 1885 1290 rettulit,
1918 1221 2157 1282 flamine
2190 1222 2291 1282 ad-

361 1302 510 1370 dito,
559 1317 734 1379 quem
775 1304 905 1382 ipse
949 1307 1126 1365 uiuus
1156 1304 1271 1364 sibi
1301 1313 1648 1384 parauerat,
1692 1304 2071 1374 Herculaneo
2116 1307 2289 1368 Com-

263 1397 325 1442 12
361 1387 658 1448 modiano,
695 1387 946 1448 Sorores
976 1397 1100 1450 tres
1135 1392 1487 1469 superstites
1518 1389 1781 1468 reliquit.
1816 1393 1887 1452 Vt
1920 1391 2131 1452 natalis
2164 1394 2295 1452 eius

364 1471 792 1543 celebraretur,
828 1472 1092 1534 Seuerus
1122 1476 1396 1535 instituit.

262 1550 340 1612 18
489 1555 964 1618 Adclamationes
995 1566 1240 1620 senatus
1269 1567 1406 1638 post
1437 1569 1694 1621 mortem
1728 1561 2035 1621 Commodi
2075 1579 2295 1638 graues
2327 1574 2374 1614 15

292 1652 322 1697 2
361 1643 622 1704 fuerunt.
708 1650 776 1702 ut
815 1649 1012 1704 autem
1056 1644 1340 1713 sciretur,
1390 1644 1547 1721 quod
1588 1644 1878 1705 iudicium
1936 1653 2175 1705 senatus
2220 1647 2295 1706 de

364 1726 686 1788 Commodo
727 1728 936 1797 suerit,
981 1730 1142 1806 ipsas
1183 1728 1645 1789 adclamationes
1690 1728 1762 1789 de
1808 1729 1993 1790 Mario
2038 1729 2293 1790 Maximo

295 1823 326 1868 :3
363 1812 550 1872 indidi
580 1820 650 1872 et
691 1814 1046 1872 sententiam
1092 1820 1335 1874 senatus
1367 1812 1648 1874 consulti:
1683 1814 1896 1882 „Hosti
1926 1815 2152 1893 patriae
2184 1813 2291 1874 ho-

364 1916 546 1958 nores
577 1894 983 1959 detrahantur.
1048 1897 1383 1976 parricidae
1414 1898 1674 1958 honores
1707 1898 2113 1959 detrahantur.
2146 1919 2289 1979 par-

363 1982 550 2044 ricida
582 1981 866 2042 trahatur.
929 1981 1119 2044 hostis
1150 1985 1375 2061 patriae
1407 1983 1702 2063 parricida
1734 1983 2026 2062 gladiator
2057 1986 2119 2045 in
2152 2003 2291 2064 spo·
2324 2001 2373 2038 20

294 2079 328 2125 4
363 2067 536 2128 liario
567 2067 838 2128 lanietur.
916 2065 1105 2129 hostis
1146 2068 1429 2138 deorum,
1476 2069 1743 2130 carnifex
1790 2078 2062 2138 senatus,
2108 2068 2296 2130 bostis

365 2152 633 2222 deorum,
668 2153 965 2233 parricida
995 2160 1268 2222 senatus:
1304 2155 1491 2215 hostis
1524 2155 1791 2240 deorum,
1816 2155 2003 2216 hostis
2030 2165 2291 2216 senatus.

297 2249 328 2296 5
363 2238 754 2316 gladiatorem
784 2241 846 2298 in
877 2238 1176 2318 spoliari0.
1212 2242 1315 2319 qui
1346 2247 1615 2300 senatum
1650 2239 1883 2309 occidit,
1918 2242 1981 2300 in
2014 2240 2296 2318 spoliario

363 2331 650 2402 ponatur;
699 2325 799 2401 qui
829 2331 1102 2384 senatum
1135 2324 1383 2392 occidit,
1430 2343 1585 2385 unco
1626 2324 1930 2390 trahatur;
1978 2327 2082 2400 qui
2124 2327 2295 2385 inno-

366 2413 570 2466 centes
612 2406 857 2476 occidit,
913 2426 1069 2468 unco
1111 2405 1397 2468 trahatur.
1488 2408 1705 2476 hostis,
1761 2407 2089 2486 parricida,
2146 2427 2292 2468 uere
2322 2422 2377 2460 25

296 2502 328 2548 6
363 2509 528 2552 uere.
593 2494 696 2569 qui
726 2493 1000 2568 sanguini
1031 2511 1137 2552 suo
1167 2486 1291 2551 non
1319 2494 1619 2571 pepercit,
1653 2510 1807 2571 unco
1840 2491 2127 2553 trahatur.
2194 2495 2298 2570 qui

296 2588 327 2635 7
365 2583 424 2637 te
457 2576 764 2635 occisurus
797 2575 924 2644 fuit,
960 2593 1116 2637 unco
1146 2576 1436 2637 trahatur.
1499 2576 1821 2637 Nobiscum
1863 2578 2143 2648 timuisti,
2188 2597 2296 2640 no-

326 2659 328 2661 ’
367 2660 600 2722 hiscum
632 2659 1006 2740 periclitatus
1050 2646 1258 2736 essut
1303 2661 1454 2722 salui
1498 2663 1713 2731 simus,
1761 2661 2029 2741 luppiter
2074 2665 2296 2742 optime

302 2757 333 2803 8
370 2747 656 2814 maxime,
701 2764 878 2807 serua
916 2745 1090 2807 nobis
1120 2747 1516 2807 Pertinacem.
1578 2747 1746 2807 Fidei
1777 2749 2296 2826 praetorianorum

369 2831 642 2892 feliciter.
705 2832 1025 2910 praetoriis
1057 2829 1401 2892 cohortibus
1445 2831 1718 2893 feliciter.
1786 2833 2144 2894 exercitibus
2174 2833 2293 2892 Ro·
2322 2845 2374 2884 30

299 2929 330 2976 9
371 2918 558 2977 manis
590 2914 862 2978 feliciter.
922 2917 1130 2995 pietati
1159 2923 1403 2977 senatus
1432 2915 1706 2978 feliciter.
1765 2917 2067 2978 Parricida
2096 2915 2294 2976 traha-

270 3015 332 3062 10
371 3008 488 3062 tur.
562 3019 872 3080 rogamus,
917 3002 1214 3078 Auguste,
1273 3002 1569 3082 parricida
1600 3003 1888 3064 trahatur.
1962 3000 2077 3061 hoc
2121 3019 2294 3079 roga-

367 3105 529 3155 muS‚
586 3086 883 3165 parricida
926 3086 1214 3148 trahatur.
1296 3087 1509 3151 exaudi
1563 3088 1809 3149 Caesar:
1874 3085 2169 3146 delatores
2223 3086 2297 3146 ad

467 3259 498 3305 3
526 3256 811 3320 cartagine
829 3255 883 3304 B
929 3257 1309 3322 carthaginem
1333 3259 1383 3306 P
1518 3258 1580 3307 10
1613 3256 1740 3320 imp.
1770 3255 2179 3304 amantissimus
2203 3271 2297 3305 no—

367 3323 530 3373 minis
555 3324 642 3372 sui
666 3324 733 3372 M
838 3323 944 3390 uir]
974 3325 1060 3374 ius
1085 3325 1135 3373 B
1253 3328 1313 3375 11
1342 3341 1504 3390 quam
1527 3324 1629 3372 BP
1649 3329 1711 3372 ut
1737 3323 1803 3372 M
1823 3327 2088 3388 quantum
2110 3326 2302 3388 scripsi

470 3395 698 3442 senatus
723 3389 844 3440 BP1
955 3393 1148 3443 retulit
1172 3395 1222 3443 B
1360 3396 1423 3443 21
1450 3391 1757 3442 laniaretur
1779 3391 1831 3440 B
1966 3393 2032 3441 25
2057 3407 2186 3440 uere
2216 3408 2298 3441 se-

366 3475 498 3510 uere
522 3458 688 3510 BMP
716 3475 846 3510 uere
871 3477 1002 3511 uere
1027 3463 1217 3527 scripsi
1342 3465 1407 3512 33
1442 3460 1649 3510 exandi·
1672 3461 1881 3510 Caesar
1916 3459 1966 3509 d.
1996 3475 2044 3510 a.
2083 3461 2300 3510 leonem

366 3530 443 3580 bis
464 3531 642 3594 script.
668 3531 720 3580 in
751 3531 794 3580 P
