2517 3884
773 154 1066 211 rAc1Tvs.
1157 152 1495 214 c.1o-13.
1637 126 1640 131 '
1979 153 2103 218 179

162 322 437 403 cupiduS,
474 323 686 384 nitoris
717 324 1017 391 senatorii,
1051 323 1437 385 uenationum
1470 324 1785 385 studiosus
1835 343 2104 386 mensam
2139 336 2172 388 5

162 410 420 486 denique
451 426 622 469 suam
655 422 979 485 numquam
1020 408 1136 468 nisi
1170 406 1507 484 agrestibus
1551 410 1853 488 opimauit.
1930 412 2103 470 sasia-

159 512 300 556 nam
331 510 504 553 auem
533 492 654 553 nisi
684 510 792 552 suo
839 496 898 551 et
933 509 1180 554 suorum
1222 492 1403 553 natali
1435 499 1495 553 et
1525 492 1736 553 diebus
1764 494 2105 555 festissimis

161 596 282 640 non
313 578 533 656 posuit.
567 576 795 637 hostias
829 594 970 637 suas
1003 592 1242 657 semper
1274 575 1521 639 domum
1547 580 1857 639 reuocauit
1884 579 2106 639 isdem-

113 678 138 718 5
163 680 278 741 que
313 680 454 723 suos
484 662 653 722 uesci
681 661 872 721 iussit.
922 660 1171 723 uxorem
1205 662 1457 739 gemmis
1486 664 1575 723 uti
1602 680 1726 724 non
1758 670 1848 724 est
1874 672 2113 742 passus:
2142 673 2175 722 6

165 765 311 809 auro
343 746 590 809 clauatis
621 744 892 807 uestibus
919 746 1080 807 idem
1110 746 1437 809 interdixit.
1484 766 1623 809 nam
1656 755 1714 808 et
1742 748 1871 828 ipse
1901 756 2108 809 auctor
2212 779 2214 783 ·

163 830 482 895 Aureliano
524 831 708 893 fuisse
747 828 1132 909 perhibetur,
1188 837 1254 891 ut
1294 850 1501 893 aurum
1546 850 1576 892 a
1606 832 1875 894 uestibus
1917 841 1975 893 et
2006 851 2101 893 ca·
2132 850 2143 858 ·

163 918 350 977 meris
380 923 440 976 et
469 914 724 994 pellibus
753 923 1176 976 summoueret.
1253 916 1437 977 Multa
1480 916 1661 977 huius
1692 918 1971 979 feruntur
2000 917 2106 977 sed
2141 927 2174 975 7

164 1002 412 1079 longum
444 1006 534 1061 est
565 1018 636 1059 ea
665 1002 727 1059 in
759 998 992 1061 litteras
1035 1002 1292 1062 mittere.
1370 1000 1527 1081 quod
1564 1002 1615 1061 si
1644 1002 1775 1081 quis
1806 1004 2003 1063 omnia
2033 1002 2106 1061 de
2160 1014 2187 1033 ··

88 1102 140 1141 10
166 1086 282 1145 hoc
318 1087 452 1147 uiro
497 1085 674 1163 cupit.
699 1086 882 1159 scire,
943 1083 1102 1163 legat
1143 1084 1493 1147 Suetonium
1540 1086 1945 1166 Optatianum,
2009 1088 2111 1163 qui

167 1173 293 1231 eius
329 1171 515 1232 uitam
559 1168 800 1229 adfatim
843 1170 1100 1248 scripsit.
1176 1169 1349 1248 Legit
1389 1189 1531 1231 sane
1574 1190 1758 1233 senex
1788 1170 2107 1232 minutulas
2144 1180 2177 1229 8

163 1256 396 1316 litteras
429 1254 502 1313 ad
535 1261 842 1332 stuporem
887 1272 1000 1315 nec
1045 1273 1328 1333 umquam
1372 1262 1611 1326 noctem
1641 1257 1963 1316 intermisit
1994 1271 2110 1332 qua

162 1358 286 1401 non
329 1338 548 1415 aliquid
592 1337 689 1397 uel
733 1337 1028 1399 scriberet
1064 1338 1163 1400 ille
1204 1339 1305 1400 uel
1348 1340 1580 1418 legeret
1629 1346 1870 1419 praeter
1907 1346 2109 1419 poste·

161 1442 300 1485 rum
325 1422 713 1484 kalendarum
744 1422 924 1484 diem.

87 1528 138 1568 15
294 1506 418 1569 Nec
449 1508 760 1570 tacendum
807 1514 899 1569 est
939 1515 999 1569 et
1027 1510 1377 1587 frequenter
1424 1510 1836 1579 intimandum,
1888 1515 2113 1570 tantam
2135 1505 2215 1569 12

168 1601 411 1655 senatus
449 1593 732 1653 laetitiam
773 1595 989 1661 fuisse,
1047 1594 1204 1674 quod
1247 1592 1507 1673 eligendi
1542 1596 1833 1674 principis
1864 1612 2006 1655 cura
2038 1594 2113 1657 ad

167 1678 444 1739 ordinem
477 1677 909 1757 amplissimum
941 1680 1299 1739 reuertisset
1326 1688 1392 1739 ut
1422 1686 1481 1739 et
1513 1678 1977 1757 supplicationes
2007 1679 2111 1740 de-

168 1770 585 1833 cernerentur,
620 1770 679 1823 et
702 1762 1062 1824 hecatombe
1092 1765 1567 1842 promitteretur,
1602 1764 1820 1841 singuli
1850 1764 2113 1840 denique

168 1855 480 1912 senatores
525 1847 598 1908 ad
645 1866 787 1907 suos
835 1847 1203 1917 scriberent,
1274 1866 1387 1907 nec
1431 1848 1503 1908 ad
1550 1866 1691 1908 suos
1734 1855 1961 1908 tantum
2009 1848 2115 1907 sed

91 1950 142 1989 20
175 1935 350 1993 etiam
381 1932 454 1993 ad
487 1939 804 2002 externos,
841 1932 1228 1994 mitterentur
1255 1939 1572 2010 praeterea
1602 1931 1835 1992 litterae
1867 1932 1939 1991 ad
1970 1950 2112 2011 pro-

168 2019 430 2077 uincias:
487 2018 712 2077 scirent
743 2033 952 2077 omnes
985 2018 1130 2078 socii
1162 2033 1489 2093 omnesque
1524 2018 1829 2085 nationes,
1871 2018 1937 2075 in
1968 2018 2116 2077 anti-

171 2119 354 2179 quum
389 2107 609 2162 statum
638 2101 868 2165 redisse
899 2118 1028 2161 rem
1059 2120 1116 2179 p,
1155 2119 1222 2161 ac
1255 2108 1526 2161 senatum
1556 2102 1865 2180 principes
1894 2098 2114 2177 legere,

169 2184 359 2247 immo'
399 2188 597 2266 ipsum
643 2192 917 2245 senatum
955 2186 1291 2265 principem
1333 2186 1587 2255 factum,
1645 2185 1813 2263 leges
1845 2204 1877 2245 a
1910 2191 2119 2245 senatu

151 2270 514 2350 'petendam
559 2286 736 2347 reges
779 2267 1335 2331 barbaros-senatui
1377 2270 1845 2351 supplicaturoS,
1907 2287 2115 2348 pacem

91 2372 146 2413 25
176 2374 246 2417 ac
287 2354 442 2415 bella
487 2361 697 2415 senatu
743 2361 986 2414 auctore
1027 2354 1352 2416 tractanda.
1430 2372 1506 2415 ne
1548 2354 1688 2436 quid
1727 2354 1995 2431 denique
2017 2354 2118 2413 de·-
2158 2370 2189 2417 2

176 2447 340 2501 esset
383 2440 740 2517 cognitioni,
776 2437 1094 2518 plerasque
1143 2439 1323 2499 huius
1364 2440 1527 2500 modi
1580 2438 1861 2519 epistulas
1900 2440 1960 2499 in
2004 2439 2123 2499 fine

173 2524 314 2588 libri
343 2526 549 2603 posui,
597 2530 656 2583 et
687 2542 823 2586 cum
857 2523 1184 2602 cupiditate
1216 2532 1276 2584 et
1306 2525 1435 2585 sine
1466 2524 1728 2594 fastidio,
1759 2530 1827 2605 ut
1855 2524 2121 2593 aestimo,

169 2608 588 2689 perlegendas.
1502 2686 1507 2689 Ι

307 2694 380 2753 Et
409 2694 604 2772 prima
620 2692 879 2771 ‚quidem
923 2690 1012 2751 illi
1053 2710 1196 2753 cura
1225 2693 1613 2770 imperatoris
1643 2692 1785 2751 facti
1812 2690 1960 2750 haec
1988 2691 2121 2759 fuit,
2148 2694 2227 2758 13

96 2796 149 2836 30
177 2785 245 2837 ut
277 2794 486 2841 omnes
530 2779 630 2854 qui
661 2776 1048 2838 Aurelianum
1095 2775 1442 2836 occiderant
1480 2776 1882 2843 interimeret,
1936 2774 2127 2834 bonos

173 2862 479 2931 malosue,
533 2879 665 2924 cum
711 2863 829 2921 iam
873 2859 977 2922 ille
1021 2859 1365 2921 uindicatus
1412 2864 1591 2921 esset.
1669 2860 1743 2919 Et
1783 2859 2063 2937 quoniam
2094 2876 2127 2917 a
2162 2875 2194 2923 2

175 2946 436 3007 Meotide
468 2946 641 3007 multi
671 2945 913 3007 barbari
943 2953 1289 3025 eruperant,
1339 2942 1453 3005 hos
1486 2940 1728 3004 eosdem
1760 2942 2007 3003 consilio
2038 2950 2123 3002 at-

318 3134 350 3183 3
375 3132 555 3183 natali
578 3128 658 3197 et]
704 3131 988 3182 natalibus
1013 3129 1088 3181 B³
1253 3130 1430 3181 debus
1452 3128 1525 3180 B¹
1690 3132 1753 3180 10
1777 3127 2125 3193 optationum

176 3199 282 3250 BP
430 3201 492 3250 12
518 3204 684 3251 nocte
707 3199 812 3249 BP
971 3202 1037 3249 13
1059 3198 1156 3249 ille
1181 3215 1274 3251 om.
1302 3199 1369 3249 M
1524 3198 1589 3249 15
1612 3196 1938 3248 imitandum
1964 3194 2128 3246 BPM

175 3284 269 3319 em.
299 3268 340 3317 C
479 3268 542 3317 16
569 3266 828 3333 elegendi
851 3266 960 3317 BP
1094 3266 1232 3315 dura.
1254 3266 1309 3316 B
1448 3266 1514 3317 18
1537 3266 1886 3317 necatonben
1910 3262 2013 3315 BP

180 3335 416 3401 singulis
441 3334 604 3386 BPM
652 3335 859 3401 singuli
881 3336 1007 3401 Rey.
1169 3336 1234 3384 22
1259 3332 1511 3385 reddisse
1535 3332 1607 3382 B¹
1754 3336 1821 3383 24
1845 3328 2120 3399 petendas

177 3430 246 3439 --
273 3404 497 3455 senatui
520 3419 611 3454 om.
637 3404 700 3454 M
837 3419 978 3469 pace
1003 3402 1110 3453 BP
1241 3404 1308 3453 25
1332 3400 1636 3452 trantando
1661 3399 1731 3449 B¹
1858 3402 1925 3451 30
1948 3399 2123 3449 inter-

177 3472 422 3522 imerent
445 3469 552 3520 BP
573 3478 608 3525 t.
634 3470 783 3523 Iord.
811 3472 877 3522 M
1013 3472 1078 3523 32
1103 3467 1346 3537 meotide
1371 3468 1473 3519 BP
1607 3468 1712 3518 hoc
1736 3465 1817 3518 B¹

1630 3549 1769 3613 12*
1862 3552 1873 3557 “
