<?xml version="1.0" encoding="UTF-8"?>
<!DOCTYPE html PUBLIC "-//W3C//DTD XHTML 1.0 Transitional//EN"
    "http://www.w3.org/TR/xhtml1/DTD/xhtml1-transitional.dtd">
<html xmlns="http://www.w3.org/1999/xhtml" xml:lang="en" lang="en">
 <head>
  <title>
</title>
<meta http-equiv="Content-Type" content="text/html;charset=utf-8" />
  <meta name='ocr-system' content='tesseract 3.04.00' />
  <meta name='ocr-capabilities' content='ocr_page ocr_carea ocr_par ocr_line ocrx_word'/>
</head>
<body>
  <div class='ocr_page' id='page_1' title='image "./scriptoreshisto02petegoog_0187.png"; bbox 0 0 2517 3884; ppageno 0'>
   <div class='ocr_carea' id='block_1_1' title="bbox 319 187 1568 256">
    <p class='ocr_par' dir='ltr' id='par_1_1' title="bbox 319 187 1568 256">
     <span class='ocr_line' id='line_1_1' title="bbox 319 187 1568 256; baseline -0.002 -3"><span class='ocrx_word' id='word_1_1' title='bbox 319 187 443 256; x_wconf 81' lang='grc'><strong>150</strong></span> <span class='ocrx_word' id='word_1_2' title='bbox 826 238 833 244; x_wconf 87' lang='lat'>-</span> <span class='ocrx_word' id='word_1_3' title='bbox 1019 195 1172 252; x_wconf 73' lang='grc' dir='ltr'><strong>ΑΕΗ</strong></span> <span class='ocrx_word' id='word_1_4' title='bbox 1217 195 1568 256; x_wconf 80' lang='lat' dir='ltr'><strong>SPARTIANI</strong></span> 
     </span>
    </p>
   </div>
   <div class='ocr_carea' id='block_1_2' title="bbox 241 360 2331 3252">
    <p class='ocr_par' dir='ltr' id='par_1_2' title="bbox 242 360 2326 766">
     <span class='ocr_line' id='line_1_2' title="bbox 242 360 2246 443; baseline -0.001 -17"><span class='ocrx_word' id='word_1_5' title='bbox 242 361 285 426; x_wconf 90' lang='lat'>8</span> <span class='ocrx_word' id='word_1_6' title='bbox 421 363 688 441; x_wconf 87' lang='lat' dir='ltr'><strong>Denique</strong></span> <span class='ocrx_word' id='word_1_7' title='bbox 712 362 919 424; x_wconf 84' lang='lat' dir='ltr'><strong>Delfici</strong></span> <span class='ocrx_word' id='word_1_8' title='bbox 948 360 1239 443; x_wconf 86' lang='lat' dir='ltr'>Apollinis</span> <span class='ocrx_word' id='word_1_9' title='bbox 1272 371 1439 424; x_wconf 86' lang='lat' dir='ltr'><strong>uates</strong></span> <span class='ocrx_word' id='word_1_10' title='bbox 1468 364 1533 424; x_wconf 89' lang='lat' dir='ltr'><strong>in</strong></span> <span class='ocrx_word' id='word_1_11' title='bbox 1563 369 1730 441; x_wconf 88' lang='lat' dir='ltr'><strong>motu</strong></span> <span class='ocrx_word' id='word_1_12' title='bbox 1758 364 1850 424; x_wconf 90' lang='lat' dir='ltr'><strong>rei</strong></span> <span class='ocrx_word' id='word_1_13' title='bbox 1874 382 1933 442; x_wconf 91' lang='lat' dir='ltr'><strong>p.</strong></span> <span class='ocrx_word' id='word_1_14' title='bbox 1968 365 2246 433; x_wconf 88' lang='lat' dir='ltr'><strong>maximo,</strong></span> 
     </span>
     <span class='ocr_line' id='line_1_3' title="bbox 318 448 2250 528; baseline -0.001 -17"><span class='ocrx_word' id='word_1_15' title='bbox 318 467 456 511; x_wconf 90' lang='lat' dir='ltr'><strong>cum</strong></span> <span class='ocrx_word' id='word_1_16' title='bbox 485 449 865 510; x_wconf 81' lang='lat' dir='ltr'><strong>nuntiaretur</strong></span> <span class='ocrx_word' id='word_1_17' title='bbox 906 455 1031 508; x_wconf 88' lang='lat' dir='ltr'><strong>tres</strong></span> <span class='ocrx_word' id='word_1_18' title='bbox 1073 465 1206 508; x_wconf 89' lang='lat' dir='ltr'><strong>esse</strong></span> <span class='ocrx_word' id='word_1_19' title='bbox 1251 449 1680 527; x_wconf 85' lang='lat' dir='ltr'><strong>imperatores,</strong></span> <span class='ocrx_word' id='word_1_20' title='bbox 1723 448 2020 510; x_wconf 85' lang='lat' dir='ltr'><strong>Seuerum</strong></span> <span class='ocrx_word' id='word_1_21' title='bbox 2052 449 2250 528; x_wconf 89' lang='lat' dir='ltr'><strong>Septi·</strong></span> 
     </span>
     <span class='ocr_line' id='line_1_4' title="bbox 315 532 2253 610; baseline 0.001 -15"><span class='ocrx_word' id='word_1_22' title='bbox 315 536 520 604; x_wconf 88' lang='lat' dir='ltr'><strong>mium,</strong></span> <span class='ocrx_word' id='word_1_23' title='bbox 553 535 950 594; x_wconf 81' lang='lat' dir='ltr'><strong>Pescennium</strong></span> <span class='ocrx_word' id='word_1_24' title='bbox 981 533 1248 610; x_wconf 84' lang='lat' dir='ltr'><strong>Nigrum,</strong></span> <span class='ocrx_word' id='word_1_25' title='bbox 1296 532 1570 596; x_wconf 89' lang='lat' dir='ltr'><strong>Clodium</strong></span> <span class='ocrx_word' id='word_1_26' title='bbox 1598 532 1897 604; x_wconf 86' lang='lat' dir='ltr'><strong>Albinum,</strong></span> <span class='ocrx_word' id='word_1_27' title='bbox 1944 533 2253 596; x_wconf 85' lang='lat' dir='ltr'><strong>consultus</strong></span> 
     </span>
     <span class='ocr_line' id='line_1_5' title="bbox 318 617 2249 699; baseline 0.001 -20"><span class='ocrx_word' id='word_1_28' title='bbox 318 637 499 698; x_wconf 87' lang='lat' dir='ltr'><strong>quem</strong></span> <span class='ocrx_word' id='word_1_29' title='bbox 530 619 841 699; x_wconf 86' lang='lat' dir='ltr'><strong>expediret</strong></span> <span class='ocrx_word' id='word_1_30' title='bbox 881 619 973 679; x_wconf 86' lang='lat' dir='ltr'><strong>rei</strong></span> <span class='ocrx_word' id='word_1_31' title='bbox 1008 617 1331 698; x_wconf 90' lang='lat' dir='ltr'><strong>publicae</strong></span> <span class='ocrx_word' id='word_1_32' title='bbox 1314 637 1643 697; x_wconf 77' lang='lat' dir='ltr'><strong>imperare,</strong></span> <span class='ocrx_word' id='word_1_33' title='bbox 1676 622 1920 683; x_wconf 84' lang='lat' dir='ltr'><strong>uersum</strong></span> <span class='ocrx_word' id='word_1_34' title='bbox 1953 620 2249 682; x_wconf 84' lang='lat' dir='ltr'><strong>Graecum</strong></span> 
     </span>
     <span class='ocr_line' id='line_1_6' title="bbox 315 703 2326 766; baseline -0.002 -1"><span class='ocrx_word' id='word_1_35' title='bbox 315 703 655 766; x_wconf 88' lang='lat' dir='ltr'><strong>huiusmodi</strong></span> <span class='ocrx_word' id='word_1_36' title='bbox 685 703 914 765; x_wconf 75' lang='lat' dir='ltr'><strong>fudisse</strong></span> <span class='ocrx_word' id='word_1_37' title='bbox 945 704 1194 764; x_wconf 89' lang='lat' dir='ltr'><strong>dicitur:</strong></span> <span class='ocrx_word' id='word_1_38' title='bbox 2300 719 2326 760; x_wconf 86' lang='lat'>5</span> 
     </span>
    </p>

    <p class='ocr_par' dir='ltr' id='par_1_3' title="bbox 444 787 2248 868">
     <span class='ocr_line' id='line_1_7' title="bbox 444 787 2248 868; baseline 0 -18"><span class='ocrx_word' id='word_1_39' title='bbox 444 789 760 868; x_wconf 84' lang='lat' dir='ltr'><strong>„Optimus</strong></span> <span class='ocrx_word' id='word_1_40' title='bbox 791 797 885 850; x_wconf 84' lang='lat' dir='ltr'><strong>est</strong></span> <span class='ocrx_word' id='word_1_41' title='bbox 912 789 1164 859; x_wconf 86' lang='lat' dir='ltr'><strong>Fuscus,</strong></span> <span class='ocrx_word' id='word_1_42' title='bbox 1209 787 1405 850; x_wconf 88' lang='lat' dir='ltr'><strong>bonus</strong></span> <span class='ocrx_word' id='word_1_43' title='bbox 1447 790 1605 860; x_wconf 81' lang='lat' dir='ltr'><strong>Afer,</strong></span> <span class='ocrx_word' id='word_1_44' title='bbox 1650 791 1953 868; x_wconf 89' lang='lat' dir='ltr'><strong>pessimus</strong></span> <span class='ocrx_word' id='word_1_45' title='bbox 1993 787 2248 850; x_wconf 77' lang='lat' dir='ltr'><strong>Albus.“</strong></span> 
     </span>
    </p>

    <p class='ocr_par' dir='ltr' id='par_1_4' title="bbox 245 873 2248 1030">
     <span class='ocr_line' id='line_1_8' title="bbox 245 873 2247 954; baseline 0.001 -22"><span class='ocrx_word' id='word_1_46' title='bbox 245 885 280 932; x_wconf 79' lang='lat'>2</span> <span class='ocrx_word' id='word_1_47' title='bbox 317 893 390 936; x_wconf 84' lang='lat' dir='ltr'><strong>ex</strong></span> <span class='ocrx_word' id='word_1_48' title='bbox 432 893 551 954; x_wconf 93' lang='lat' dir='ltr'><strong>quo</strong></span> <span class='ocrx_word' id='word_1_49' title='bbox 592 873 984 945; x_wconf 86' lang='lat' dir='ltr'><strong>intellectum,</strong></span> <span class='ocrx_word' id='word_1_50' title='bbox 1029 874 1290 936; x_wconf 80' lang='lat' dir='ltr'><strong>Fuscum</strong></span> <span class='ocrx_word' id='word_1_51' title='bbox 1332 874 1584 952; x_wconf 83' lang='lat' dir='ltr'><strong>Nigrum</strong></span> <span class='ocrx_word' id='word_1_52' title='bbox 1626 873 1991 954; x_wconf 85' lang='lat' dir='ltr'><strong>appellatum</strong></span> <span class='ocrx_word' id='word_1_53' title='bbox 2034 875 2247 935; x_wconf 82' lang='lat' dir='ltr'><strong>uatici-</strong></span> 
     </span>
     <span class='ocr_line' id='line_1_9' title="bbox 315 958 2248 1030; baseline 0.001 -10"><span class='ocrx_word' id='word_1_54' title='bbox 315 961 570 1030; x_wconf 85' lang='lat' dir='ltr'><strong>natione,</strong></span> <span class='ocrx_word' id='word_1_55' title='bbox 618 960 914 1021; x_wconf 85' lang='lat' dir='ltr'><strong>Seuerum</strong></span> <span class='ocrx_word' id='word_1_56' title='bbox 954 960 1191 1030; x_wconf 85' lang='lat' dir='ltr'><strong>Afrum,</strong></span> <span class='ocrx_word' id='word_1_57' title='bbox 1235 958 1449 1020; x_wconf 88' lang='lat' dir='ltr'><strong>Album</strong></span> <span class='ocrx_word' id='word_1_58' title='bbox 1490 979 1637 1020; x_wconf 90' lang='lat' dir='ltr'><strong>uero</strong></span> <span class='ocrx_word' id='word_1_59' title='bbox 1679 959 1960 1021; x_wconf 88' lang='lat' dir='ltr'><strong>Albinum</strong></span> <span class='ocrx_word' id='word_1_60' title='bbox 2003 959 2248 1021; x_wconf 90' lang='lat' dir='ltr'><strong>dictum.</strong></span> 
     </span>
    </p>

    <p class='ocr_par' dir='ltr' id='par_1_5' title="bbox 247 1045 2329 1278">
     <span class='ocr_line' id='line_1_10' title="bbox 247 1045 2254 1124; baseline 0.001 -20"><span class='ocrx_word' id='word_1_61' title='bbox 247 1055 279 1104; x_wconf 90' lang='lat'><strong>3</strong></span> <span class='ocrx_word' id='word_1_62' title='bbox 314 1063 427 1106; x_wconf 90' lang='lat' dir='ltr'><strong>nec</strong></span> <span class='ocrx_word' id='word_1_63' title='bbox 456 1045 645 1106; x_wconf 84' lang='lat' dir='ltr'><strong>defuit</strong></span> <span class='ocrx_word' id='word_1_64' title='bbox 686 1046 801 1105; x_wconf 90' lang='lat' dir='ltr'><strong>alia</strong></span> <span class='ocrx_word' id='word_1_65' title='bbox 833 1047 1173 1118; x_wconf 77' lang='lat' dir='ltr'><strong>curiositas,</strong></span> <span class='ocrx_word' id='word_1_66' title='bbox 1220 1062 1340 1123; x_wconf 90' lang='lat' dir='ltr'><strong>qua</strong></span> <span class='ocrx_word' id='word_1_67' title='bbox 1380 1047 1737 1124; x_wconf 87' lang='lat' dir='ltr'><strong>requisitum</strong></span> <span class='ocrx_word' id='word_1_68' title='bbox 1780 1051 1905 1114; x_wconf 86' lang='lat' dir='ltr'><strong>est,</strong></span> <span class='ocrx_word' id='word_1_69' title='bbox 1943 1047 2046 1122; x_wconf 90' lang='lat' dir='ltr'><strong>qui</strong></span> <span class='ocrx_word' id='word_1_70' title='bbox 2090 1053 2254 1107; x_wconf 89' lang='lat' dir='ltr'><strong>esset</strong></span> 
     </span>
     <span class='ocr_line' id='line_1_11' title="bbox 315 1129 2329 1211; baseline 0 -21"><span class='ocrx_word' id='word_1_71' title='bbox 315 1136 668 1211; x_wconf 83' lang='lat' dir='ltr'><strong>optenturus</strong></span> <span class='ocrx_word' id='word_1_72' title='bbox 697 1149 828 1202; x_wconf 85' lang='lat' dir='ltr'><strong>rem</strong></span> <span class='ocrx_word' id='word_1_73' title='bbox 857 1130 1179 1210; x_wconf 83' lang='lat' dir='ltr'><strong>publicam.</strong></span> <span class='ocrx_word' id='word_1_74' title='bbox 1241 1130 1315 1190; x_wconf 88' lang='lat' dir='ltr'><strong>ad</strong></span> <span class='ocrx_word' id='word_1_75' title='bbox 1366 1129 1525 1208; x_wconf 89' lang='lat' dir='ltr'><strong>quod</strong></span> <span class='ocrx_word' id='word_1_76' title='bbox 1566 1129 1669 1191; x_wconf 91' lang='lat' dir='ltr'><strong>ille</strong></span> <span class='ocrx_word' id='word_1_77' title='bbox 1722 1130 2037 1209; x_wconf 86' lang='lat' dir='ltr'><strong>respondit</strong></span> <span class='ocrx_word' id='word_1_78' title='bbox 2068 1130 2251 1191; x_wconf 88' lang='lat' dir='ltr'><strong>alium</strong></span> <span class='ocrx_word' id='word_1_79' title='bbox 2278 1145 2329 1185; x_wconf 89' lang='lat'><strong>10</strong></span> 
     </span>
     <span class='ocr_line' id='line_1_12' title="bbox 313 1215 800 1278; baseline 0 -2"><span class='ocrx_word' id='word_1_80' title='bbox 313 1233 562 1278; x_wconf 85' lang='lat' dir='ltr'><strong>uersum</strong></span> <span class='ocrx_word' id='word_1_81' title='bbox 591 1215 800 1278; x_wconf 86' lang='lat' dir='ltr'><strong>talem:</strong></span> 
     </span>
    </p>

    <p class='ocr_par' dir='ltr' id='par_1_6' title="bbox 483 1299 2099 1466">
     <span class='ocr_line' id='line_1_13' title="bbox 483 1299 1959 1379; baseline -0.001 -17"><span class='ocrx_word' id='word_1_82' title='bbox 483 1301 834 1372; x_wconf 89' lang='lat' dir='ltr'><strong>„Fundetur</strong></span> <span class='ocrx_word' id='word_1_83' title='bbox 866 1302 1107 1379; x_wconf 83' lang='lat' dir='ltr'><strong>sanguis</strong></span> <span class='ocrx_word' id='word_1_84' title='bbox 1137 1299 1274 1363; x_wconf 86' lang='lat' dir='ltr'><strong>Albi</strong></span> <span class='ocrx_word' id='word_1_85' title='bbox 1304 1299 1591 1379; x_wconf 85' lang='lat' dir='ltr'><strong>Nigrique</strong></span> <span class='ocrx_word' id='word_1_86' title='bbox 1623 1301 1959 1369; x_wconf 83' lang='lat' dir='ltr'><strong>animantiS,</strong></span> 
     </span>
     <span class='ocr_line' id='line_1_14' title="bbox 525 1385 2099 1466; baseline 0.001 -21"><span class='ocrx_word' id='word_1_87' title='bbox 525 1389 846 1466; x_wconf 87' lang='lat' dir='ltr'><strong>imperium</strong></span> <span class='ocrx_word' id='word_1_88' title='bbox 877 1386 1082 1447; x_wconf 88' lang='lat' dir='ltr'><strong>mundi</strong></span> <span class='ocrx_word' id='word_1_89' title='bbox 1112 1386 1311 1446; x_wconf 88' lang='lat' dir='ltr'><strong>Poena</strong></span> <span class='ocrx_word' id='word_1_90' title='bbox 1341 1392 1511 1463; x_wconf 86' lang='lat' dir='ltr'><strong>reget</strong></span> <span class='ocrx_word' id='word_1_91' title='bbox 1543 1385 1692 1446; x_wconf 87' lang='lat' dir='ltr'><strong>urbe</strong></span> <span class='ocrx_word' id='word_1_92' title='bbox 1722 1386 2099 1465; x_wconf 84' lang='lat' dir='ltr'><strong>profectuS.“</strong></span> 
     </span>
    </p>

    <p class='ocr_par' dir='ltr' id='par_1_7' title="bbox 244 1469 2331 1634">
     <span class='ocr_line' id='line_1_15' title="bbox 244 1469 2247 1548; baseline 0 -18"><span class='ocrx_word' id='word_1_93' title='bbox 244 1481 281 1530; x_wconf 87' lang='lat'>4</span> <span class='ocrx_word' id='word_1_94' title='bbox 313 1473 476 1540; x_wconf 90' lang='lat' dir='ltr'><strong>item,</strong></span> <span class='ocrx_word' id='word_1_95' title='bbox 511 1487 650 1531; x_wconf 87' lang='lat' dir='ltr'><strong>cum</strong></span> <span class='ocrx_word' id='word_1_96' title='bbox 691 1471 1028 1548; x_wconf 88' lang='lat' dir='ltr'><strong>quaesitum</strong></span> <span class='ocrx_word' id='word_1_97' title='bbox 1069 1478 1260 1540; x_wconf 85' lang='lat' dir='ltr'><strong>esset,</strong></span> <span class='ocrx_word' id='word_1_98' title='bbox 1320 1471 1452 1546; x_wconf 86' lang='lat' dir='ltr'><strong>quis</strong></span> <span class='ocrx_word' id='word_1_99' title='bbox 1502 1469 1590 1530; x_wconf 89' lang='lat' dir='ltr'><strong>illi</strong></span> <span class='ocrx_word' id='word_1_100' title='bbox 1630 1489 2017 1532; x_wconf 89' lang='lat' dir='ltr'><strong>successurus</strong></span> <span class='ocrx_word' id='word_1_101' title='bbox 2063 1477 2247 1540; x_wconf 89' lang='lat' dir='ltr'><strong>esset,</strong></span> 
     </span>
     <span class='ocr_line' id='line_1_16' title="bbox 314 1553 2331 1634; baseline -0.002 -18"><span class='ocrx_word' id='word_1_102' title='bbox 314 1555 694 1634; x_wconf 86' lang='lat' dir='ltr'><strong>respondisse</strong></span> <span class='ocrx_word' id='word_1_103' title='bbox 723 1554 934 1615; x_wconf 89' lang='lat' dir='ltr'><strong>itidem</strong></span> <span class='ocrx_word' id='word_1_104' title='bbox 964 1553 1194 1614; x_wconf 86' lang='lat' dir='ltr'><strong>Graeco</strong></span> <span class='ocrx_word' id='word_1_105' title='bbox 1226 1573 1410 1615; x_wconf 88' lang='lat' dir='ltr'><strong>uersu</strong></span> <span class='ocrx_word' id='word_1_106' title='bbox 1444 1554 1693 1616; x_wconf 88' lang='lat' dir='ltr'><strong>dicitur:</strong></span> <span class='ocrx_word' id='word_1_107' title='bbox 2278 1569 2331 1611; x_wconf 87' lang='lat'><strong>15</strong></span> 
     </span>
    </p>

    <p class='ocr_par' dir='ltr' id='par_1_8' title="bbox 483 1638 1888 1717">
     <span class='ocr_line' id='line_1_17' title="bbox 483 1638 1888 1717; baseline -0.001 -17"><span class='ocrx_word' id='word_1_108' title='bbox 483 1639 634 1710; x_wconf 91' lang='lat' dir='ltr'><strong>„Cui</strong></span> <span class='ocrx_word' id='word_1_109' title='bbox 663 1638 940 1700; x_wconf 86' lang='lat' dir='ltr'><strong>dederint</strong></span> <span class='ocrx_word' id='word_1_110' title='bbox 970 1640 1188 1717; x_wconf 86' lang='lat' dir='ltr'><strong>superi,</strong></span> <span class='ocrx_word' id='word_1_111' title='bbox 1222 1655 1446 1700; x_wconf 89' lang='lat' dir='ltr'><strong>nomen</strong></span> <span class='ocrx_word' id='word_1_112' title='bbox 1474 1638 1700 1700; x_wconf 86' lang='lat' dir='ltr'><strong>habere</strong></span> <span class='ocrx_word' id='word_1_113' title='bbox 1731 1641 1888 1699; x_wconf 90' lang='lat' dir='ltr'><strong>Pii.“</strong></span> 
     </span>
    </p>

    <p class='ocr_par' dir='ltr' id='par_1_9' title="bbox 246 1723 2247 1887">
     <span class='ocr_line' id='line_1_18' title="bbox 246 1723 2247 1802; baseline 0 -19"><span class='ocrx_word' id='word_1_114' title='bbox 246 1733 279 1783; x_wconf 85' lang='lat'><strong>5</strong></span> <span class='ocrx_word' id='word_1_115' title='bbox 319 1723 474 1802; x_wconf 90' lang='lat' dir='ltr'><strong>quod</strong></span> <span class='ocrx_word' id='word_1_116' title='bbox 537 1725 778 1784; x_wconf 90' lang='lat' dir='ltr'><strong>omnino</strong></span> <span class='ocrx_word' id='word_1_117' title='bbox 839 1723 1206 1784; x_wconf 87' lang='lat' dir='ltr'><strong>intellectum</strong></span> <span class='ocrx_word' id='word_1_118' title='bbox 1267 1741 1391 1784; x_wconf 88' lang='lat' dir='ltr'><strong>non</strong></span> <span class='ocrx_word' id='word_1_119' title='bbox 1422 1730 1539 1794; x_wconf 90' lang='lat' dir='ltr'><strong>est,</strong></span> <span class='ocrx_word' id='word_1_120' title='bbox 1602 1725 1718 1784; x_wconf 89' lang='lat' dir='ltr'><strong>nisi</strong></span> <span class='ocrx_word' id='word_1_121' title='bbox 1749 1741 1886 1783; x_wconf 90' lang='lat' dir='ltr'><strong>cum</strong></span> <span class='ocrx_word' id='word_1_122' title='bbox 1918 1723 2247 1784; x_wconf 81' lang='lat' dir='ltr'><strong>Bassianus</strong></span> 
     </span>
     <span class='ocr_line' id='line_1_19' title="bbox 313 1808 2244 1887; baseline 0 -17"><span class='ocrx_word' id='word_1_123' title='bbox 313 1810 624 1878; x_wconf 85' lang='lat' dir='ltr'><strong>Antonini,</strong></span> <span class='ocrx_word' id='word_1_124' title='bbox 689 1808 846 1886; x_wconf 88' lang='lat' dir='ltr'><strong>quod</strong></span> <span class='ocrx_word' id='word_1_125' title='bbox 874 1826 1088 1869; x_wconf 90' lang='lat' dir='ltr'><strong>uerum</strong></span> <span class='ocrx_word' id='word_1_126' title='bbox 1119 1810 1355 1886; x_wconf 83' lang='lat' dir='ltr'><strong>signum</strong></span> <span class='ocrx_word' id='word_1_127' title='bbox 1385 1809 1475 1869; x_wconf 91' lang='lat' dir='ltr'><strong>Pii</strong></span> <span class='ocrx_word' id='word_1_128' title='bbox 1506 1808 1647 1879; x_wconf 89' lang='lat' dir='ltr'><strong>fuit,</strong></span> <span class='ocrx_word' id='word_1_129' title='bbox 1710 1825 1929 1868; x_wconf 86' lang='lat' dir='ltr'><strong>nomen</strong></span> <span class='ocrx_word' id='word_1_130' title='bbox 1990 1809 2244 1887; x_wconf 88' lang='lat' dir='ltr'><strong>accepit.</strong></span> 
     </span>
    </p>

    <p class='ocr_par' dir='ltr' id='par_1_10' title="bbox 245 1893 2329 2060">
     <span class='ocr_line' id='line_1_20' title="bbox 245 1893 2247 1974; baseline 0.002 -24"><span class='ocrx_word' id='word_1_131' title='bbox 245 1896 458 1954; x_wconf 62' lang='lat' dir='ltr'><strong>&amp;item</strong></span> <span class='ocrx_word' id='word_1_132' title='bbox 489 1912 625 1955; x_wconf 78' lang='lat' dir='ltr'><strong>curn</strong></span> <span class='ocrx_word' id='word_1_133' title='bbox 656 1900 1072 1973; x_wconf 84' lang='lat' dir='ltr'><strong>quaereretur,</strong></span> <span class='ocrx_word' id='word_1_134' title='bbox 1137 1893 1422 1971; x_wconf 83' lang='lat' dir='ltr'><strong>quamdiu</strong></span> <span class='ocrx_word' id='word_1_135' title='bbox 1464 1894 1863 1974; x_wconf 86' lang='lat' dir='ltr'><strong>imperaturus</strong></span> <span class='ocrx_word' id='word_1_136' title='bbox 1896 1901 2084 1963; x_wconf 87' lang='lat' dir='ltr'><strong>esset,</strong></span> <span class='ocrx_word' id='word_1_137' title='bbox 2147 1912 2247 1954; x_wconf 89' lang='lat' dir='ltr'><strong>re-</strong></span> 
     </span>
     <span class='ocr_line' id='line_1_21' title="bbox 317 1978 2329 2060; baseline -0.003 -20"><span class='ocrx_word' id='word_1_138' title='bbox 317 1980 630 2060; x_wconf 90' lang='lat' dir='ltr'><strong>spondisse</strong></span> <span class='ocrx_word' id='word_1_139' title='bbox 661 1979 889 2040; x_wconf 86' lang='lat' dir='ltr'><strong>Graece</strong></span> <span class='ocrx_word' id='word_1_140' title='bbox 919 1978 1167 2040; x_wconf 86' lang='lat' dir='ltr'><strong>dicitur:</strong></span> <span class='ocrx_word' id='word_1_141' title='bbox 2274 1995 2329 2035; x_wconf 83' lang='lat'><strong>20</strong></span> 
     </span>
    </p>

    <p class='ocr_par' dir='ltr' id='par_1_11' title="bbox 317 2063 2161 2314">
     <span class='ocr_line' id='line_1_22' title="bbox 485 2063 2017 2142; baseline -0.002 -17"><span class='ocrx_word' id='word_1_142' title='bbox 485 2065 632 2136; x_wconf 88' lang='lat' dir='ltr'><strong>„Bis</strong></span> <span class='ocrx_word' id='word_1_143' title='bbox 661 2065 830 2126; x_wconf 88' lang='lat' dir='ltr'><strong>denis</strong></span> <span class='ocrx_word' id='word_1_144' title='bbox 859 2063 1075 2126; x_wconf 87' lang='lat' dir='ltr'><strong>Italum</strong></span> <span class='ocrx_word' id='word_1_145' title='bbox 1106 2064 1453 2126; x_wconf 88' lang='lat' dir='ltr'><strong>conscendit</strong></span> <span class='ocrx_word' id='word_1_146' title='bbox 1479 2064 1731 2126; x_wconf 81' lang='lat' dir='ltr'><strong>nauibus</strong></span> <span class='ocrx_word' id='word_1_147' title='bbox 1763 2081 2017 2142; x_wconf 88' lang='lat' dir='ltr'><strong>aequor:</strong></span> 
     </span>
     <span class='ocr_line' id='line_1_23' title="bbox 538 2150 1809 2230; baseline -0.002 -18"><span class='ocrx_word' id='word_1_148' title='bbox 538 2152 589 2212; x_wconf 90' lang='lat' dir='ltr'><strong>si</strong></span> <span class='ocrx_word' id='word_1_149' title='bbox 618 2158 818 2213; x_wconf 87' lang='lat' dir='ltr'><strong>tamen</strong></span> <span class='ocrx_word' id='word_1_150' title='bbox 848 2169 968 2211; x_wconf 89' lang='lat' dir='ltr'><strong>una</strong></span> <span class='ocrx_word' id='word_1_151' title='bbox 996 2153 1142 2212; x_wconf 88' lang='lat' dir='ltr'><strong>ratis</strong></span> <span class='ocrx_word' id='word_1_152' title='bbox 1170 2150 1469 2214; x_wconf 87' lang='lat' dir='ltr'><strong>transiliet</strong></span> <span class='ocrx_word' id='word_1_153' title='bbox 1495 2150 1809 2230; x_wconf 84' lang='lat' dir='ltr'><strong>pelaguS.“</strong></span> 
     </span>
     <span class='ocr_line' id='line_1_24' title="bbox 317 2234 2180 2314; baseline -0.001 -19"><span class='ocrx_word' id='word_1_154' title='bbox 317 2253 390 2296; x_wconf 85' lang='lat' dir='ltr'><strong>ex</strong></span> <span class='ocrx_word' id='word_1_155' title='bbox 422 2253 540 2313; x_wconf 90' lang='lat' dir='ltr'><strong>quo</strong></span> <span class='ocrx_word' id='word_1_156' title='bbox 567 2235 954 2306; x_wconf 85' lang='lat' dir='ltr'><strong>intellectum,</strong></span> <span class='ocrx_word' id='word_1_157' title='bbox 990 2236 1283 2297; x_wconf 88' lang='lat' dir='ltr'><strong>Seuerum</strong></span> <span class='ocrx_word' id='word_1_158' title='bbox 1314 2237 1530 2314; x_wconf 82' lang='lat' dir='ltr'><strong>uiginti</strong></span> <span class='ocrx_word' id='word_1_159' title='bbox 1561 2254 1751 2296; x_wconf 89' lang='lat' dir='ltr'><strong>annos</strong></span> <span class='ocrx_word' id='word_1_160' title='bbox 1784 2234 2180 2312; x_wconf 83' lang='lat' dir='ltr'><strong>expleturum</strong></span> 
     </span>
    </p>

    <p class='ocr_par' dir='ltr' id='par_1_12' title="bbox 241 2313 2330 2738">
     <span class='ocr_line' id='line_1_25' title="bbox 241 2313 2245 2396; baseline 0 -19"><span class='ocrx_word' id='word_1_161' title='bbox 241 2313 282 2376; x_wconf 85' lang='lat'>9</span> <span class='ocrx_word' id='word_1_162' title='bbox 439 2321 602 2380; x_wconf 87' lang='lat' dir='ltr'><strong>Haec</strong></span> <span class='ocrx_word' id='word_1_163' title='bbox 632 2326 790 2390; x_wconf 89' lang='lat' dir='ltr'><strong>sunt,</strong></span> <span class='ocrx_word' id='word_1_164' title='bbox 825 2320 1220 2382; x_wconf 84' lang='lat' dir='ltr'><strong>Diocletiane</strong></span> <span class='ocrx_word' id='word_1_165' title='bbox 1221 2323 1479 2382; x_wconf 86' lang='lat' dir='ltr'><strong>maxime</strong></span> <span class='ocrx_word' id='word_1_166' title='bbox 1516 2322 1951 2396; x_wconf 85' lang='lat' dir='ltr'><strong>Augustorum,</strong></span> <span class='ocrx_word' id='word_1_167' title='bbox 1986 2336 2139 2396; x_wconf 89' lang='lat' dir='ltr'><strong>quae</strong></span> <span class='ocrx_word' id='word_1_168' title='bbox 2172 2318 2245 2377; x_wconf 90' lang='lat' dir='ltr'><strong>de</strong></span> 
     </span>
     <span class='ocr_line' id='line_1_26' title="bbox 314 2401 2330 2496; baseline -0.001 -33"><span class='ocrx_word' id='word_1_169' title='bbox 314 2406 644 2464; x_wconf 85' lang='lat' dir='ltr'><strong>Pescennio</strong></span> <span class='ocrx_word' id='word_1_170' title='bbox 673 2404 990 2464; x_wconf 85' lang='lat' dir='ltr'><strong>didicimus</strong></span> <span class='ocrx_word' id='word_1_171' title='bbox 1023 2423 1094 2463; x_wconf 87' lang='lat' dir='ltr'><strong>ex</strong></span> <span class='ocrx_word' id='word_1_172' title='bbox 1123 2404 1398 2496; x_wconf 86' lang='lat' dir='ltr'><strong>pluribus</strong></span> <span class='ocrx_word' id='word_1_173' title='bbox 1440 2403 1630 2488; x_wconf 86' lang='lat' dir='ltr'><strong>libris.</strong></span> <span class='ocrx_word' id='word_1_174' title='bbox 1706 2422 1829 2464; x_wconf 88' lang='lat' dir='ltr'><strong>non</strong></span> <span class='ocrx_word' id='word_1_175' title='bbox 1862 2403 2020 2462; x_wconf 87' lang='lat' dir='ltr'><strong>enim</strong></span> <span class='ocrx_word' id='word_1_176' title='bbox 2049 2401 2241 2470; x_wconf 88' lang='lat' dir='ltr'><strong>facile,</strong></span> <span class='ocrx_word' id='word_1_177' title='bbox 2274 2421 2330 2460; x_wconf 82' lang='lat'><strong>25</strong></span> 
     </span>
     <span class='ocr_line' id='line_1_27' title="bbox 316 2487 2245 2567; baseline -0.002 -18"><span class='ocrx_word' id='word_1_178' title='bbox 316 2496 379 2549; x_wconf 86' lang='lat' dir='ltr'><strong>ut</strong></span> <span class='ocrx_word' id='word_1_179' title='bbox 406 2490 470 2548; x_wconf 88' lang='lat' dir='ltr'><strong>in</strong></span> <span class='ocrx_word' id='word_1_180' title='bbox 501 2489 798 2567; x_wconf 90' lang='lat' dir='ltr'><strong>principio</strong></span> <span class='ocrx_word' id='word_1_181' title='bbox 842 2487 983 2549; x_wconf 88' lang='lat' dir='ltr'><strong>libri</strong></span> <span class='ocrx_word' id='word_1_182' title='bbox 1014 2489 1301 2559; x_wconf 79' lang='lat' dir='ltr'><strong>diximuS,</strong></span> <span class='ocrx_word' id='word_1_183' title='bbox 1339 2491 1652 2567; x_wconf 86' lang='lat' dir='ltr'><strong>quisquam</strong></span> <span class='ocrx_word' id='word_1_184' title='bbox 1682 2489 1837 2548; x_wconf 86' lang='lat' dir='ltr'><strong>uitas</strong></span> <span class='ocrx_word' id='word_1_185' title='bbox 1870 2504 2078 2546; x_wconf 89' lang='lat' dir='ltr'><strong>eorum</strong></span> <span class='ocrx_word' id='word_1_186' title='bbox 2108 2487 2245 2546; x_wconf 89' lang='lat' dir='ltr'><strong>mit-</strong></span> 
     </span>
     <span class='ocr_line' id='line_1_28' title="bbox 313 2571 2247 2653; baseline -0.001 -19"><span class='ocrx_word' id='word_1_187' title='bbox 313 2575 387 2634; x_wconf 88' lang='lat' dir='ltr'><strong>tit</strong></span> <span class='ocrx_word' id='word_1_188' title='bbox 414 2575 476 2633; x_wconf 91' lang='lat' dir='ltr'><strong>in</strong></span> <span class='ocrx_word' id='word_1_189' title='bbox 504 2571 692 2633; x_wconf 92' lang='lat' dir='ltr'><strong>libros</strong></span> <span class='ocrx_word' id='word_1_190' title='bbox 736 2574 840 2650; x_wconf 88' lang='lat' dir='ltr'><strong>qui</strong></span> <span class='ocrx_word' id='word_1_191' title='bbox 869 2578 971 2634; x_wconf 81' lang='lat' dir='ltr'><strong>aut</strong></span> <span class='ocrx_word' id='word_1_192' title='bbox 998 2575 1305 2653; x_wconf 86' lang='lat' dir='ltr'><strong>principes</strong></span> <span class='ocrx_word' id='word_1_193' title='bbox 1334 2574 1397 2632; x_wconf 91' lang='lat' dir='ltr'><strong>in</strong></span> <span class='ocrx_word' id='word_1_194' title='bbox 1440 2591 1509 2632; x_wconf 90' lang='lat' dir='ltr'><strong>re</strong></span> <span class='ocrx_word' id='word_1_195' title='bbox 1539 2592 1598 2652; x_wconf 88' lang='lat' dir='ltr'><strong>p.</strong></span> <span class='ocrx_word' id='word_1_196' title='bbox 1632 2590 1754 2632; x_wconf 90' lang='lat' dir='ltr'><strong>non</strong></span> <span class='ocrx_word' id='word_1_197' title='bbox 1795 2573 2045 2633; x_wconf 88' lang='lat' dir='ltr'><strong>fuerunt</strong></span> <span class='ocrx_word' id='word_1_198' title='bbox 2082 2579 2183 2632; x_wconf 86' lang='lat' dir='ltr'><strong>aut</strong></span> <span class='ocrx_word' id='word_1_199' title='bbox 2214 2590 2247 2632; x_wconf 89' lang='lat' dir='ltr'><strong>a</strong></span> 
     </span>
     <span class='ocr_line' id='line_1_29' title="bbox 315 2657 2249 2738; baseline 0 -20"><span class='ocrx_word' id='word_1_200' title='bbox 315 2664 523 2719; x_wconf 85' lang='lat' dir='ltr'><strong>senatu</strong></span> <span class='ocrx_word' id='word_1_201' title='bbox 569 2657 849 2738; x_wconf 88' lang='lat' dir='ltr'><strong>appellati</strong></span> <span class='ocrx_word' id='word_1_202' title='bbox 891 2677 1011 2718; x_wconf 90' lang='lat' dir='ltr'><strong>non</strong></span> <span class='ocrx_word' id='word_1_203' title='bbox 1057 2665 1194 2718; x_wconf 85' lang='lat' dir='ltr'><strong>sunt</strong></span> <span class='ocrx_word' id='word_1_204' title='bbox 1233 2661 1658 2738; x_wconf 83' lang='lat' dir='ltr'><strong>imperatores,</strong></span> <span class='ocrx_word' id='word_1_205' title='bbox 1722 2665 1825 2718; x_wconf 85' lang='lat' dir='ltr'><strong>aut</strong></span> <span class='ocrx_word' id='word_1_206' title='bbox 1857 2657 2038 2719; x_wconf 89' lang='lat' dir='ltr'><strong>occisi</strong></span> <span class='ocrx_word' id='word_1_207' title='bbox 2070 2659 2249 2718; x_wconf 88' lang='lat' dir='ltr'><strong>citius</strong></span> 
     </span>
    </p>

    <p class='ocr_par' dir='ltr' id='par_1_13' title="bbox 247 2743 2330 3081">
     <span class='ocr_line' id='line_1_30' title="bbox 247 2743 2243 2822; baseline -0.001 -18"><span class='ocrx_word' id='word_1_208' title='bbox 247 2751 280 2811; x_wconf 77' lang='lat'>2</span> <span class='ocrx_word' id='word_1_209' title='bbox 320 2743 392 2804; x_wconf 89' lang='lat' dir='ltr'><strong>ad</strong></span> <span class='ocrx_word' id='word_1_210' title='bbox 421 2743 638 2804; x_wconf 86' lang='lat' dir='ltr'><strong>famam</strong></span> <span class='ocrx_word' id='word_1_211' title='bbox 679 2744 890 2804; x_wconf 88' lang='lat' dir='ltr'><strong>uenire</strong></span> <span class='ocrx_word' id='word_1_212' title='bbox 936 2745 1354 2821; x_wconf 87' lang='lat' dir='ltr'><strong>nequiuerunt.</strong></span> <span class='ocrx_word' id='word_1_213' title='bbox 1431 2743 1571 2804; x_wconf 88' lang='lat' dir='ltr'><strong>inde</strong></span> <span class='ocrx_word' id='word_1_214' title='bbox 1614 2743 1775 2822; x_wconf 88' lang='lat' dir='ltr'><strong>quod</strong></span> <span class='ocrx_word' id='word_1_215' title='bbox 1814 2743 1957 2804; x_wconf 84' lang='lat' dir='ltr'><strong>latet</strong></span> <span class='ocrx_word' id='word_1_216' title='bbox 1996 2743 2243 2814; x_wconf 83' lang='lat' dir='ltr'><strong>Vindex,</strong></span> 
     </span>
     <span class='ocr_line' id='line_1_31' title="bbox 319 2828 2330 2908; baseline -0 -19"><span class='ocrx_word' id='word_1_217' title='bbox 319 2828 478 2908; x_wconf 88' lang='lat' dir='ltr'><strong>quod</strong></span> <span class='ocrx_word' id='word_1_218' title='bbox 503 2828 643 2889; x_wconf 82' lang='lat' dir='ltr'><strong>Pi&#39;so</strong></span> <span class='ocrx_word' id='word_1_219' title='bbox 672 2831 956 2899; x_wconf 88' lang='lat' dir='ltr'><strong>nescitur,</strong></span> <span class='ocrx_word' id='word_1_220' title='bbox 992 2829 1152 2906; x_wconf 92' lang='lat' dir='ltr'><strong>quod</strong></span> <span class='ocrx_word' id='word_1_221' title='bbox 1184 2847 1391 2890; x_wconf 86' lang='lat' dir='ltr'><strong>omnes</strong></span> <span class='ocrx_word' id='word_1_222' title='bbox 1420 2828 1507 2890; x_wconf 90' lang='lat' dir='ltr'><strong>illi</strong></span> <span class='ocrx_word' id='word_1_223' title='bbox 1539 2831 1640 2907; x_wconf 88' lang='lat' dir='ltr'><strong>qui</strong></span> <span class='ocrx_word' id='word_1_224' title='bbox 1667 2835 1772 2890; x_wconf 87' lang='lat' dir='ltr'><strong>aut</strong></span> <span class='ocrx_word' id='word_1_225' title='bbox 1803 2836 2029 2890; x_wconf 87' lang='lat' dir='ltr'><strong>tantum</strong></span> <span class='ocrx_word' id='word_1_226' title='bbox 2062 2828 2243 2908; x_wconf 86' lang='lat' dir='ltr'><strong>adop·</strong></span> <span class='ocrx_word' id='word_1_227' title='bbox 2273 2846 2330 2888; x_wconf 82' lang='lat' dir='ltr'><strong>so</strong></span> 
     </span>
     <span class='ocr_line' id='line_1_32' title="bbox 318 2913 2244 2996; baseline -0.001 -21"><span class='ocrx_word' id='word_1_228' title='bbox 318 2916 426 2975; x_wconf 84' lang='lat' dir='ltr'><strong>tati</strong></span> <span class='ocrx_word' id='word_1_229' title='bbox 465 2922 604 2975; x_wconf 88' lang='lat' dir='ltr'><strong>sunt</strong></span> <span class='ocrx_word' id='word_1_230' title='bbox 661 2920 764 2975; x_wconf 87' lang='lat' dir='ltr'><strong>aut</strong></span> <span class='ocrx_word' id='word_1_231' title='bbox 801 2933 838 2975; x_wconf 89' lang='lat' dir='ltr'><strong>a</strong></span> <span class='ocrx_word' id='word_1_232' title='bbox 880 2913 1167 2976; x_wconf 88' lang='lat' dir='ltr'><strong>militibus</strong></span> <span class='ocrx_word' id='word_1_233' title='bbox 1206 2916 1600 2994; x_wconf 86' lang='lat' dir='ltr'><strong>imperatores</strong></span> <span class='ocrx_word' id='word_1_234' title='bbox 1642 2915 1951 2996; x_wconf 89' lang='lat' dir='ltr'><strong>appellati,</strong></span> <span class='ocrx_word' id='word_1_235' title='bbox 2016 2920 2086 2981; x_wconf 62' lang='lat' dir='ltr'><strong>ut,</strong></span> <span class='ocrx_word' id='word_1_236' title='bbox 2134 2913 2244 2973; x_wconf 89' lang='lat' dir='ltr'><strong>sub</strong></span> 
     </span>
     <span class='ocr_line' id='line_1_33' title="bbox 314 2999 2243 3081; baseline 0 -23"><span class='ocrx_word' id='word_1_237' title='bbox 314 2999 650 3076; x_wconf 84' lang='lat' dir='ltr'><strong>Domitiano</strong></span> <span class='ocrx_word' id='word_1_238' title='bbox 671 3001 983 3071; x_wconf 83' lang='lat' dir='ltr'><strong>AntoniuS,</strong></span> <span class='ocrx_word' id='word_1_239' title='bbox 1017 3007 1118 3060; x_wconf 89' lang='lat' dir='ltr'><strong>aut</strong></span> <span class='ocrx_word' id='word_1_240' title='bbox 1147 3001 1265 3062; x_wconf 88' lang='lat' dir='ltr'><strong>cito</strong></span> <span class='ocrx_word' id='word_1_241' title='bbox 1294 3002 1641 3081; x_wconf 80' lang='lat' dir='ltr'><strong>interempti</strong></span> <span class='ocrx_word' id='word_1_242' title='bbox 1673 3002 1857 3062; x_wconf 89' lang='lat' dir='ltr'><strong>uitam</strong></span> <span class='ocrx_word' id='word_1_243' title='bbox 1890 3018 2026 3060; x_wconf 91' lang='lat' dir='ltr'><strong>cum</strong></span> <span class='ocrx_word' id='word_1_244' title='bbox 2053 3001 2243 3077; x_wconf 86' lang='lat' dir='ltr'><strong>impe·</strong></span> 
     </span>
    </p>

    <p class='ocr_par' dir='ltr' id='par_1_14' title="bbox 244 3083 2247 3252">
     <span class='ocr_line' id='line_1_34' title="bbox 244 3083 2243 3165; baseline 0.001 -24"><span class='ocrx_word' id='word_1_245' title='bbox 244 3090 280 3140; x_wconf 88' lang='lat'><strong>3</strong></span> <span class='ocrx_word' id='word_1_246' title='bbox 314 3084 390 3143; x_wconf 90' lang='lat' dir='ltr'><strong>rii</strong></span> <span class='ocrx_word' id='word_1_247' title='bbox 434 3086 828 3165; x_wconf 84' lang='lat' dir='ltr'><strong>usurpatione</strong></span> <span class='ocrx_word' id='word_1_248' title='bbox 867 3093 1219 3165; x_wconf 88' lang='lat' dir='ltr'><strong>posuerunt.</strong></span> <span class='ocrx_word' id='word_1_249' title='bbox 1288 3088 1559 3164; x_wconf 88' lang='lat' dir='ltr'><strong>sequitur</strong></span> <span class='ocrx_word' id='word_1_250' title='bbox 1600 3104 1792 3155; x_wconf 90' lang='lat' dir='ltr'><strong>nunc,</strong></span> <span class='ocrx_word' id='word_1_251' title='bbox 1837 3092 1901 3144; x_wconf 92' lang='lat' dir='ltr'><strong>ut</strong></span> <span class='ocrx_word' id='word_1_252' title='bbox 1932 3084 2005 3144; x_wconf 91' lang='lat' dir='ltr'><strong>de</strong></span> <span class='ocrx_word' id='word_1_253' title='bbox 2038 3083 2243 3145; x_wconf 88' lang='lat' dir='ltr'><strong>Clodio</strong></span> 
     </span>
     <span class='ocr_line' id='line_1_35' title="bbox 310 3168 2247 3252; baseline -0.001 -23"><span class='ocrx_word' id='word_1_254' title='bbox 310 3168 524 3230; x_wconf 87' lang='lat' dir='ltr'><strong>Albino</strong></span> <span class='ocrx_word' id='word_1_255' title='bbox 567 3169 785 3242; x_wconf 89' lang='lat' dir='ltr'><strong>dicam,</strong></span> <span class='ocrx_word' id='word_1_256' title='bbox 832 3173 932 3249; x_wconf 90' lang='lat' dir='ltr'><strong>qui</strong></span> <span class='ocrx_word' id='word_1_257' title='bbox 964 3173 1133 3249; x_wconf 80' lang='lat' dir='ltr'><strong>quasi</strong></span> <span class='ocrx_word' id='word_1_258' title='bbox 1175 3173 1375 3232; x_wconf 88' lang='lat' dir='ltr'><strong>socius</strong></span> <span class='ocrx_word' id='word_1_259' title='bbox 1428 3171 1605 3252; x_wconf 71' lang='lat' dir='ltr'><strong>hpius</strong></span> <span class='ocrx_word' id='word_1_260' title='bbox 1648 3169 1933 3239; x_wconf 85' lang='lat' dir='ltr'><strong>habetur,</strong></span> <span class='ocrx_word' id='word_1_261' title='bbox 1998 3169 2156 3245; x_wconf 91' lang='lat' dir='ltr'><strong>quod</strong></span> <span class='ocrx_word' id='word_1_262' title='bbox 2187 3175 2247 3228; x_wconf 89' lang='lat' dir='ltr'><strong>et</strong></span> 
     </span>
    </p>
   </div>
   <div class='ocr_carea' id='block_1_3' title="bbox 310 3387 2352 3594">
    <p class='ocr_par' dir='ltr' id='par_1_15' title="bbox 310 3387 2352 3594">
     <span class='ocr_line' id='line_1_36' title="bbox 414 3387 2117 3457; baseline -0.001 -18"><span class='ocrx_word' id='word_1_263' title='bbox 414 3392 442 3439; x_wconf 87' lang='lat' dir='ltr'><strong>l</strong></span> <span class='ocrx_word' id='word_1_264' title='bbox 465 3390 630 3441; x_wconf 87' lang='lat' dir='ltr'><strong>immo</strong></span> <span class='ocrx_word' id='word_1_265' title='bbox 654 3392 792 3457; x_wconf 85' lang='lat' dir='ltr'><strong>reip.</strong></span> <span class='ocrx_word' id='word_1_266' title='bbox 814 3390 920 3442; x_wconf 91' lang='lat' dir='ltr'><strong>BP</strong></span> <span class='ocrx_word' id='word_1_267' title='bbox 1008 3411 1018 3420; x_wconf 88' lang='lat'><strong>·</strong></span> <span class='ocrx_word' id='word_1_268' title='bbox 1051 3394 1082 3442; x_wconf 87' lang='lat'><strong>3</strong></span> <span class='ocrx_word' id='word_1_269' title='bbox 1109 3390 1420 3442; x_wconf 86' lang='lat' dir='ltr'><strong>consultum</strong></span> <span class='ocrx_word' id='word_1_270' title='bbox 1449 3389 1618 3440; x_wconf 89' lang='lat' dir='ltr'><strong>BPM</strong></span> <span class='ocrx_word' id='word_1_271' title='bbox 1748 3391 1780 3439; x_wconf 78' lang='lat'>5</span> <span class='ocrx_word' id='word_1_272' title='bbox 1812 3388 1987 3438; x_wconf 84' lang='lat' dir='ltr'><strong>fuisse</strong></span> <span class='ocrx_word' id='word_1_273' title='bbox 2012 3387 2117 3438; x_wconf 87' lang='lat' dir='ltr'><strong>BP</strong></span> 
     </span>
     <span class='ocr_line' id='line_1_37' title="bbox 310 3455 2352 3594; baseline -0.001 -84"><span class='ocrx_word' id='word_1_274' title='bbox 310 3460 380 3568; x_wconf 43' lang='grc' dir='ltr'>ᾖ</span> <span class='ocrx_word' id='word_1_275' title='bbox 397 3457 639 3594; x_wconf 46' lang='grc' dir='ltr'><strong>ἰξίίδῖῗξ</strong></span> <span class='ocrx_word' id='word_1_276' title='bbox 772 3459 836 3510; x_wconf 83' lang='grc'><strong>21</strong></span> <span class='ocrx_word' id='word_1_277' title='bbox 864 3459 1156 3510; x_wconf 87' lang='lat' dir='ltr'><strong>consendit</strong></span> <span class='ocrx_word' id='word_1_278' title='bbox 1180 3457 1332 3510; x_wconf 86' lang='lat' dir='ltr'><em>B¹P¹</em></span> <span class='ocrx_word' id='word_1_279' title='bbox 1472 3472 1681 3524; x_wconf 84' lang='lat' dir='ltr'><strong>aequor</strong></span> <span class='ocrx_word' id='word_1_280' title='bbox 1704 3473 1803 3562; x_wconf 56' lang='lat' dir='ltr'><strong>om.⁴</strong></span> <span class='ocrx_word' id='word_1_281' title='bbox 1823 3456 1895 3506; x_wconf 91' lang='lat' dir='ltr'><strong>B¹</strong></span> <span class='ocrx_word' id='word_1_282' title='bbox 2034 3459 2100 3507; x_wconf 87' lang='lat'><strong>30</strong></span> <span class='ocrx_word' id='word_1_283' title='bbox 2125 3457 2249 3522; x_wconf 83' lang='lat' dir='ltr'><strong>ipso</strong></span> <span class='ocrx_word' id='word_1_284' title='bbox 2337 3455 2352 3481; x_wconf 89' lang='grc'><strong>“</strong></span> 
     </span>
    </p>
   </div>
  </div>
 </body>
</html>
