2517 3884
398 168 522 234 114
1100 171 1231 229 IVLI
1275 169 1645 230 CAPITOLINI

328 358 359 405 3
398 339 672 403 conuiuis
702 339 1051 419 adponeret.
1142 346 1201 423 et
1240 341 1358 400 nisi
1400 339 1542 419 quid
1572 340 1824 404 missum
1856 346 2016 403 esset
2047 337 2334 409 edulium,

398 433 693 507 quotquot
722 431 926 509 essent
954 424 1159 494 amici,
1202 443 1424 486 nouem
1454 423 1640 486 libras
1671 426 1868 486 carnis
1899 443 2006 504 per
2037 432 2162 486 tres
2192 425 2336 484 mis-

330 527 363 573 4
402 531 505 574 sus
534 510 813 591 ponebat.
878 511 931 572 si
962 516 1163 570 autem
1193 508 1334 588 plus
1363 508 1585 589 aliquid
1627 511 1878 579 missum
1923 518 2110 582 esset,
2157 510 2334 570 etiam

366 599 458 658 in
490 596 673 658 alium
706 593 863 656 diem
894 593 1226 665 differebat,
1262 613 1398 657 cum
1430 613 1678 694 semper
1701 595 1774 656 ad
1806 596 2152 659 conuiuium
2181 592 2334 659 mul-

331 697 361 744 5
398 690 495 744 tos
526 686 789 744 uocaret.
866 680 1193 758 imperator
1255 681 1462 752 etiam,
1525 681 1576 741 si
1633 681 1763 741 sine
1823 681 2096 740 conuiuis
2157 686 2332 749 esset,
2395 697 2425 735 5

332 781 361 826 6
402 767 611 829 eadem
642 763 1073 826 consuetudine
1105 764 1424 827 cenitabat.
1459 767 1666 827 amicis
1697 767 1748 825 si
1777 763 2014 846 quando
2046 764 2121 826 de
2151 782 2334 847 pran-

366 853 499 913 *dio
527 869 642 913 suo
672 851 913 912 mittere
944 849 1157 920 uoluit,
1189 851 1352 911 misit
1397 849 1606 911 offulas
1643 849 1816 912 binas
1847 857 1950 912 aut
1979 851 2170 912 omasi
2196 867 2335 929 par-

326 1010 334 1018 »
398 945 538 1008 tem,
583 934 904 1012 aliquando
947 933 1187 996 lumbos
1234 934 1596 1014 gallinacios.
1673 936 1968 998 fasianum
2007 951 2334 1012 numquam

330 1036 357 1083 7
396 1024 637 1102 priuato
670 1021 949 1083 conuiuio
980 1019 1239 1081 comedit
1269 1027 1372 1082 aut
1401 1020 1580 1082 alicui
1607 1021 1788 1082 misit.
1865 1040 2001 1082 cum
2031 1021 2162 1081 sine
2191 1021 2336 1080 ami-

400 1109 489 1169 cis
518 1113 780 1178 cenaret,
826 1103 1149 1167 adhibebat
1188 1123 1441 1166 uxorem
1487 1124 1658 1167 suam
1701 1113 1762 1166 et
1792 1105 2189 1174 Valerianum,
2235 1105 2334 1184 qui
2366 1123 2418 1162 ιο

329 1205 360 1254 8
399 1210 537 1253 cum
570 1191 781 1254 eodem
815 1188 1130 1260 docuerat,
1166 1197 1233 1251 ut
1258 1189 1496 1252 fabulas
1523 1190 1814 1252 litteratas
1843 1189 2110 1252 haberet.
2192 1207 2335 1250 sane

312 1355 323 1362 .
397 1276 631 1338 nullum
664 1293 734 1337 ex
766 1276 819 1336 is
851 1295 1003 1355 quos
1036 1275 1398 1336 Commodus
1438 1274 1621 1337 rebus
1651 1275 1929 1354 gerendis
1985 1278 2338 1355 inposuerat

396 1364 671 1432 mutauit,
706 1368 1061 1440 exspectans
1092 1360 1262 1422 urbis
1291 1359 1568 1431 natalem,
1603 1361 1758 1440 quod
1787 1380 1924 1422 eum
1948 1361 2106 1422 diem
2134 1378 2336 1421 rerum

395 1448 759 1528 principium
806 1443 1049 1505 uolebat
1092 1464 1253 1515 esse,
1299 1454 1480 1523 atque
1520 1445 1655 1506 ideo
1701 1447 1878 1507 etiam
1915 1448 1980 1508 in
2020 1443 2252 1507 balneis
2283 1445 2338 1503 ei

407 1529 815 1611 Commodiani
843 1531 1103 1591 ministri
1131 1548 1344 1592 necem
1372 1549 1620 1610 parasse
1651 1531 1950 1593 dicuntur.
2367 1549 2418 1586 15

302 1616 380 1679 13
572 1615 897 1695 Imperium
943 1622 1002 1675 et
1045 1617 1242 1676 omnia
1285 1615 1617 1694 imperialia
1661 1619 1747 1678 sic
1787 1616 2051 1686 horruit,
2113 1621 2182 1675 ut
2224 1613 2337 1676 sibi

402 1719 640 1781 semper
702 1699 1049 1759 ostenderet
1108 1699 1445 1779 displicere.
1525 1701 1782 1778 denique
1842 1721 1962 1763 non
2020 1699 2200 1759 alium
2247 1717 2333 1767 se,

331 1793 363 1841 2
402 1805 579 1866 quam
622 1786 849 1854 fuerat,
911 1783 1105 1846 uideri
1146 1784 1408 1847 uolebat.
1485 1787 1598 1847 fuit
1637 1787 1701 1847 in
1746 1789 1908 1848 curia
1937 1783 2337 1847 honorificen-

400 1873 685 1940 tissimus,
719 1871 801 1930 ita
834 1876 898 1930 ut
928 1876 1202 1931 senatum
1232 1872 1536 1933 fauentem
1568 1871 1845 1945 adoraret
1876 1879 1935 1932 et
1965 1870 2129 1950 quasi
2157 1886 2333 1948 prae-

330 1963 362 2010 3
398 1957 591 2018 fectus
634 1953 769 2016 urbi
810 1973 945 2016 cum
978 1955 1257 2016 omnibus
1299 1975 1636 2018 sermonem
1668 1959 2068 2037 participaret.
2145 1952 2338 2014 uoluit
2357 1972 2410 2011 20

402 2043 579 2102 etiam
626 2041 945 2119 imperium
990 2039 1296 2121 deponere
1339 2048 1517 2118 atque
1559 2041 1633 2101 ad
1673 2044 1968 2120 priuatam
2011 2043 2196 2100 uitam
2237 2057 2334 2100 re-

332 2131 366 2179 4
402 2127 548 2188 dire.
627 2124 779 2186 filios
820 2143 962 2186 suos
1002 2124 1065 2185 in
1106 2123 1333 2187 Palatio
1374 2127 1598 2187 nutriri
1637 2127 1846 2188 noluit.
1938 2135 2056 2187 tam
2117 2143 2338 2204 parcus

402 2218 599 2274 autem
634 2216 693 2270 et
730 2218 853 2272 tam
898 2209 1055 2271 lucri
1096 2210 1350 2289 cupidus
1391 2210 1532 2280 fuit,
1592 2218 1660 2272 ut
1700 2211 1855 2290 apud
1904 2210 2056 2272 uada
2099 2209 2335 2270 Sabatia

401 2302 771 2358 mercaturas
806 2297 1146 2356 exercuerit
1173 2297 1502 2373 imperator
1540 2314 1650 2374 per
1690 2295 1968 2358 homines
2007 2314 2176 2364 suOS,
2209 2313 2334 2354 non

332 2387 363 2436 5
402 2381 572 2443 aliter
616 2397 791 2457 quam
831 2381 1103 2458 priuatus
1154 2378 1410 2440 solebat.
1487 2397 1600 2440 nec
1641 2380 1900 2442 multum
1943 2390 2143 2442 tamen
2175 2398 2333 2441 ama·
2363 2396 2414 2436 25

400 2474 499 2527 tus
532 2472 642 2527 est.
688 2465 739 2524 si
774 2463 1013 2540 quidem
1050 2481 1259 2525 omnes
1303 2465 1405 2543 qui
1445 2463 1636 2525 libere
1675 2464 1906 2526 fabulas
1949 2464 2338 2527 conferebant

400 2550 552 2612 male
566 2551 939 2610 Pertinacem
968 2546 1372 2624 loquebantur
1401 2547 1830 2628 christologum
1861 2569 1997 2612 eum
2028 2548 2334 2630 appellan-

328 2639 361 2688 6
396 2643 517 2705 tes,
580 2635 682 2713 qui
722 2632 877 2694 bene
919 2632 1273 2710 loqueretur
1306 2641 1365 2695 et
1404 2633 1560 2694 male
1588 2635 1832 2698 faceret.
1907 2653 2046 2700 nam
2080 2643 2139 2696 et
2170 2636 2344 2696 ciues

396 2723 509 2790 sui,
556 2717 776 2799 quiad
820 2735 955 2780 eum
1004 2717 1418 2781 confluxerant
1456 2721 1572 2780 iam
1616 2722 2042 2801 imperatorem
2087 2727 2148 2781 et
2186 2717 2340 2780 nihil

398 2803 472 2866 de
506 2823 575 2865 eo
606 2809 983 2874 meruerant,
1026 2805 1111 2864 sic
1154 2822 1289 2866 eum
1335 2803 1732 2885 appellabant.
1809 2825 2060 2870 munera
2093 2821 2335 2884 quoque
2361 2820 2413 2862 30

325 2896 356 2946 '7
395 2890 549 2951 lucri
590 2888 835 2951 libidine
877 2887 1135 2950 libenter
1193 2893 1442 2970 accepit.
1518 2890 1784 2970 Reliquit
1823 2891 2010 2954 filium
2053 2899 2112 2950 et
2149 2889 2335 2951 filiam

393 2977 750 3054 superstites
783 2980 842 3035 et
871 2992 1141 3046 uxorem,
1166 2974 1338 3038 Flaui
1353 2977 1681 3056 Sulpiciani
1701 2978 1897 3046 filiam,
1931 2993 2109 3054 quem
2137 2977 2332 3052 praef.

324 3066 359 3116 8
395 3061 532 3123 urbi
561 3060 693 3122 loco
729 3078 841 3122 suo
872 3061 1118 3122 fecerat.
1171 3063 1332 3124 circa
1362 3065 1570 3124 uxoris
1597 3063 1940 3143 pudicitiam
1981 3061 2184 3121 minus
2226 3079 2333 3121 cu-

498 3233 525 3280 1
553 3231 825 3282 conuiuiis
848 3230 952 3281 BP
1086 3233 1116 3282 2
1143 3236 1371 3297 praeter
1391 3230 1590 3280 missus
1613 3231 1666 3280 B
1801 3231 1832 3280 5
1859 3229 2134 3280 conuiuiis
2153 3227 2260 3278 BP

393 3301 422 3350 '7
450 3300 663 3364 pomasi
684 3300 787 3350 BP
920 3306 1079 3366 parte
1104 3300 1156 3350 B
1293 3302 1324 3350 9
1351 3298 1714 3350 cumeditauit
1739 3298 1908 3348 alicui
1931 3297 2034 3346 BP
2170 3297 2232 3346 11
2269 3301 2336 3347 ut

392 3385 487 3420 om.
510 3367 684 3420 BPM
703 3371 823 3419 add.
850 3369 985 3434 Eyn.
1100 3367 1386 3418 litteratus
1409 3365 1512 3415 BP
1625 3367 1689 3416 12
1713 3367 1802 3417 his
1823 3365 1988 3416 BPM
2097 3365 2338 3431 agendis

392 3436 461 3487 M
591 3439 655 3488 22
681 3438 859 3488 uoluit
882 3437 1048 3487 BPM
1181 3439 1247 3486 25
1281 3433 1452 3484 multii
1477 3439 1695 3484 amatus
1718 3435 1770 3484 B
1805 3436 1930 3499 fort.
1957 3434 2188 3483 multum
2223 3448 2330 3483 am.

496 3507 562 3558 30
589 3521 803 3590 quoque
830 3522 921 3558 om.
946 3505 998 3554 B
1137 3505 1201 3554 32
1225 3503 1380 3569 lsslut
1403 3519 1491 3552 nx.
1517 3503 1568 3552 P
1587 3502 1786 3554 habuit
1810 3519 2033 3554 uxorem
2055 3503 2124 3552 M

2305 3689 2312 3696 0

2309 3699 2320 3708 υ
