2517 3884
703 186 972 248 ctomvs
1015 111 1309 249 Ateluvs
1358 186 1670 268 ι(3.8--10,
1878 232 1885 238 .
2034 185 2154 250 161

216 368 334 431 pue
363 351 596 430 ingenti
626 350 858 415 honore
885 352 1280 416 cumularent.
1325 356 1579 420 iacuisse
1612 362 1747 415 ante
1779 359 2151 434 praetorium
2186 368 2219 416 7

221 438 434 499 Seueri
486 435 683 498 Albini
729 455 948 517 corpus
1001 456 1112 518 per
1163 438 1292 499 dies
1344 438 1658 518 plurimos·
1688 440 1905 501 dicitur
1958 461 2149 521 usque

221 522 293 584 ad
332 522 618 592 fetorem,
664 522 1068 600 laniatumque
1109 543 1143 585 a
1190 523 1438 590 canibus
1488 526 1551 584 in
1590 524 1989 603 profluentem
2042 526 2144 587 ab·

218 610 436 670 iectum
470 615 577 667 est.
1249 650 1254 653 -

159 710 199 749 s
345 693 434 753 De
466 691 738 753 moribus
771 693 898 753 eius
927 694 1096 753 uaria
1125 693 1423 755 dicuntur.
1504 705 1562 754 et
1604 694 1867 755 Seuerus
1912 696 2153 772 quidem
2172 692 2257 757 10

218 779 346 856 ipse
377 776 527 839 hae-c
557 777 631 837 de
665 776 876 839 eodem
911 776 1194 857 loquitur,
1230 785 1294 838 ut
1325 796 1460 839 eum
1492 779 1651 839 dicat
1696 788 1931 859 turpem
1977 780 2147 843 mali-

219 864 442 923 tiosum
469 860 792 941 inprobum
833 860 1218 926 inhonestum
1263 863 1543 942 cupidum
1584 862 1979 925 luxuriosum.
2044 866 2150 926 sed
2185 871 2218 918 2

218 946 366 1007 haec
395 947 542 1011 belli
568 954 842 1025 tempore
875 946 974 1007 uel
1003 955 1140 1025 post
1171 947 1423 1017 bellum,
1468 946 1705 1025 quando
1748 951 1803 1009 ei
1833 952 1951 1009 iarn
1984 950 2150 1011 uelut
2254 978 2257 981 ·

217 1034 294 1099 de
324 1031 499 1093 hoste
531 1030 697 1094 credi
725 1049 846 1091 non
878 1037 1128 1110 poterat,
1163 1051 1301 1093 cum
1332 1041 1391 1093 et
1419 1034 1549 1111 ipse
1583 1033 1656 1093 ad
1686 1052 1823 1094 eum
1867 1037 2035 1111 quasi
2076 1035 2150 1097 ad
2187 1041 2219 1089 3

141 1136 194 1175 10
221 1118 654 1180 amicissimum
680 1117 1030 1193 frequentes
1059 1119 1292 1178 miserit
1334 1117 1589 1187 litteraS,
1635 1125 1693 1178 et
1734 1118 1904 1182 multi
1949 1120 2022 1180 de
2052 1120 2149 1181 Al-

215 1202 362 1263 bino
414 1201 569 1262 bc'ne
619 1202 945 1271 senserint,
1003 1208 1062 1261 et
1113 1201 1377 1263 Seuerus
1429 1202 1583 1281 ipse
1612 1202 1925 1265 Caesarem
1974 1223 2153 1266 suum
2256 1238 2259 1243 ·

217 1286 476 1349 eundem
508 1284 796 1365 appellari
825 1284 1087 1347 uoluerit
1117 1295 1204 1355 et,
1249 1306 1387 1349 cum
1430 1288 1503 1347 de
1549 1305 1896 1349 successore
1929 1291 2150 1367 cogita-

217 1378 332 1441 ret,
366 1370 528 1431 bunc
559 1373 824 1449 primum
853 1370 1126 1431 habuerit
1157 1379 1306 1433 ante
1326 1371 1563 1433 oculoS.
1594 1372 1811 1433 Extant
1839 1380 2079 1457 praete1
2084 1393 2165 1439 ea
2186 1380 2222 1427 4

211 1457 403 1519 Marci
434 1455 724 1554 epistulae
755 1456 828 1515 de
861 1455 976 1517 hoc
1010 1457 1248 1526 eodem,
1296 1474 1449 1534 quae
1493 1458 1897 1519 testimonium
1939 1467 1997 1519 et
2026 1460 2151 1520 uir-

144 1557 193 1597 15
217 1548 416 1605 tutum
449 1542 580 1603 eius
611 1542 806 1601 ferant
838 1546 897 1600 et
926 1560 1181 1601 morum.
1245 1558 1498 1619 quarum
1542 1560 1721 1603 unam
1762 1544 2035 1610 inserere
2078 1544 2153 1605 ad
2188 1550 2220 1599 5

213 1626 556 1705 praefectos
587 1626 782 1687 datam
815 1644 998 1705 super
1045 1628 1172 1686 eius
1203 1627 1475 1696 nomine,
1510 1626 1837 1689 absurdum
1867 1647 1987 1689 non
2017 1629 2145 1691 fuit.

303 1710 586 1781 ,Marcus
615 1710 890 1771 Aurelius
921 1712 1254 1777 Antoninus
1284 1713 1603 1791 praefectis
1646 1714 1767 1773 suis
1810 1711 2075 1775 salutem.
2188 1711 2221 1767 ὃ

214 1796 429 1859 Albino
461 1814 532 1857 ex
565 1794 785 1857 familia
809 1794 1207 1864 Ceioniorum,
1221 1797 1364 1858 Afro
1382 1796 1621 1873 quidem
1653 1796 1880 1857 homini
1895 1798 1999 1857 sed
2032 1816 2152 1858 non

215 1880 402 1944 multa
443 1900 516 1943 ex
557 1880 713 1943 Afris
753 1878 1024 1949 habenti,
1070 1879 1329 1941 Plautilli
1370 1899 1625 1960 genero,
1684 1882 1831 1942 duas
1874 1862 2151 1945 cohortes

138 1980 190 2019 20
217 1966 412 2027 alares
443 1963 736 2043 regendas
767 1964 922 2025 dedi.
989 1971 1080 2025 est
1120 1964 1301 2026 homo
1347 1968 1734 2035 exercitatus,
1781 1967 1903 2026 uita
1942 1969 2149 2035 tristis,
2188 1976 2218 2023 7

215 2050 420 2129 grauis
463 2048 748 2111 moribus,
813 2056 959 2128 puto
1003 2067 1141 2110 eum
1185 2050 1365 2111 rebus
1416 2050 1822 2111 castrensibus
1875 2052 2150 2129 profutu-

217 2153 374 2205 rum,
410 2142 572 2195 certe
604 2134 926 2195 offuturum
957 2152 1078 2195 non
1110 2153 1242 2195 esse
1287 2136 1429 2195 satis
1469 2136 1627 2195 noui.
1692 2134 1831 2194 huic
1873 2135 2154 2216 salarium
2188 2145 2221 2193 8

218 2220 437 2299 duplex
470 2219 730 2288 decreui,
764 2226 996 2279 uestem
1026 2218 1345 2279 militarem
1378 2218 1741 2298 simplicem,
1776 2218 1881 2279 sed
1912 2218 2030 2291 loci
2062 2222 2155 2284 {sui

218 2304 584 2383 stipendium
626 2302 1047 2382 quadruplum.
1121 2303 1438 2365 hunc-uos
1482 2304 1910 2373 adhortamini,
1970 2312 2037 2365 ut
2089 2324 2155 2365 se

141 2400 194 2441 25
216 2392 308 2451 rei
337 2409 398 2469 p.
453 2394 742 2457 ostentet,
798 2388 1114 2449 habiturus
1171 2391 1508 2468 praemium
1553 2388 1714 2467 quod
1757 2388 2154 2450 merebitur.“

343 2474 452 2535 Est
483 2480 542 2533 et
571 2473 683 2533 alia
715 2472 984 2551 epistula,
1014 2490 1131 2552 qua
1159 2473 1320 2535 idem
1334 2473 1775 2536 MarcusAuidii
1788 2475 1974 2536 Cassii
2004 2484 2153 2536 tem·
2190 2488 2222 2534 9

217 2557 470 2638 poribus
501 2558 574 2619 de
604 2557 718 2618 hoc
751 2558 962 2625 eodem
995 2560 1263 2637 scripsit,
1310 2561 1477 2621 cuius
1510 2558 1849 2639 exemplum
1882 2559 1996 2619 hoc
2030 2568 2150 2621 est:

220 2642 585 2713 „Laudanda
617 2650 712 2705 est
739 2641 933 2706 Albini
962 2645 1327 2718 constantia,
1376 2646 1479 2723 qui
1508 2647 1775 2723 grauiter
1807 2644 2153 2705 deficientes
2191 2658 2257 2705 10

222 2730 522 2789 exercitus
564 2728 784 2795 tenuit,
831 2745 966 2787 cum
1009 2726 1082 2787 ad
1111 2728 1389 2789 Auidium
1423 2729 1693 2791 Cassium
1739 2730 2151 2806 confugerent.

145 2824 196 2863 30
223 2819 280 2873 et
307 2814 425 2873 nisi
464 2811 574 2883 hic,
603 2812 842 2881 fuisset,
889 2830 1096 2874 omnes
1135 2814 1437 2875 fecissent.
1510 2814 1799 2875 habemus
1840 2814 2021 2890 igitur
2062 2814 2152 2874 ui-
2194 2828 2255 2874 11

220 2917 354 2959 rum
399 2898 648 2975 dignum
689 2895 1030 2965 consulatu,
1092 2914 1289 2975 quem⁴
1310 2900 1601 2959 sufficiam
1640 2900 1703 2957 in
1746 2898 1945 2957 locum
1992 2898 2154 2959 Cassi

220 2983 439 3061 Papiri,
475 2984 578 3059 qui
607 2980 755 3041 mihi
788 2983 1073 3041 exanimis
1120 3000 1313 3063 prope
1343 2986 1459 3044 iarn
1490 2985 1793 3044 nuntiantis
1826 2991 1932 3045 est.
1998 2984 2156 3061 quod
2193 2998 2256 3045 12

219 3068 462 3129 interim
506 3086 539 3129 a
580 3072 640 3126 te
685 3065 983 3146 publicari
1023 3067 1190 3139 nolo,
1237 3088 1313 3129 ne
1358 3076 1459 3131 aut
1500 3070 1573 3130 ad
1614 3070 1812 3150 ipsum
1854 3069 2158 3148 Papirium

315 3238 351 3287 4
377 3252 502 3286 esse
525 3236 594 3285 M
725 3238 756 3285 7
783 3235 1116 3289 luxoriosum
1145 3236 1242 3287 BP
1377 3241 1408 3289 9
1434 3238 1564 3289 cred
1588 3236 1663 3286 Ρί
1813 3241 1876 3289 10
1900 3239 2061 3289 miset
2086 3238 2154 3287 lit

219 3308 278 3353 et
299 3304 462 3353 multi
484 3302 563 3353 Ρ1
682 3305 742 3352 11
772 3311 1063 3355 senserunt
1087 3304 1160 3355 1²²
1300 3309 1362 3356 13
1389 3306 1610 3359 occulos
1637 3306 1685 3355 Β
1826 3309 1887 3357 15
1912 3307 2151 3358 inferet-e

219 3369 370 3421 B¹P¹
515 3373 578 3422 17
605 3372 925 3435 praefectus
949 3372 1082 3422 ΒΡ1
1221 3376 1284 3423 19
1309 3373 1479 3423 multo
1504 3373 1608 3423 BP
1638 3380 1674 3424 t.
1702 3374 1755 3423 I.
1894 3374 2031 3425 duos
2053 3374 2157 3421 BP

157 3497 166 3501 ,
219 3441 283 3489 22
309 3454 434 3489 esse
461 3454 571 3489 non
595 3438 702 3489 BP
833 3442 898 3491 23
919 3448 1042 3504 post
1065 3442 1151 3493 sui
1175 3443 1439 3507 distinguit
1462 3440 1505 3491 S
1649 3444 1715 3492 25
1750 3445 1969 3493 ostente
1998 3446 2055 3490 et
2082 3438 2155 3487 131

215 3510 466 3557 ostentet
493 3512 550 3557 et
575 3504 650 3555 Ρ1
789 3510 854 3557 30
881 3507 1222 3560 defecissent
1246 3510 1310 3559 M
1676 3575 1752 3637 11

291 3622 503 3660 somer.
529 3624 690 3671 luem,
705 3623 834 3661 Ave.
889 3610 934 3662 Ι.
