2517 3884
12 656 17 807 l

10 946 14 1093 l

641 191 932 247 TYRANM
977 192 1307 249 'rnlein'rA.
1394 152 1453 249 c.
1503 196 1738 249 15—18.
2047 189 2167 255 107

235 373 372 415 mus
404 361 462 415 et
492 374 745 435 prorsus
794 357 1102 418 orientalis
1133 366 1192 418 et
1223 360 1487 419 Graecae
1516 359 1820 428 luxu-riae,
1865 362 1963 420 cui
1995 368 2164 420 erant

232 439 481 518 sigillata
519 442 770 501 tentoria
818 449 876 503 et
917 445 1142 503 aureati
1189 443 1521 523 papiliones
1564 452 1623 504 et
1664 446 1862 504 omnia
1905 444 2162 505 Persica.

237 524 498 602 denique
526 527 768 604 ingenio
801 528 931 587 eius
971 546 1116 588 usus
1149 526 1456 590 Odenatus
1486 529 1767 607 quicquid
1800 529 2167 590 concubina-·
2200 540 2231 587 2

206 630 372 677 -rum
402 610 720 689 regalium,
767 612 1049 690 quicquid
1093 612 1435 674 diuitiarum
1468 631 1961 691 gemmarumque
1991 616 2161 693 cepit,

173 710 208 749 5
238 696 432 756 eidem
474 696 716 765 tradidit
765 704 1050 776 paternae
1093 698 1498 775 indulgentiae
1546 698 1883 759 adfectione
1924 717 2163 778 permo-

233 789 349 841 tus,
431 788 489 841 et
532 791 658 841 erat
689 782 846 841 circa
898 780 1064 841 illum
1109 783 1369 843 Zenobia
1409 783 1717 844 nouercali
1758 786 1986 853 animo,
2052 802 2162 861 qua
2202 796 2232 842 3

232 883 300 925 re
353 865 980 927 commendabiliorem
1034 870 1190 945 patri
1241 886 1377 929 eum
1425 869 1666 929 fecerat.
1744 888 1939 949 neque
1990 868 2165 948 plura
2252 938 2258 943 ¹

234 957 375 1011 sunt
395 969 558 1030 -quae
589 950 663 1010 de
693 950 936 1013 Herode
968 951 1263 1015 dicantur.

963 1158 1285 1235 MAEON
1291 1170 1437 1235 IVS

151 1356 207 1395 ιο
361 1340 471 1401 Hic
506 1286 903 1402 consobrinus
941 1340 1193 1403 Odenati
1235 1342 1349 1402 fuit
1378 1361 1490 1403 nec
1524 1341 1641 1402 ulla
1684 1360 1751 1403 re
1794 1342 1905 1403 alia
1938 1338 2295 1405 ductus17·

235 1425 352 1487 nisi
392 1425 712 1487 damnabili
754 1426 976 1487 inuidia
1026 1428 1451 1506 imperatorem
1511 1428 1803 1506 optimum
1845 1430 2164 1497 interemit,

235 1530 371 1571 cum
404 1514 472 1571 ei
473 1496 632 1573 nihil
667 1511 825 1571 aliud
858 1512 1123 1573 obiceret
1153 1518 1396 1591 praeter
1438 1510 1623 1588 fllium
1655 1512 1975 1573 Herodem.
2021 1513 2165 1573 dici·
2203 1523 2233 1569 2

121 1609 127 1615 ·
235 1603 334 1656 tur
365 1604 564 1657 autem
595 1598 856 1675 primum
901 1614 1037 1657 cum
1069 1596 1331 1657 Zenobia
1372 1599 1777 1666 consensisse,
1824 1615 1975 1674 quae
2006 1599 2166 1658 ferie

235 1698 358 1741 non
387 1692 640 1779 poterat,
677 1689 741 1742 ut
770 1682 1092 1760 priuignus·
1133 1684 1258 1742 eius
1290 1682 1560 1742 Herodes
1592 1683 1793 1759 priore
1826 1681 1955 1745 loco
1990 1700 2167 1759 quam

155 1778 208 1818 15
233 1764 338 1825 filii
371 1768 516 1835 eius,
550 1765 967 1830 Herennianus
999 1771 1056 1825 et
1086 1766 1421 1836 Timolaus,
1454 1769 1763 1846 principes
1800 1767 2163 1828 dicerentur.

235 1850 341 1911 sed
372 1849 468 1909 hic
516 1868 757 1929 quoque
797 1852 1218 1930 spurcissimus
1262 1853 1397 1912 fuit.
1474 1870 1661 1932 quare
1704 1832 2032 1930 imperator
2064 1871 2165 1931 ap·
2205 1864 2235 1910 3

213 1934 490 2014 pellatus
519 1954 630 2015 per
663 1955 933 1997 errorem
975 1936 1150 1996 breui
1182 1955 1214 1997 a
1245 1935 1540 1997 militibus
1574 1955 1685 2015 pro
1718 1955 1861 1997 suae
1891 1937 2165 1998 luxuriae

235 2022 462 2081 meritis
493 2022 891 2100 interemptus
924 2028 1029 2081 est.

971 2221 1424 2285 BALLISTA

151 2410 209 2450 20
363 2393 449 2453 De
480 2392 612 2462 hoc,
647 2401 850 2453 utrum
880 2395 1301 2472 imperauerit,
1335 2394 1662 2472 scriptores
1691 2396 1845 2455 inter
1878 2412 1942 2454 se
1974 2394 2162 2455 ambi·
2191 2391 2270 2455 18

241 2485 405 2555 gunt.
484 2477 654 2539 multi
687 2480 844 2538 enim
877 2478 1114 2547 dicunt,
1178 2479 1393 2550 Quieto
1434 2498 1546 2558 per
1587 2478 1922 2540 Odenatum
1962 2482 2167 2540 ‘occiso

236 2561 513 2624 Ballistae
545 2564 782 2623 ueniam
815 2564 1012 2623 datam
1056 2570 1115 2623 et
1153 2571 1354 2625 tamen
1406 2582 1541 2624 eum
1603 2566 1959 2645 imperasse,
2007 2565 2165 2644 quod

238 2664 434 2724 neque
467 2646 735 2707 Gallieno
780 2667 892 2708 nec
931 2648 1192 2709 Aureolo
1253 2667 1367 2710 nec
1420 2649 1691 2709 Odenato
1752 2668 1818 2710 se
1872 2648 2162 2710 crederet.

238 2730 336 2793 alii
365 2732 668 2801 adserunt,
703 2736 1005 2812 priuatum
1038 2752 1175 2794 eum
1207 2735 1270 2792 in
1302 2751 1445 2811 agro
1476 2751 1604 2803 suo,
1641 2751 1817 2811 quem
1850 2733 2005 2813 apud
2030 2733 2166 2793 Dal'-
2203 2745 2233 2790 2

157 2834 211 2876 25
239 2817 441 2878 nidem
481 2817 593 2877 sibi
627 2824 1097 2897 comparauerat,
1131 2820 1583 2896 interemptum.
1652 2817 1841 2885 multi,
1878 2825 1936 2877 et
1962 2836 2164 2896 sump·
2204 2830 2234 2877 3

239 2902 389 2963 sisse
419 2901 586 2963 illum
617 2902 966 2983 purpuram,
984 2908 1050 2962 ut
1079 2920 1247 2963 more
1262 2902 1527 2962 Romano
1553 2903 1896 2980 imperaret,
1916 2908 1973 2961 et
1995 2920 2166 2962 exer-

238 2987 420 3047 citum
495 2987 735 3049 duxisse
797 2997 856 3048 et
915 2987 988 3047 de
1049 3006 1111 3047 se
1172 2986 1347 3066 plura
1407 2988 1788 3065 promisisse,
1866 2986 2162 3056 dixerunt,

199 3138 204 3141 ,
239 3074 503 3132 occisum
545 3080 742 3133 autem
785 3091 896 3152 per
957 3090 1059 3133 eos
1119 3091 1270 3150 quos
1300 3071 1596 3133 Aureolus
1636 3071 1982 3133 miserat'ad
2016 3090 2159 3132 con-

371 3242 397 3289 1
425 3241 647 3305 greciae
672 3240 776 3290 BP
907 3240 1156 3291 luxoriae
1178 3241 1230 3289 B
1364 3232 1596 3306 sigilata
1619 3238 1723 3290 BP
1851 3242 1887 3290 4
1910 3241 2095 3305 coepit
2118 3241 2170 3290 B

367 3308 400 3356 6
425 3308 729 3359 zenobiano
753 3308 960 3359 ueleali
982 3308 1113 3360 BP¹
1241 3310 1283 3360 ,7
1308 3324 1423 3359 rem
1444 3308 1497 3358 B
1632 3310 1663 3359 9
1687 3309 1936 3359 meonius
1960 3308 2064 3358 BP

232 3377 296 3425 12
321 3374 423 3433 filii
447 3375 701 3426 Herodes
723 3376 886 3428 BPM
910 3394 1000 3427 em.
1026 3376 1068 3427 S
1225 3380 1291 3429 17
1325 3377 1570 3427 loxoriae
1595 3376 1699 3425 BP
1856 3370 1917 3427 s9
1942 3376 2170 3426 uallista

231 3442 334 3492 BP
489 3446 555 3493 21
581 3444 792 3495 frieunt
810 3444 891 3494 B¹
1052 3448 1116 3496 23
1141 3460 1285 3496 neca.
1307 3445 1411 3495 BP
1430 3460 1537 3495 nec
1559 3446 1621 3495 M
1644 3460 1825 3510 neque
1847 3444 2038 3509 scripsi

229 3512 296 3561 25
321 3516 668 3577 compererat
690 3512 794 3562 BP
815 3520 848 3563 t.
875 3513 1026 3566 Iord.
1137 3515 1204 3575 26
1229 3518 1287 3563 et
1309 3540 1373 3550 —
1398 3514 1699 3579 imperasse
1724 3513 1793 3563 M
1902 3517 1959 3561 et
1984 3513 2104 3561 add.
2132 3510 2174 3559 S
