2517 3884
288 178 522 231 INDEX
556 176 903 229 NOMINVM
936 180 1033 229 ET
1066 178 1324 230 RERVM
1358 178 1940 232 MEMORABILIVM
2028 148 2182 245 32],

147 363 359 399 summa
385 346 757 397 detestatione
782 346 979 397 habuit
1011 350 1097 412 22,
1218 347 1460 398 secundo
1487 349 1676 399 consul
1691 351 1877 400 factus
1915 352 1964 415 6,
1995 353 2084 401 11..
2113 352 2182 401 P.

150 420 235 467 31.
1222 415 1472 466 factione
1519 422 1733 468 mortuo
1777 419 2023 468 Traiano
2061 420 2178 467 Ha-

0 469 2 550 J
73 488 284 549 plateae
328 454 741 533 Antoninianae
780 484 838 535 in
874 482 1099 533 Palatio
1222 483 1450 534 drianus
1493 484 1553 533 in
1601 485 1951 551 adoptionem
1999 486 2179 536 adsci-

154 552 390 613 219,17.
1224 557 1310 600 tus
1351 556 1438 601 est
1471 552 1520 613 6,
1560 554 1642 604 29.
1683 568 1806 602 cum
1851 554 2085 603 Attiano
2126 557 2182 603 et

0 625 2 629 '
80 622 237 672 Plato
272 620 475 681 60,12.
512 618 569 668 11
603 620 688 681 32,
729 620 778 670 7.
818 620 932 680 139,
960 620 1007 669 6.
1036 642 1103 653 -·
1222 618 1460 668 Matidia
1498 618 1734 670 Traiani
1778 620 2048 683 reliquias
2088 620 2180 671 de·

0 657 21 804 ι
152 687 219 735 de
256 656 355 735 P1.'
391 684 661 735 iudicium
691 684 865 735 Hadr.
909 656 1005 747 iv,
1046 688 1103 735 2.
1229 686 1452 737 ferebat
1487 686 1761 751 (Romam)
1803 690 1852 752 7,
1879 690 1960 739 28.
1999 689 2059 737 in
2083 688 2180 738 ho·

13 795 23 808 .
155 754 236 803 Pl.
292 754 572 803 sententia
632 768 854 817 semper
900 754 958 802 in
1007 768 1101 803 ore
1227 768 1417 803 norem
1487 755 1590 804 P..
1637 755 1810 805 Hadr.
1881 756 2182 805 basilicam

152 821 329 871 Marci
375 821 505 883 fuit,
568 821 763 871 llorere
818 819 1102 883 ciuitates,
1229 820 1377 885 apud
1422 822 1446 858 Ῥ
1479 837 1755 873 emausum
1807 824 2050 873 extruxit
2099 825 2182 883 13,

152 890 201 939 si
260 894 356 938 aut
408 860 724 955 philosophi
771 889 1124 953 imperarent
1232 890 1314 937 12.
1807 922 1817 931 .

155 946 254 1007 aut
280 958 617 1021 imperantes
654 955 1111 1021 philosopharen-
1158 956 1406 1021 plumbum
1440 956 1492 1006 si
1529 958 1650 1023 quis
1688 959 1807 1008 aeri
1844 957 2178 1017 miscuisset,

152 1031 243 1072 tur
276 1025 370 1083 66,
405 1026 455 1083 3.
533 1024 617 1077 ΡΙ.
657 1023 825 1075 libros
879 1022 1107 1089 legebat
1228 1028 1293 1072 ut
1330 1024 1540 1088 capital
1575 1029 1726 1075 esset
1767 1041 1888 1075 cum
1914 1026 2183 1075 bonorum

155 1092 313 1144 Alex.
356 1060 482 1152 '24s‚
532 1094 613 1144 23.
651 1091 941 1141 Platonem
976 1107 1105 1157 poe·
1224 1092 1644 1157 proscriptione
1691 1094 1828 1147 Tac.
1903 1095 2054 1143 cauit
2122 1092 2184 1142 ΙΙ

156 1166 353 1209 tarum
395 1160 637 1209 uocabat
693 1159 849 1213 Alex.
911 1161 1106 1224 Vergi-
1229 1160 1346 1222 177,
1385 1161 1468 1208 21.
1615 1187 1657 1217 η

0 1281 1 1290 ¹
156 1226 289 1275 lium
326 1228 444 1289 249,
481 1228 563 1279 25.
1158 1227 1426 1277 Plutarchi
1456 1242 1630 1293 nepos
1685 1226 1886 1277 Sextus
1941 1226 2184 1277 Chaero-

0 1301 2 1356 ᾗ
84 1296 399 1344 Platonica&
460 1294 787 1360 Apollonius
836 1293 1003 1359 Syrus
1042 1321 1105 1332 —
1227 1295 1419 1344 nensis
1455 1296 1628 1358 46,1.

0 1367 3 1426 ff
155 1365 204 1420 5,
245 1365 271 1410 1
310 1362 383 1414 cf.
422 1362 765 1426 Apollonius.
1158 1365 1343 1427 pocula
1381 1367 1648 1427 argentea
1687 1364 1770 1426 72,
1810 1366 1858 1413 3.
1887 1376 2062 1412 aurea
2099 1363 2184 1423 58,

0 1429 1 1468 Ῑ
81 1431 409 1480 Plautianum
455 1429 523 1478 ad
559 1429 911 1494 occupandos
947 1429 1107 1493 Nigri
1227 1433 1277 1480 9.
1325 1432 1416 1493 72,
1478 1433 1526 1481 3.
1601 1429 1916 1479 cristallina
1974 1430 2070 1491 58,
2132 1432 2184 1479 9.

0 1481 1 1534 Ῑ
158 1498 364 1547 liberos
424 1498 575 1547 misit
640 1496 770 1549 Seu.
834 1500 959 1561 129,
1020 1498 1105 1547 26.
1229 1502 1510 1563 geminata
1547 1500 1629 1559 72,
1651 1499 1698 1548 4.
1739 1490 1984 1547 murrina
2011 1468 2103 1557 58,
2130 1499 2182 1547 9.

162 1564 259 1629 (cf.
325 1566 438 1626 147,
498 1564 606 1629 24.)
657 1580 725 1615 ex
770 1566 1107 1615 amicissimo
1156 1568 1445 1630 podayrosi
1477 1565 1536 1615 ΙΙ
1572 1535 1812 1628 209,16.

162 1632 291 1682 odio
329 1632 523 1685 habuit
560 1632 687 1683 Seu.
728 1634 954 1695 134,1·2.
986 1648 1109 1682 cum
1154 1634 1368 1697 podiam
1408 1635 1522 1696 141,
1561 1634 1644 1686 21.

154 1702 218 1750 Ρ.
240 1701 297 1748 in
324 1700 563 1764 gratiam
588 1700 733 1751 redit
759 1672 873 1765 135,
900 1703 948 1752 6.
978 1700 1107 1751 Seu.
1163 1703 1419 1751 Poecile.-
1429 1700 1522 1755 tid
1561 1700 1756 1751 Picile.

158 1768 357 1817 maiori
425 1767 537 1817 filio
617 1769 677 1821 P.
751 1766 923 1818 filiam
979 1784 1110 1818 uxo·
1163 1769 1344 1819 Poena
1379 1761 1510 1818 urbs
1550 1770 1786 1832 150,13.

155 1852 271 1884 rem
310 1834 488 1884 iunxit
526 1837 648 1899 135,
691 1838 739 1887 9.
778 1837 872 1900 qui
906 1837 983 1885 Ρ.
1008 1837 1104 1886 ho·
1165 1837 1332 1887 Poeni
1368 1837 1481 1897 157,
1525 1806 1834 1898 193'22.11
1867 1838 1984 1894 217,
2026 1836 2107 1884 18.

156 1908 301 1953 stem
347 1902 626 1966 publicum
674 1903 827 1952 dixer
832 1908 955 1964 ant
1012 1902 1109 1951 de·
1162 1904 1438 1954 Polaenum
1463 1904 1532 1952 ad
1558 1908 1788 1952 mortem
1814 1901 2188 1952 uoluntariam

160 1970 370 2034 portati
421 1972 546 2031 135,
598 1971 680 2019 10.
749 1970 831 2019 Pl.
883 1974 1110 2019 auctore
1234 1971 1419 2034 coegit
1455 1970 1627 2029 Hadr.
1668 1969 1747 2031 15,
1787 1972 1868 2021 24.

159 2036 584 2087 Pescennianas
622 2035 887 2100 reliquias
924 2050 1110 2099 perse·
1165 2038 1548 2087 Polemoniacus
1584 2038 1792 2087 Pontus
1831 2038 1930 2086 sub
1973 2036 2190 2086 Nerone

158 2102 572 2168 quebaturSeu.
604 2104 915 2164 135,25.Ρ1.
931 2103 1115 2153 odium
1233 2105 1390 2155 Rom.
1435 2104 1645 2154 nomini
1689 2104 1928 2154 tributus
1962 2103 2020 2154 ΙΙ
2068 2106 2185 2168 152,

166 2170 519 2221 crudelitatis
603 2185 777 2220 causa
858 2171 1117 2236 concepit
1238 2174 1325 2222 13.

140 2238 489 2304 ‘Caracallus
529 2238 651 2302 168,
691 2240 739 2287 1.
798 2237 883 2291 Pl.
935 2238 1129 2303 praef:
1168 2240 1340 2290 Pollio
1377 2253 1528 2287 conS.
1567 2237 1643 2300 (a.
1683 2236 1928 2302 928l1'l6)
1957 2240 2064 2301 90,
2110 2240 2191 2292 19.

158 2306 391 2369 institit,
477 2310 539 2355 ut
611 2306 701 2372 qui
772 2305 1115 2355 diuersarum
1234 2306 1437 2357 iterum
1473 2307 1556 2369 98,
1598 2308 1680 2359 21.
1718 2304 1795 2370 (a.
1823 2304 2069 2369 918l166)
2103 2308 2190 2368 98,

163 2374 404 2439 partium
440 2374 694 2438 fuissent,
735 2389 768 2424 a
805 2373 929 2428 Seu,
970 2374 1113 2424 occi·
1238 2375 1319 2424 14.

158 2442 419 2493 derentur
457 2443 584 2506 180,
622 2446 670 2493 3.
1168 2444 1402 2493 Pollione
1438 2442 1706 2505 magistro
1743 2456 1872 2491 usus
1911 2444 1998 2491 est
2041 2442 2194 2491 Mar·

86 2511 321 2559 Plautilli
354 2525 526 2575 gener
562 2510 795 2561 Albinus
835 2511 952 2574 161,
998 2511 1079 2561 19.
1238 2524 1334 2560 cus
1371 2510 1456 2568 45,
1496 2510 1574 2559 17.
1615 2508 1713 2573 (cf.
1752 2510 1878 2560 adn.
1919 2510 2061 2570 crit.)

86 2579 318 2626 Plautini
373 2577 658 2627 lauacrum
704 2578 907 2644 populo
964 2577 1115 2629 exhi·
1166 2579 1352 2628 Pollio.
1402 2576 1717 2628 Trebellius
1765 2602 1847 2629 -.
1896 2577 2008 2629 uid.
2059 2577 2203 2626 Tre-

162 2645 286 2693 buit
320 2644 449 2693 Hel.
488 2646 605 2706 208,
642 2647 729 2694 26.
1236 2645 1466 2695 bellius.

88 2713 327 2762 Plautius
415 2711 715 2772 Quintillus
803 2713 1113 2762 consularis
1166 2715 1459 2794 Polyaenus
1494 2712 1603 2762 uid.
1642 2711 1938 2763 Polaenus.

162 2792 338 2843 augur
384 2780 721 2828 contradixit
754 2780 949 2840 Didio,
992 2794 1113 2828 cum
1158 2782 1389 2845 pomarii
1422 2781 1667 2841 221,17.

164 2850 415 2896 senatum
468 2852 749 2911 rogasset,
806 2851 869 2895 ut
928 2862 1113 2895 sacer·
1160 2849 1391 2912 pomer-io
1437 2848 1716 2896 neminem
1762 2846 2070 2912 principem
2119 2844 2190 2893 li-

162 2914 321 2963 dotes
370 2914 641 2963 exeicitui
700 2914 825 2963 Seu.
890 2914 1113 2973 obuiam
1234 2919 1324 2965 cet
1361 2914 1580 2975 addere,
1619 2916 1731 2965 nisi
1769 2927 1891 2963 eum
1929 2914 2025 2977 qui
2064 2914 2189 2977 agri

2251 1613 2280 1637 θ

162 2984 310 3031 irent
348 2983 462 3044 122,
502 2984 551 3031 2.
1234 2982 1463 3033 barbari
1533 2951 1725 3045 aliqua
1804 2985 1965 3045 parte
2035 2980 2190 3029 Rom.

91 3053 311 3102 Plautus
347 3049 463 3109 140,
501 3051 582 3098 12.
619 3050 677 3099 ΙΙ
712 3050 829 3111 223,
868 3051 918 3102 5.
1232 3064 1437 3113 remp.
1474 3049 1921 3115 locupletauerit.
1965 3047 2192 3097 addide-

92 3118 355 3169 Pletom'us
390 3116 501 3170 uid.
540 3116 872 3167 Plaetorius.
1234 3120 1364 3166 runt
1396 3117 1680 3181 Augustus
1725 3116 2001 3167 Traianus
2051 3116 2202 3165 Nero

89 3186 305 3235 Plotina
340 3185 569 3236 fauente
610 3183 932 3238 Hadrianus
982 3200 1115 3248 nep·
1236 3184 1569 3234 Aurelianus
1604 3184 1664 3234 II
1701 3186 1818 3246 152,
1855 3186 1885 3234 7
1902 3201 1916 3246 3
1948 3185 1997 3235 8.

167 3257 279 3301 tem
331 3252 563 3302 Traiani
622 3267 848 3302 uxorem
894 3252 1118 3316 accepit
1169 3252 1486 3316 Pompeiana
1531 3252 1722 3303 domus
1766 3251 1823 3301 ΙΙ
1869 3254 1966 3315 29,
2016 3254 2065 3301 4.
2113 3252 2198 3313 31,

167 3321 217 3389 5,
250 3320 301 3368 4.
336 3320 570 3370 Traiani
605 3319 961 3371 familiaritas
1004 3320 1118 3369 Ha-
1240 3322 1325 3372 32.
1362 3322 1446 3383 39,
1485 3322 1568 3373 21.

164 3356 362 3437 driano
434 3388 673 3451 crebuit,
736 3389 855 3437 eius
924 3388 1119 3442 studio
1171 3388 1512 3452 Pompeianus
1550 3402 1698 3439 cons.
1737 3385 1812 3451 (a.
1850 3386 2193 3451 993s241)n

170 3452 344 3502 etiam
401 3454 619 3519 legatus
662 3427 977 3506 ’destinatus
1037 3459 1122 3505 est
1240 3457 1450 3516 44,16.

167 3522 229 3585 6,
292 3522 341 3570 3.
422 3522 486 3571 Ρ.
544 3522 740 3573 fauore
798 3524 1121 3574 Hadrianus
1174 3551 1239 3563 —
1279 3521 1545 3575 Claudius
1583 3548 1667 3575 -.
1705 3522 1823 3573 uid.
1847 3521 2144 3580 Claudius.

184 3635 403 3674 scium.
441 3636 590 3675 mer.
626 3637 757 3675 Auo.
793 3624 865 3675 ΙΙ.
1455 3640 1460 3645 ·
1716 3604 1796 3669 21
