2517 3884
626 172 916 230 TYRANNJ
961 174 1292 231 Tmom'm.
1380 175 1439 230 c.
1482 180 1721 233 22-25.
1930 159 1941 170 ‘
2012 171 2133 236 113

179 338 675 485 denludarltientur,
711 357 850 399 cum
893 341 1053 417 sagis
1083 340 1289 411 iussit,
1325 340 1521 402 hieme
1550 332 1870 419 grauibus,
1906 348 2132 403 aestate

180 442 298 503 per
323 441 422 485 uci
489 442 536 484 s.

750 588 1195 657 TETRIOVS
1241 590 1571 657 SENIOR

314 761 644 823 Interfecto
679 761 979 824 Victorino
1031 770 1093 823 et
1142 764 1275 823 eius
1320 762 1440 823 filio
1484 771 1677 825 mater
1709 766 1840 825 eius
1872 765 2129 825 Victoria
2148 761 2236 825 24

132 864 158 903 5
183 848 322 907 siue
367 847 641 908 Vitruuia
682 847 990 909 Tetricum
1033 856 1377 909 senatorem
1419 867 1479 927 p.
1514 847 1585 909 R.
1630 848 2034 927 praesidatum
2066 851 2129 910 in

183 931 382 993 Gallia
413 940 725 1011 regentem
756 932 829 993 ad
861 934 1181 1013 imperium
1214 932 1483 1003 hortata,
1517 933 1676 1012 quod
1710 935 1841 995 eius
1873 942 2031 1003 erat,
2068 939 2131 994 ut

186 1016 470 1097 plerique
531 1017 896 1095 loquuntur,
961 1017 1170 1078 adfinis
1185 1014 1214 1088 ,”
1265 1020 1599 1095 Augustum
1654 1017 1946 1098 appellari
1990 1020 2130 1079 fecit

185 1101 505 1179 filiumque
535 1104 666 1163 eius
699 1102 1018 1165 Caesarem
1061 1104 1456 1181 nuncupauit.
1537 1109 1596 1163 et
1628 1121 1765 1163 cum
1797 1103 1983 1165 multa
2013 1103 2128 1165 Te·
2166 1113 2199 1161 2

185 1188 382 1247 tricus
414 1185 792 1265 feliciterque
821 1188 1109 1265 gessisset
1144 1187 1373 1265 diuque,
1411 1189 1787 1267 imperasset,
1836 1187 1908 1248 ab
1939 1190 2127 1249 Aure-

115 1289 160 1329 ιο
185 1272 352 1333 liano
387 1274 614 1346 uictus,
663 1290 802 1333 cum
853 1271 1108 1333 militum
1152 1290 1402 1333 suorum
1441 1271 1852 1351 inpudentiam
1898 1274 2128 1355 etpro-

185 1359 504 1418 cacitatem
538 1357 701 1417 serre
729 1375 852 1419 non
881 1364 1106 1437 posset,
1145 1356 1357 1417 uolens
1384 1376 1449 1417 se
1481 1358 1843 1435 grauissimo
1872 1358 2131 1436 principi

187 1448 250 1503 et
279 1443 677 1503 seuerissimo
708 1440 886 1502 dedit.
963 1460 1179 1502 uersus
1211 1441 1470 1521 denique
1512 1440 1670 1502 illius
1705 1442 1918 1513 fertur,
1952 1458 2131 1519 quem
2169 1453 2199 1501 3

186 1528 400 1588 furtim
430 1525 505 1587 ad
533 1525 922 1587 Aurelianum
954 1518 1317 1605 scripserat?
1936 1596 1941 1601 ,

657 1611 863 1691 ‘Eripe
893 1629 990 1672 me
1021 1610 1135 1679 his,
1168 1612 1412 1681 inuicte,
1445 1608 1659 1671 malis'.
2114 1608 2338 1687 ,vg-‘1⁸32'-

117 1713 164 1753 15
192 1713 383 1774 quare
414 1714 552 1756 cum
581 1695 937 1758 Aurelianus
966 1695 1114 1756 nihil
1147 1696 1399 1775 simplex
1433 1713 1630 1773 neque
1660 1696 1803 1756 mite
1833 1701 1937 1756 aut
1965 1700 2129 1755 tran·
2168 1708 2202 1755 4

191 1779 444 1858 quillum
505 1780 680 1842 facile
739 1782 1054 1859 cogitaret,
1129 1790 1470 1855 senatorem
1520 1799 1578 1860 p.
1625 1780 1696 1841 R.
1754 1780 2131 1857 eundemque

192 1864 607 1935 consularem,
671 1867 774 1945 qui
815 1867 949 1928 iure
990 1866 1323 1946 praesidali⁴
1358 1882 1565 1926 omnes
1606 1863 1825 1926 Gallias
1870 1871 2128 1941 rexerat,

191 1969 304 2030 per
347 1949 724 2030 triumphum
754 1950 951 2020 duxit,
1007 1950 1218 2011 eodem
1269 1959 1541 2030 tempore
1574 1969 1691 2029 quo
1724 1957 1783 2009 et
1811 1948 2133 2009 Zenobiam

193 2035 447 2097 Odenati
478 2054 729 2097 uxorem
761 2055 899 2097 cnm
929 2036 1065 2096 filiis
1095 2034 1433 2097 minoribus
1449 2035 1718 2104 Odenati,
1748 2034 2131 2094 Herenniano

117 2138 166 2177 20
195 2128 256 2181 et
297 2119 588 2181 Timolao.
676 2120 907 2200 pudore
949 2128 1149 2183 tamen
1194 2122 1390 2181 uictus
1444 2121 1539 2180 uir
1582 2120 1831 2179 nimium
1878 2136 2131 2179 seuerus
2168 2132 2199 2181 5

193 2223 334 2265 eum
365 2223 547 2284 quem
576 2204 1060 2285 triumphauerat
1089 2213 1507 2266 conrectorem
1541 2205 1724 2265 totius
1747 2202 1947 2264 ltaliae
1972 2204 2129 2271 secit,

190 2289 253 2350 id
314 2297 410 2350 est
461 2290 821 2369 Campaniae
874 2290 1080 2351 Samni
1129 2289 1428 2351 Lucaniae
1479 2289 1831 2351 Brittiorum
1886 2286 2132 2367 Apuliae

195 2373 504 2436 Calabriae
534 2375 810 2437 Etruriae
841 2381 1018 2455 atque
1033 2374 1312 2437 Vmbriae
1325 2375 1528 2436 Piceni
1560 2381 1619 2435 et
1648 2373 1973 2436 Flaminiae
2002 2392 2129 2433 om·
2222 2422 2227 2426 .

197 2461 415 2540 nisque
475 2463 841 2521 annonariae
899 2462 1195 2539 regioniS,
1257 2478 1329 2521 ac
1388 2460 1697 2521 Tetricum
1757 2477 1879 2519 non
1939 2458 2129 2518 solum

119 2561 171 2601 25
196 2546 427 2614 uiuere,
462 2544 567 2605 sed
601 2548 776 2606 etiam
816 2546 881 2604 in
912 2564 1144 2606 summa
1175 2545 1463 2623 dignitate
1494 2562 1740 2606 manere
1772 2562 1986 2623 passus
2018 2549 2126 2610 est,

197 2648 334 2689 cum
368 2628 536 2689 illum
578 2649 758 2709 saepe
789 2628 1112 2707 collegam,
1158 2648 1609 2707 nonnumquam
1641 2628 2127 2695 commilitonem,

197 2713 514 2791 aliquando
547 2717 726 2777 etiam
757 2716 1184 2794 imperatorem
1217 2714 1562 2794 appellaret.

755 2879 1200 2946 TETRICVS
1244 2878 1565 2946 IVNIOR

323 3034 435 3097 Hic
473 3028 770 3116 puerulus
809 3054 843 3098 a
875 3037 1132 3097 Victoria
1159 3036 1393 3135 ,Caesar
1433 3043 1525 3096 est
1567 3033 1933 3114 appellatuS,
1993 3052 2129 3094 cum
2152 3035 2237 3100 25

333 3224 368 3273 5
389 3221 681 3272 victorina
707 3222 773 3273 M
913 3223 1172 3273 ettricum
1196 3221 1301 3272 BP
1442 3222 1475 3272 8
1500 3235 1605 3286 que
1629 3237 1723 3273 om.
1750 3218 1823 3270 B¹
1930 3282 1936 3285 ,
1970 3222 2001 3271 9
2028 3234 2134 3285 que

199 3291 295 3343 del.
319 3288 404 3340 B²
541 3291 718 3354 gessit
742 3294 800 3340 et
823 3287 952 3341 B¹P
988 3291 1197 3357 egisset
1222 3290 1283 3341 M
1431 3288 1701 3339 auriliano
1730 3288 1777 3338 B
1924 3290 1988 3338 10
2013 3304 2135 3353 pro-

202 3358 534 3409 caecitatem
557 3357 609 3407 B
726 3362 788 3408 12
816 3374 978 3409 seuer
999 3360 1187 3409 issimo
1213 3356 1291 3408 B¹
1320 3357 1412 3407 eni
1434 3374 1694 3421 super-scr.
1721 3354 1805 3406 Β8
1934 3358 1997 3405 13
2022 3360 2135 3406 sta-

200 3425 296 3475 tim
307 3426 476 3477 BPM
495 3426 687 3475 furtim
708 3430 899 3489 seur-ipsi
915 3425 1040 3492 (per
1062 3426 1285 3476 litteras
1310 3426 1558 3477 occultas
1569 3425 1927 3477 Aurelianum
1951 3450 2017 3459 —-
2043 3423 2135 3472 de—

203 3498 463 3557 precatus
485 3494 708 3559 Eutrop.
744 3494 931 3545 VIIII
958 3495 1048 3559 13)
1077 3496 1146 3558 cf.
1174 3510 1351 3545 exerc.
1376 3496 1492 3545 crit.
1512 3511 1573 3559 p.
1600 3496 1631 3543 2
1756 3495 1821 3542 23
1846 3492 2027 3557 picem
2054 3488 2135 3539 Βι

269 3609 481 3645 sempr.
509 3611 658 3646 tus-r.
685 3610 815 3647 ινα.
841 3596 915 3647 ΙΙ.
1385 3645 1397 3653 ,
1530 3626 1537 3633 ·
1682 3573 1721 3637 8
