2517 3884
311 84 341 96 ,-

350 168 587 219 INDEX
620 166 965 240 NOMmVM
988 130 1099 217 ἘΤ
1126 124 1388 217 ‘RERVM
1425 160 2002 218 MEMORABILIVM
2091 166 2222 231 281

182 338 363 405 praef.
458 336 721 387 feriarum
765 346 781 377 ν
814 336 1142 385 Latinarum
1265 335 2025 401 appellabanturxHadriani
2089 341 2210 399 259,

185 411 369 471 esset,
428 404 874 471 praeclarissime
920 418 981 453 se
1040 420 1139 469 pro
1265 406 1345 455 15.
1405 405 1625 469 H.apud
1693 403 1944 454 Athenas
2008 406 2218 457 arc-hon

184 473 613 539 magistratibus
653 478 913 538 agentem
950 476 1137 521 osten·
1263 472 1370 521 fuit
1435 471 1491 521 11
1554 474 1646 531 82,
1712 473 1790 521 12.
1864 488 1897 521 a
1966 473 2215 524 Traia-no

186 544 268 593 dit
302 543 397 605 47,
437 543 486 593 6.
524 540 619 590 ubi
654 540 877 589 Marcus
924 555 1141 605 compe·
1265 540 1560 605 adoptatus
1596 539 1653 589 11
1691 541 1928 602 147,,18.
1977 541 2226 606 optimus

182 612 261 660 rit
318 624 379 659 se
440 609 511 665 ab
570 607 859 657 Hadriano
910 606 1141 673 adopta·
1260 608 1392 673 imp.
1430 608 1486 658 11
1526 608 1752 671 166,17.
1792 607 2094 659 imberbem
2116 610 2220 659 tri·
2297 644 2300 647 -

184 683 323 741 tum,
346 676 528 741 magis
555 680 640 725 est
665 674 1140 740 deterritusquam
1260 676 1464 725 bunum
1503 692 1611 725 non
1649 675 1790 725 feeit
1834 676 1892 726 II
1958 678 2083 741 188,
2133 680 2214 728 13.

180 748 434 797 laetatus
470 746 555 804 47,
594 746 686 804 31;
740 744 1032 807 iussusque
1080 744 1139 791 in
1258 742 2036 809 Hadrianiep‘istulaad
2063 744 2225 805 Sea-2

178 814 253 864 H.
314 812 593 877 priuatam
637 810 851 860 domum
902 811 1138 875 migrare
1259 812 1532 861 uianum
1574 810 1920 865 consulem
1945 812 2225 863 inserta

184 881 397 931 inuitus
434 879 499 929 de
536 878 804 929 maternis
840 878 1016 929 hortis
1053 894 1140 927 re·
1259 879 1316 929 II
1350 881 1478 943 208,
1533 882 1616 932 27.
1665 881 1792 940 209,
1841 882 1872 929 3
1919 893 2041 943 sqq.
2099 880 2221 930 Ha-

185 949 361 999 eessit
394 948 480 1009 47,
522 948 603 997 32.
642 946 713 1000 H.
752 947 971 996 ferente
1010 960 1138 1009 gra·
1263 946 1448 996 driani
1507 948 1628 997 uita
1677 963 1710 996 a
1755 946 1934 997 Mario
1979 948 2226 999 Maximo

186 1018 269 1065 tia
306 1016 515 1080 aetatis
542 1015 701 1063 faeta
726 1015 945 1078 Marcus
973 1029 1142 1078 quae-
1262 1014 1476 1079 scripta
1502 1016 1710 1066 citatur
1744 1015 1862 1072 248,
1903 1016 1986 1067 12.

184 1090 303 1135 stor
338 1086 425 1132 est
460 1082 787 1147 designatus
824 1084 908 1144 48,
946 1084 996 1131 6.
1048 1098 1141 1132 ex-
1194 1082 1516 1133 Hadrianus
1571 1084 1836 1132 citatur
1893 1084 2082 1146 5,12;
2138 1085 2221 1137 16.

184 1166 375 1202 cessus
421 1150 696 1199 Hadriani
737 1152 831 1210 48,
880 1152 961 1203 15.
1024 1150 1142 1200 eius
1269 1152 1350 1213 12,
1388 1153 1470 1200 21.
1512 1151 1592 1215 16,
1631 1152 1715 1201 23.
1754 1150 1839 1212 25,
1880 1151 1959 1201 18.
1999 1151 2057 1199 111
2092 1152 2213 1201 uita

186 1218 479 1285 sepulchro
524 1216 613 1274 Pii
662 1234 857 1283 eorpus
915 1221 1001 1267 est
1060 1219 1142 1267 111-
1266 1221 1315 1280 3,
1355 1220 1404 1270 7.
1440 1220 1490 1281 8,
1519 1220 1604 1269 29.

182 1288 359 1337 latum
395 1288 479 1349 50,
518 1288 576 1347 8;
614 1285 749 1335 Veri
774 1288 855 1347 77,
884 1288 945 1347 2;
981 1285 1139 1335 Com·
1195 1286 1471 1335 Hadriani
1508 1285 1778 1352 palatium
1813 1286 1874 1334 111
1908 1285 2130 1335 Tiburti
2164 1287 2224 1336 ΙΙ

182 1354 332 1405 modi
371 1356 484 1415 101,
513 1356 597 1404 30.
634 1354 955 1404 consulares
991 1354 1140 1403 uiros
1266 1355 1382 1416 119,
1423 1356 1503 1404 17.

182 1421 415 1473 reddere
462 1422 583 1471 iura
640 1421 699 1471 in
741 1421 917 1473 Italia
974 1436 1138 1486 prae·
1192 1422 1520 1484 Hadrianus.
1555 1419 1748 1471 Aelius
1773 1444 1868 1473 ,-.
1907 1424 2069 1485 pater
2100 1421 2220 1469 Ha-

188 1493 420 1555 ceperat
464 1490 561 1553 53,
626 1489 707 1539 18.
770 1490 840 1539 Η.
889 1490 1139 1539 Marcum
1260 1490 1445 1539 driani
1490 1492 1621 1555 imp.
1673 1487 2035 1539 consobrinus
2080 1488 2218 1539 Tra·

188 1569 565 1609 successorem
590 1561 911 1622 parauerat,
948 1556 1059 1607 nisi
1085 1556 1138 1605 ei
1262 1558 1383 1607 iani
1419 1562 1469 1622 3,
1507 1559 1557 1609 8.

170 1628 347 1675 'aetas
406 1624 636 1691 puerilis
684 1625 995 1675 obstitisset
1054 1625 1137 1686 57,
1194 1652 1257 1661 —-
1285 1631 1606 1691 —patruus
1641 1624 1962 1673 Hadriani
1945 1640 2076 1688 imp.
2115 1640 2213 1689 pe·

190 1696 273 1744 20.
332 1708 605 1759 gemmas,
657 1707 795 1757 quas
842 1693 1045 1743 multas
1082 1693 1140 1741 in
1263 1693 1398 1743 ritia
1427 1694 1756 1743 caelestium
1786 1690 2002 1742 callens
2036 1692 2218 1743 Hadr.

192 1762 501 1825 repostorio
554 1764 835 1811 sanctiore
893 1762 965 1816 Η.
1015 1775 1141 1824 rep
1263 1762 1505 1811 futurum
1542 1761 1830 1826 imperium
1856 1760 2218 1825 praedixerat

187 1833 440 1894 pererat,
500 1828 753 1879 uendidit
786 1830 1007 1879 Marcus
1054 1830 1137 1890 58,
1262 1832 1312 1891 3,
1350 1831 1400 1879 8.

186 1893 275 1949 ll]
320 1895 543 1946 uolente
582 1897 655 1946 H.
703 1898 927 1946 Marcus
972 1896 1157 1960 adop-t
1192 1896 1600 1945 Hadrumetinus
1642 1894 1756 1944 uid.
1803 1894 2214 1943 Adrumetinus.
2252 1910 2262 1921 ‘

186 1969 341 2014 tatus
378 1967 501 2013 erat
534 1967 620 2027 60,
657 1966 705 2013 2.
748 1980 814 2013 ex
848 1964 920 2013 H.
944 1963 1139 2013 uolun-
1192 1964 1577 2013 Haemimontus
1644 1961 1702 2010 ΙΙ
1779 1964 1904 2019 130,
1980 1964 2062 2011 19.
2145 1962 2222 2015 Η.

184 2036 307 2082 tate
354 2032 533 2081 Verus
578 2031 773 2081 Aelius
822 2030 1141 2095 appellatus
1262 2032 1472 2080 uexant
1510 2028 1676 2079 Gothi
1710 2029 1767 2079 11
1807 2028 1922 2090 148,
1959 2031 2044 2082 27.

188 2104 275 2149 est
310 2100 534 2158 68,10.
613 2096 683 2148 H.
742 2098 1141 2176 grammaticus
1193 2099 1418 2148 Halalae
1452 2098 1656 2157 uicum,
1675 2096 1733 2145 in
1771 2111 1875 2160 quo
1909 2096 2049 2147 obiit
2071 2097 2224 2146 Fau-

162 2166 435 2216 ,Scaurus
472 2167 564 2228 69,
615 2167 693 2217 12.
750 2166 823 2217 H.
862 2164 1143 2215 sententia
1267 2165 1441 2226 stina,
1489 2164 1710 2213 Marcus
1760 2162 2032 2214 coloniam
2078 2164 2227 2215 feeit.

190 2234 259 2284 de
312 2233 517 2282 misera
574 2233 968 2297 imperatorum
1014 2248 1141 2281 eon·
1263 2233 1352 2295 65,
1387 2233 1448 2295 4;
1491 2234 1570 2280 12.

188 2300 407 2357 dicione
458 2302 551 2357 79,
600 2303 680 2351 17.
744 2316 777 2351 a
835 2299 1143 2350 rebellibus
1199 2301 1402 2351 Halani
1434 2299 1548 2349 uid.
1588 2298 1799 2348 Alani.

191 2368 378 2419 occidi
409 2384 520 2419 non
555 2370 738 2434 potuit
772 2370 857 2433 84,
898 2370 979 2421 11.
1018 2368 1144 2418 Seu.
1202 2370 1502 2433 Halcyones
1553 2381 1752 2433 poema
1817 2366 2104 2417 Ciceronis
2163 2372 2228 2417 et

202 2439 414 2489 Romae
451 2437 725 2502 hospitem
760 2441 1015 2499 nanetus,
1057 2436 1150 2501 qui
1273 2435 1436 2487 Gord.
1474 2450 1556 2499 pr.
1592 2434 1650 2485 II
1686 2436 1892 2499 29,12.
2009 2436 2011 2439 ‘

202 2506 277 2555 H.
314 2506 489 2555 uitam
524 2504 766 2571 legeret,
814 2520 975 2555 omen
1013 2504 1147 2553 arri·
1198 2506 1526 2569 Haldayates
1606 2502 1712 2551 dux
1787 2502 2083 2553 Valeriani
2161 2504 2219 2553 11

187 2573 312 2639 puit
348 2574 463 2632 125,
502 2576 583 2625 17.
619 2574 689 2626 Η.
716 2574 951 2624 libertus
979 2571 1144 2623 Phle-
1270 2574 1384 2632 145,
1422 2574 1472 2622 2.

192 2654 303 2706 gon
361 2642 487 2703 139,
552 2643 635 2690 22.
709 2658 868 2705 quem
924 2641 1147 2693 Marcus
1186 2641 1455 2691 Hannibal
1488 2640 1602 2689 uid.
1639 2637 1900 2688 Annibal.

189 2708 506 2758 Pescennio
543 2708 917 2768 deditloeum,
948 2711 1017 2757 H.
1039 2722 1149 2758 non
1200 2709 1586 2757 Hariomundus
1648 2706 1758 2755 dux
1816 2703 2106 2755 Valeriani
2163 2704 2226 2755 11

190 2776 301 2825 nisi
342 2774 803 2839 exploratissimis
829 2776 1000 2826 dabat
1026 2777 1181 2839 147,
1268 2777 1383 2837 145,
1421 2776 1471 2823 2.

192 2847 244 2895 2.
282 2843 353 2894 Η.
392 2844 567 2905 Vero,
608 2858 727 2892 eum
754 2858 877 2893 eum
916 2843 1145 2907 adopta·
1198 2843 1668 2907 Harpocrationem
1687 2839 2122 2903 grammaticum
2123 2852 2225 2889 au

190 2916 309 2975 ret,
353 2926 651 2976 purpuram
698 2912 821 2961 sine
870 2926 1005 2960 auro
1052 2910 1145 2960 de·
1268 2910 1411 2958 diuit
1445 2910 1652 2958 Verus
1647 2908 1746 2976 69,
1787 2909 1867 2959 13.

194 2981 277 3030 dit
326 2980 452 3041 155,
502 2981 585 3029 20.
643 2980 714 3031 Η.
764 2996 831 3029 ex
876 2992 1145 3043 responso
1196 2978 1519 3047 haruspices
1555 2958 1844 3040 imperium
1891 2972 2228 3023 uaticinati.

194 3047 413 3099 oraculi
471 3045 726 3097 Orestam
795 3046 987 3097 urbem
1046 3060 1144 3095 suo
1269 3049 1397 3095 sunt
1432 3036 1519 3093 Al.
1558 3044 1684 3103 236,
1722 3044 1805 3093 30.
1853 3042 1981 3103 237,
2019 3042 2072 3091 9.
2117 3055 2220 3090 na-

195 3116 405 3167 nomini
469 3114 747 3164 uindicari
802 3115 967 3164 iussit
1024 3115 1144 3174 208,
1267 3112 1438 3161 talem
1478 3111 1932 3161 commendarunt
1978 3110 2106 3172 237,
2169 3111 2224 3160 9.

196 3187 243 3234 1.
280 3184 352 3233 Η.
391 3183 664 3232 mantelia
703 3187 899 3233 aurata
933 3181 1145 3231 habere
1209 3224 1213 3231 .
1268 3181 1320 3230 11.
1361 3178 1570 3230 salaria
1603 3179 1852 3228 instituit
1887 3175 1973 3225 Al.
2011 3178 2129 3237 260,
2171 3179 2225 3226 7

198 3252 383 3315 eoepit
418 3253 535 3313 253,
578 3253 624 3301 7.
661 3251 733 3299 Η.
761 3250 981 3300 Christo
1009 3253 1165 3299 tem·
1197 3249 1562 3312 haruspicinae
1632 3246 2004 3313 peritissimus
2061 3243 2224 3296 Alex.

194 3318 739 3383 plumfaeereuoluit
755 3308 1149 3383 eumqueinter
1268 3317 1387 3379 246,
1424 3318 1508 3365 29.
1604 3341 1606 3344 v

195 3385 717 3451 deosreeipere259,
729 3388 809 3436 12.
826 3388 881 3435 in
895 3386 1147 3436 omnibus
1185 3384 1412 3435 Hebrus
1448 3384 1565 3445 207,
1606 3383 1689 3433 28.

200 3452 528 3503 ciuitatibus
565 3454 774 3520 templa
812 3454 931 3507 sine
982 3453 1147 3503 simu·
1201 3451 1528 3503 hecatomben
1565 3449 1701 3499 feeit
1725 3448 1999 3498 Balbinus
2035 3445 2256 3497 oeciso'

194 3521 351 3571 lacro
430 3522 669 3571 iusserat
756 3520 915 3586 fieri,
1007 3536 1149 3586 quae
1273 3520 1578 3570 Maximino
1615 3517 1788 3580 1120,
1821 3518 1904 3565 22.
1937 3518 2020 3579 60,
2057 3514 2222 3567 22.11.
