2517 3884
307 184 316 191 '
381 188 514 255 -218
771 210 784 223 ·
1103 193 1256 268 ΑΕΗ
1298 191 1629 248 LAMPmon

388 359 662 440 plumbi’,
697 358 848 421 alius
879 358 1113 421 ‘decem
1144 359 1519 427 strutiones&
1567 356 1717 418 alius
1749 356 1984 418 ‘decem
2030 376 2143 418 oua
2187 357 2334 437 pul·

313 460 354 510 2
387 447 552 515 lina’,
599 452 664 518 ut
697 464 840 506 uere
883 452 1076 505 sortes
1123 450 1325 519 essent
1368 450 1428 503 et
1467 444 1587 503 fata
1627 435 2084 522 temptarentur.
2162 443 2333 520 quod

389 530 631 609 quidem
663 538 722 593 et
750 530 902 591 ludis
933 530 1057 589 suis
1089 514 1377 599 exhibuit,
1412 546 1547 589 cum
1580 535 1637 588 et
1664 546 1841 589 ursos
1868 526 2081 587 decem
2115 534 2176 587 et
2218 527 2329 588 de-

389 634 518 677 cem
547 615 731 693 glires
763 622 822 675 et
853 614 1060 675 decem
1090 614 1350 673 lactucas
1382 620 1442 673 et
1466 613 1683 673 decem
1712 614 1843 673 auri
1866 612 2087 672 libras'
2072 630 2139 671 ln
2160 619 2333 673 sorte

387 700 612 761 habuit.
697 702 1052 779 primusque!
1100 698 1265 759 hunc
1321 715 1554 758 morem
1608 699 1787 758 sortis
1838 698 2096 757 instituit
2142 716 2328 776 quem
2384 714 2411 753 5

313 802 352 851 3
388 804 547 846 nunc
587 784 875 846 uidemus,
960 784 1067 845 sed
1107 802 1252 844 uere
1308 783 1382 843 ad
1434 790 1658 843 sortem
1714 784 2016 843 scaenicos
2063 783 2331 852 uocauit,

387 889 524 931 cum
555 877 615 929 et
645 888 823 929 canes
856 876 1123 929 mortuos
1168 875 1226 928 et
1269 868 1481 928 libram
1526 866 1787 928 bubulae
1832 868 2026 927 carnis
2071 866 2332 927 haberet
2409 862 2431 877 “
2516 939 2517 952 ¹

385 959 448 1015 in
479 960 642 1014 sorte
673 963 732 1014 et
761 956 904 1014 item
935 962 1174 1014 centum
1207 972 1424 1013 aureos
1456 959 1515 1012 et
1550 952 1711 1012 mille
1740 958 2058 1029 argenteos
2091 958 2149 1010 et
2180 970 2329 1011 cen·

315 1058 350 1103 4
388 1048 513 1100 tum
541 1038 716 1099 folles
747 1041 916 1099 aeris'
935 1046 994 1099 et
1023 1037 1135 1099 alia
1168 1037 1341 1099 talia.v
1398 1055 1550 1116 quae
1596 1036 1854 1116 populus
1896 1044 2019 1097 tam
2059 1035 2325 1097 libenter

386 1126 632 1203 accepit,
668 1132 735 1185 ut
765 1143 902 1185 eum
935 1132 1140 1203 postea
1169 1124 1469 1201 imperare
1501 1121 1967 1199 gratularentur.
2358 1139 2411 1178 ιο

277 1208 368 1273 23
511 1210 731 1271 Fertur
771 1211 835 1268 in
877 1210 1103 1288 euripis
1145 1210 1290 1269 uino
1343 1206 1539 1286 plenis
1584 1206 1829 1267 nauales
1874 1208 2175 1266 circenses
2222 1224 2327 1266 ex-

386 1294 671 1361 hibuisse,
705 1293 880 1373 pallia
912 1293 986 1353 de
1019 1292 1341 1353 oenanthio
1371 1292 1597 1353 fudisse
1631 1300 1691 1351 et
1722 1291 2118 1352 elefantorum
2149 1298 2325 1369 quat·

389 1391 522 1440 tuor
577 1380 893 1458 quadrigas
943 1381 1005 1438 in
1058 1380 1339 1438 Vaticano
1403 1380 1660 1455 agitasse
1714 1377 1925 1437 dirutis
1986 1374 2328 1455 sepulchris

386 1482 535 1543 quae
580 1464 978 1531 obsistebant,
1038 1464 1303 1523 iunxisse
1347 1465 1525 1523 etiam
1577 1461 1835 1523 camelos
1877 1468 2201 1541 quaternos
2250 1460 2325 1521 ad

313 1562 348 1608 2
387 1568 601 1609 currus
641 1550 702 1607 in
746 1550 906 1607 circo
950 1549 1184 1625 priuato
1227 1546 1589 1625 spectaculo.
1654 1554 1969 1626 serpentes
2014 1564 2123 1627 per
2164 1546 2321 1605 Mar·
2353 1564 2407 1604 15

295 1706 300 1713 ,
387 1636 541 1694 sicae
585 1634 778 1709 gentis
819 1632 1161 1693 sacerdotes
1214 1630 1533 1710 collegisse
1584 1633 1805 1701 fertur,
1856 1650 2078 1711 eosque
2120 1630 2323 1691 subito

293 1717 296 1719 ’
385 1725 520 1777 ante
551 1716 764 1786 lucem,
800 1723 865 1777 ut
895 1716 1049 1777 solet
1079 1716 1338 1795 populus
1368 1717 1445 1779 ad
1476 1716 1649 1777 ludos
1680 1715 1951 1777 celebres
1976 1716 2325 1784 conuenire,

312 1816 346 1863 3
387 1801 693 1871 effudisse,
747 1802 1084 1881 multosque
1137 1802 1407 1863 adflictos
1451 1820 1658 1863 morsu
1702 1808 1761 1861 et
1811 1803 1968 1879 suga.
2037 1818 2188 1867 ,usus
2232 1808 2331 1861 est

385 1905 565 1964 aurea
595 1888 758 1946 omni
791 1888 1010 1955 tunica,
1047 1905 1188 1947 usus
1222 1894 1282 1946 et
1312 1905 1647 1965 purpurea,
1690 1904 1847 1946 usus·
1874 1892 1933 1945 et
1964 1885 2037 1945 de
2068 1887 2327 1963 gemmis

310 1986 349 2031 4
387 1974 640 2039 Persica,
675 1990 810 2031 cum
842 1974 1083 2049 grauari
1113 1990 1178 2032 se
1209 1971 1436 2031 diceret
1476 1989 1663 2031 onere
1708 1971 2048 2049 uoluptatis.
2115 1969 2327 2031 habuit
2354 1990 2408 2029 20

387 2064 445 2117 et
474 2059 536 2116 in
567 2056 966 2117 calciamentis
997 2074 1282 2133 gemmas,
1332 2064 1392 2116 et
1423 2055 1665 2133 quidem
1695 2056 1971 2133 scalptas,
2036 2054 2194 2133 quod
2236 2056 2327 2115 ri-

385 2161 518 2203 sum
550 2142 826 2202 omnibus
868 2143 1086 2210 mouit,
1145 2143 1317 2240 quasi
1359 2147 1607 2219 possent
1649 2140 1985 2223 scalpturae
2029 2139 2330 2200 nobilium

383 2228 677 2287 artificum
729 2228 922 2287 uideri
970 2228 1032 2286 in
1073 2228 1357 2303 gemmiS‚
1404 2244 1557 2303 qnae
1601 2224 1851 2303 pedibus
1895 2223 2327 2285 adhaerebant.

312 2331 345 2377 5
385 2310 574 2372 uoluit
603 2313 690 2370 uti
723 2317 783 2369 et
813 2310 1141 2369 diademate
1183 2318 1512 2386 gemmato,
1553 2325 1674 2384 quo
1721 2308 2030 2387 pulchrior
2062 2309 2233 2368 fieret
2268 2316 2333 2369 et

383 2397 567 2471 magis
599 2394 670 2454 ad
703 2396 1058 2454 feminarum
1095 2392 1325 2453 uultum
1356 2400 1545 2471 aptus,
1594 2408 1710 2489 quo
1744 2403 1802 2451 et
1836 2411 1979 2453 usus
2014 2399 2105 2452 est
2136 2392 2327 2455 domi.
2360 2414 2413 2453 25

310 2498 345 2543 6
383 2480 572 2538 fertur
605 2485 664 2537 et
695 2480 1040 2557 promisisse
1070 2479 1365 2537 foenicem
1410 2477 1680 2536 conuiuis
1724 2475 1823 2535 uel
1864 2494 1975 2553 pro
2023 2494 2089 2535 ea
2134 2476 2331 2539 libras

311 2581 345 2626 7
384 2562 512 2624 auri
563 2562 754 2629 mille,
806 2569 870 2621 ut
917 2563 980 2621 in
1034 2564 1335 2639 praetorio
1382 2558 1430 2639 †
1474 2577 1573 2619 eas
1614 2558 1973 2619 demitteret.
2052 2563 2331 2623 marinae

383 2665 570 2727 aquae
601 2646 903 2727 colymbos
936 2646 1223 2714 exhibuit,
1266 2648 1328 2705 in
1359 2644 1817 2705 mediterraneis
1860 2634 2008 2705 locis
2039 2648 2329 2717 maxime,

383 2732 743 2811 eosdemque
794 2730 1042 2809 singuiis
1085 2732 1290 2791 amicis
1344 2729 1682 2790 natantibus
1736 2730 1959 2791 dimisit
2001 2738 2060 2791 et
2099 2733 2333 2792 iterum

310 2834 346 2881 8
384 2836 518 2878 cum
564 2817 826 2897 piscibus
868 2816 1138 2894 inpleuit.
1205 2823 1471 2875 montem
1505 2816 1733 2875 niuium
1774 2818 1837 2874 in
1881 2815 2166 2883 uirdiario
2212 2815 2327 2875 do·
2358 2838 2411 2876 ao

383 2922 516 2963 mus
547 2909 767 2963 aestate
796 2902 938 2962 fecit
966 2901 1232 2961 adnectis
1266 2900 1523 2961 niuibus.
1588 2900 1659 2959 ad
1692 2919 1858 2961 mare
1890 2902 2115 2979 piscem
2149 2918 2327 2961 num-

385 3006 562 3065 quam
602 2986 887 3057 comedit,
935 2988 997 3046 in
1028 2986 1389 3063 longissimis
1420 3005 1449 3045 a
1486 2987 1637 3045 mari
1664 2985 1811 3047 locis
1853 2987 2051 3046 omnia
2086 2986 2327 3047 marina

483 3172 520 3220 4
543 3170 712 3237 griles
739 3172 904 3223 BPM
921 3189 1011 3225 em.
1047 3173 1265 3223 Vrsinus
1403 3174 1435 3223 7
1458 3171 1663 3223 bubalo
1688 3171 1741 3221 B
1764 3172 2005 3222 bubalae
2030 3172 2081 3221 P
2101 3177 2144 3221 e.
2166 3170 2235 3220 I.-

385 3241 447 3289 11
477 3238 580 3289 deo
605 3241 870 3291 ananthio
897 3240 948 3290 B
995 3240 1098 3291 deo
1124 3239 1389 3291 euanthio
1415 3240 1531 3289 PM
1704 3242 1767 3289 21
1796 3240 2189 3290 calciamentes
2214 3240 2267 3288 P
2284 3245 2327 3289 t.

382 3307 434 3358 Ι.
573 3309 642 3355 22
666 3308 915 3374 sculptas
941 3336 1006 3344 —
1031 3309 1353 3374 sculpturae
1380 3308 1447 3359 M
1574 3310 1640 3358 23
1666 3309 1761 3374 qui
1783 3308 1951 3358 BPM
1968 3324 2057 3359 em.
2084 3306 2203 3357 oar.

381 3376 450 3424 24
475 3390 584 3439 qua
611 3375 776 3425 BPM
905 3379 971 3427 26
998 3378 1233 3442 promise
1258 3377 1311 3427 B
1334 3376 1599 3442 promisse
1628 3378 1675 3425 P
1808 3376 2066 3427 foenieen
2089 3374 2193 3423 ΒΡ

312 3457 316 3462 ·
380 3443 659 3493 conuiuiis
685 3442 787 3491 BP
918 3447 983 3496 27
1009 3460 1106 3495 eos
1129 3444 1182 3494 B
1206 3460 1331 3495 eum
1356 3444 1663 3495 dimitteret
1686 3442 1731 3494 S
1841 3447 1909 3495 29
1934 3443 2153 3495 eosdem
2176 3444 2237 3493 et
2260 3442 2335 3492 M

487 3513 554 3561 30
575 3511 842 3564 uiridario
867 3512 935 3563 M
1065 3516 1130 3563 31
1155 3514 1321 3564 uibus
1345 3511 1477 3563 BP²
