2517 3884
389 169 472 233 22
1088 176 1218 232 lVLl
1262 173 1630 233 CAPITOLINI

389 361 456 405 se
485 350 877 423 receperunt,
925 342 998 402 de
1043 359 1299 419 quorum
1330 345 1453 404 uita
1493 344 1557 403 in
1589 342 1703 403 alio
1736 340 1889 403 libro
1923 343 2209 421 deinceps
2242 342 2333 402 di·

396 447 622 490 cemus,

905 594 1324 660 MAXIMIN
1328 595 1435 661 VS
1492 581 1819 660 IVNIOR

193 765 276 832 27
301 767 378 850 (1)
526 770 617 831 De
645 769 820 830 buius
879 787 1102 848 genere
1161 771 1437 848 superius
1497 768 1717 831 dictum
1778 777 1899 839 est,
1960 771 2091 850 ipse
2133 778 2337 832 autem

399 854 854 936 pulchritudinis
884 856 997 916 fuit
1043 862 1276 924 tantae,
1320 862 1387 916 ut
1425 856 1651 934 passim
1680 865 1911 916 amatus
1943 858 2021 916 sit
2050 873 2081 915 a
2114 873 2329 934 proca·
2382 875 2409 916 5

402 940 664 1002 eioribus
691 941 948 1002 feminis,
1025 939 1349 1002 nonnullae
1382 942 1557 1002 etiam
1589 947 1951 1020 optauerunt
1982 940 2056 1000 de
2088 958 2161 1001 eo
2193 959 2336 1001 eon·
2510 962 2512 1054 4

335 1033 366 1082 2
403 1028 622 1107 cipere.
702 1025 1081 1105 proceritatis
1141 1025 1459 1087 uidebatur
1517 1044 1697 1105 posse
1737 1025 1899 1086 illius
1944 1043 2103 1094 esse,
2166 1032 2236 1086 ut
2264 1025 2339 1087 ad

399 1119 710 1191 paternam
736 1119 1020 1173 staturam
1049 1112 1430 1190 perueniret,
1466 1112 1517 1172 si
1548 1111 1787 1189 quidem
1818 1130 1974 1172 anno
2004 1112 2338 1172 uicensimo

403 1204 463 1257 et
489 1199 686 1276 primo
713 1199 898 1277 perit,
960 1198 1023 1256 in
1051 1199 1187 1276 ipso
1217 1196 1368 1257 flore
1398 1197 1755 1266 inuentum,
1816 1203 1883 1284 ut
1924 1195 2105 1274 aliqui
2135 1203 2337 1257 autem

400 1281 604 1343 dicunt
633 1290 846 1344 octauo
875 1281 1137 1352 decimo,
1181 1281 1401 1343 litteris
1446 1289 1504 1342 et
1535 1281 1779 1342 Graecis
1810 1292 1869 1342 et
1898 1281 2125 1343 Latinis
2155 1281 2330 1342 inbu-
2366 1300 2415 1340 ιο

332 1379 364 1427 3
399 1375 494 1428 tus
525 1367 595 1428 ad
619 1369 878 1446 primam
901 1367 1291 1447 disciplinam.
1342 1385 1477 1428 nam
1507 1385 1649 1429 usus
1682 1375 1773 1428 est
1803 1369 2089 1446 magistro
2103 1366 2335 1428 Graeco

398 1451 730 1514 litteratore
761 1450 1018 1523 Fabillo,
1059 1454 1246 1521 'euius
1306 1454 1730 1532 epigrammata
1761 1452 1986 1516 Graeca
2044 1451 2234 1512 multa
2277 1459 2339 1513 et

328 1548 362 1595 4
400 1545 629 1607 extant,
689 1539 947 1598 maxime
995 1539 1062 1597 in
1111 1537 1469 1616 imaginihus
1498 1539 1687 1616 ipsius
1717 1539 1913 1618 pueri.
1990 1539 2091 1618 qui
2118 1555 2336 1598 uersus

399 1621 660 1684 Graecos
690 1623 833 1683 fecit
864 1641 937 1683 ex
965 1621 1085 1682 illis
1116 1622 1343 1684 Latinis
1375 1622 1639 1701 Vergilii,
1686 1641 1821 1683 cum
1849 1624 2045 1702 ipsum
2078 1641 2334 1703 puerum

396 1706 768 1768 describeret
785 1727 798 1767 :
2368 1724 2417 1764 15

188 1790 397 1870 ξξξξθξξῑ
612 1791 814 1864 Qualis
846 1791 949 1855 ubi
980 1792 1201 1854 Oceani
1231 1794 1512 1873 perfusus
1542 1792 1756 1854 lucifer
1786 1793 1943 1854 unda

610 1877 821 1940 extulit
863 1896 930 1939 os
962 1896 1199 1939 sacrum
1231 1878 1395 1939 caelo
1426 1877 1825 1956 tenebrasque
1856 1877 2124 1946 resoluit,

603 1963 740 2024 talis
770 1971 899 2024 erat
926 1964 1159 2025 iuuenis
1189 1965 1384 2044 patrio
1416 1964 1525 2025 suh
1558 1967 1801 2025 nomine
1832 1963 2044 2025 clarus,
2514 1940 2516 2042 l

328 2060 360 2108 5
397 2047 796 2110 Grammatico
829 2048 1038 2110 Latino
1067 2067 1214 2110 usus
1257 2057 1348 2110 est
1377 2048 1755 2119 Philemone,
1799 2050 1947 2110 iuris
1977 2049 2171 2128 perito
2203 2049 2332 2110 Mo-

396 2133 648 2204 destino,
681 2141 920 2195 oratore
949 2134 1202 2206 Titiano,
1247 2134 1369 2196 filio
1397 2134 1617 2196 Titiani
1644 2135 1916 2203 senioriS,
1952 2135 2053 2212 qui
2084 2136 2337 2213 prouin·
2370 2150 2421 2190 πο

398 2219 622 2282 ciarum
680 2219 870 2280 libros
926 2219 1371 2299 pulcherrimos
1419 2220 1659 2299 scripsit
1720 2227 1779 2280 et
1837 2221 1940 2298 qui
2001 2218 2195 2280 dictus
2240 2227 2335 2282 est

395 2305 566 2366 simia
593 2306 884 2383 temporis
916 2305 1041 2373 sui,
1104 2305 1262 2383 quod
1294 2312 1504 2366 cuneta
1536 2312 1694 2365 esset
1722 2306 2003 2367 imitatus
2038 2303 2249 2365 habuit
2281 2313 2341 2366 et

330 2402 362 2450 6
399 2388 690 2451 Graecum
721 2388 1028 2450 rhetorem
1057 2390 1407 2468 Eugamium
1448 2391 1540 2450 sui
1581 2391 1872 2469 temporis
1914 2390 2157 2451 clarum.
2220 2389 2337 2450 De-

399 2492 619 2553 sponsa
648 2473 734 2534 illi
767 2481 896 2536 erat
934 2474 1104 2536 Iunia
1141 2474 1394 2545 Fadilla,
1438 2476 1752 2554 proneptis
1793 2475 2106 2543 Antonini3
2157 2491 2337 2552 quam

397 2566 606 2639 postea
650 2561 880 2639 accepit
920 2559 1237 2629 Toxotius,
1300 2560 1565 2627 eiusdem
1608 2558 1865 2621 familiae
1897 2567 2167 2629 senator,
2226 2561 2330 2640 qui
2364 2576 2418 2616 25

397 2646 558 2724 perit
626 2652 764 2724 post
829 2651 1202 2724 praeturam,
1275 2647 1442 2707 cuius
1513 2647 1691 2706 etiam
1763 2651 2036 2724 poemata
2110 2650 2334 2706 extant.

333 2748 364 2797 7
401 2738 747 2791 manserunt
791 2738 988 2792 autem
1029 2731 1185 2810 apud
1229 2748 1361 2791 eam
1404 2749 1573 2793 arrae
1602 2731 1834 2808 regiae,
1882 2746 2033 2808 quae
2064 2730 2215 2790 tales
2250 2728 2343 2810 (ut

399 2815 601 2878 Iunius
642 2815 871 2878 Cordus
912 2814 1200 2893 loquitur,
1257 2815 1465 2878 harum
1513 2834 1717 2877 rerum
1748 2817 2121 2895 persecutor)
2147 2816 2341 2876 fuisse

536 3040 567 3088 3
593 3037 926 3088 Maximinus
949 3037 1133 3088 iunior
1156 3037 1248 3091 om.
1275 3037 1443 3087 BPM
1546 3038 1581 3086 4
1606 3035 1671 3086 de
1698 3053 1791 3088 om.
1814 3035 1916 3086 BP
2024 3032 2167 3102 ipse]
2196 3035 2348 3085 filius

402 3105 470 3155 M
574 3107 606 3155 5
631 3106 1037 3170 procatioribus
1061 3105 1165 3156 BP
1283 3107 1315 3155 6
1341 3105 1662 3171 optauerint
1686 3105 1737 3154 P
1755 3111 1793 3155 t.
1820 3104 1969 3158 Iord.
2096 3107 2126 3154 7
2152 3119 2347 3169 proce-

401 3174 478 3223 ris
502 3170 580 3222 P¹
719 3171 1080 3224 12fabi11aB¹
1103 3171 1328 3224 Fabssio
1352 3174 1419 3224 M
1527 3177 1584 3222 et
1609 3188 1703 3223 om.
1732 3173 1795 3222 M
1906 3174 1970 3222 14
1992 3171 2159 3221 latini
2181 3171 2355 3222 BPM

539 3241 601 3291 17
636 3257 668 3291 o
695 3256 833 3292 saer.
859 3241 935 3291 B¹
1097 3244 1160 3294 18
1196 3239 1399 3308 patrio]
1437 3241 1611 3307 primo
1635 3240 1702 3292 M
1861 3243 1925 3292 19
1957 3239 2209 3290 filemone
2244 3239 2353 3290 BP

401 3308 723 3360 Philomone
749 3311 812 3360 M
957 3312 1024 3361 20
1049 3309 1266 3360 seniore
1293 3310 1460 3360 BPM
1598 3310 1667 3359 22
1691 3309 1943 3358 imitatus
1970 3311 2121 3359 esset
2146 3309 2210 3359 M

402 3379 468 3428 23
494 3377 768 3427 rethorem
790 3377 895 3427 BP
1046 3377 1385 3442 desponsata
1412 3377 1479 3428 M
1618 3379 1687 3427 24
1718 3376 1913 3427 antoni
1936 3376 2044 3426 BP
2182 3379 2247 3428 27
2277 3393 2346 3427 ea

402 3445 506 3495 BP
639 3445 785 3494 tales
811 3445 1037 3495 fuerunt
1060 3472 1126 3481 ——
1150 3445 1259 3510 loq.
1288 3461 1356 3496 ex
1379 3446 1451 3495 iis
1476 3445 1572 3510 qui
1594 3445 1787 3495 harum
1814 3445 1879 3494 M
1992 3445 2059 3494 28
2084 3459 2346 3510 persecu-

399 3519 554 3564 tores
578 3511 682 3563 BP
703 3517 1145 3578 perscrutatores
1169 3513 1235 3562 M
