2517 3884
331 180 668 237 TREBELLII
705 180 1050 238 POLLIONlS
1093 133 1446 237 VALERIANI
1484 180 1629 240 DVO.
1717 182 1772 238 C.
1807 186 1973 239 1—-5,
2061 177 2144 241 69

203 356 378 419 sunt,
411 348 650 428 quando
681 348 1026 409 uincuntur.
1116 366 1223 426 age
1257 349 1438 427 igitur
1469 356 1535 409 ut
1564 347 1917 428 prudentem
1952 349 2140 420 decet,
2180 361 2212 408 2

199 452 322 495 nec
352 434 588 495 fortuna
611 432 670 493 te
691 431 1038 504 inflammet,
1075 450 1226 511 quae
1255 433 1476 495 multos
1508 434 1760 513 decepit.
1796 433 2143 496 Valerianus

203 526 266 581 et
313 516 501 579 filium
552 520 979 597 imperatorem
1030 517 1212 581 habet
1255 526 1316 579 et
1355 525 1633 599 nepotem
1688 518 2029 591 Caesarem,
2086 530 2145 581 et

198 603 350 685 quid
379 604 452 665 ad
484 620 723 665 omnem
756 603 965 665 orbem
996 603 1359 676 Romanum,
1403 606 1503 684 qui
1538 612 1744 666 contra
1777 611 1835 666 te
1864 612 2023 666 totus
2051 607 2141 673 in,-

144 700 174 743 5
199 690 452 769 surget?
493 689 679 751 redde
723 690 906 767 igitur
936 688 1314 751 Valerianum
1350 697 1408 751 et
1435 690 1529 751 fac
1560 709 1697 751 cum
1728 690 2009 751 Romanis
2038 710 2141 771 pa-
2179 698 2211 747 3

199 794 358 847 cem,
393 774 570 835 nobis
601 776 777 835 etiam
810 774 887 835 oh
917 780 1132 853 gentes
1161 775 1439 836 Ponticas
1469 776 1909 854 profuturamf‘

330 860 676 922 Artabastes
703 878 812 921 rex
841 860 1257 922 Armeniorum
1287 859 1464 921 talem
1494 859 1570 920 ad
1602 860 1889 939 Saporem
1920 862 2137 945 episto·
2170 854 2211 920 3
2248 855 2327 943 (6)

194 945 322 1009 lam
353 947 546 1005 misit:
594 946 702 1016 „ln
732 952 965 1024 partem
996 944 1222 1023 gloriae
1251 946 1465 1016 uenio,
1498 945 1603 1005 sed
1634 964 1882 1016 uereor,
1914 964 1992 1007 ne
2022 966 2143 1007 non

193 1040 322 1093 tam
356 1031 578 1091 uiceris
607 1049 786 1111 quam
834 1027 991 1090 bella
1031 1030 1283 1091 seueris.
1359 993 1741 1091 Valerianum
1774 1038 1833 1091 et
1860 1031 2017 1093 filius
2049 1050 2142 1093 re·
2180 1040 2211 1087 2

117 1132 170 1170 10
193 1118 354 1196 petit
385 1122 448 1175 et
478 1129 666 1195 nepos
696 1121 756 1175 et
785 1114 968 1177 duces
997 1114 1249 1177 Romani
1292 1124 1351 1177 et
1393 1116 1585 1177 omnis
1627 1114 1815 1177 Gallia
1858 1123 1916 1177 et
1950 1118 2143 1177 omnis

192 1202 402 1263 Africa
449 1206 508 1261 et
539 1202 732 1263 omnis
771 1200 1055 1280 Hispania
1097 1209 1156 1262 et
1187 1202 1383 1261 omnis
1412 1200 1575 1262 Italia
1606 1208 1666 1261 et
1696 1220 1905 1262 omnes
1934 1208 2144 1279 gentes

193 1304 355 1367 quae
388 1287 620 1347 suntin
652 1284 890 1365 Illyrico
932 1292 1110 1364 atque
1151 1286 1222 1347 in'
1257 1287 1489 1348 oriente
1532 1294 1595 1347 et
1632 1288 1695 1347 in
1725 1286 1945 1357 Ponto,
1990 1304 2143 1366 quae

193 1390 342 1434 cum
385 1369 673 1433 Romanis
726 1373 1108 1432 consentiunt
1149 1379 1251 1433 aut
1292 1371 1699 1433 Romanorum
1740 1378 1893 1441 sunt.
1954 1390 2143 1432 unum
2178 1380 2210 1430 3

195 1474 350 1537 ergo
395 1474 600 1516 senem
645 1458 856 1536 cepisti
901 1462 960 1516 et
1003 1475 1213 1518 omnes
1253 1464 1465 1535 gentes
1505 1456 1669 1525 orbis
1711 1466 2007 1519 terrarum
2050 1459 2139 1518 in-

115 1557 166 1599 15
190 1542 557 1604 festissimas
585 1541 696 1602 tibi
721 1542 947 1611 fecisti,
989 1542 1264 1603 fortassis
1308 1550 1369 1603 et
1400 1541 1601 1610 nobis,
1649 1544 1749 1620 qui
1780 1541 2005 1603 auxilia
2026 1544 2139 1602 mi-

192 1630 420 1697 simus,
465 1627 566 1706 qui
605 1627 786 1688 uicini
817 1644 1048 1697 sumne,
1097 1629 1198 1705 qui
1229 1645 1469 1708 semper
1500 1626 1677 1688 uobis
1704 1628 1861 1688 inter
1890 1646 2001 1689 uos
2030 1646 2139 1707 pu-

189 1711 524 1793 gnantibus
559 1710 968 1773 laboramusff‘

327 1798 610 1859 Bactrani
641 1804 700 1857 et
727 1796 935 1858 Hiberi
977 1802 1036 1857 et
1063 1795 1275 1858 Albani
1317 1805 1375 1858 et
1406 1797 1852 1876 Tauroscythae
1896 1797 2139 1895 Saporis
2168 1790 2211 1855 4
2244 1790 2325 1875 (7)

187 1883 432 1945 litteras
471 1901 593 1943 non
632 1889 996 1961 receperunt
1035 1881 1140 1943 sed
1185 1880 1256 1942 ad
1304 1882 1605 1943 Romanos
1647 1882 1832 1943 duces
1878 1884 2136 1961 scripse-

113 1986 164 2026 20
191 1976 342 2029 runt
373 1965 593 2029 auxilia
621 1966 975 2048 pollicentes
1004 1967 1079 2027 ad
1103 1966 1478 2076 Valerianum
1512 1966 1606 2027 de
1617 1968 1955 2045 captiuitate
1987 1966 2134 2027 libe-

193 2052 486 2116 randum.

330 2137 452 2199 Sed
496 2136 810 2199 Valeriano
851 2136 1009 2217 apud
1050 2136 1265 2198 Persas
1316 2144 1783 2197 consenescente
1835 2135 2139 2197 Odenatus
2174 2144 2205 2191 2

189 2222 594 2303 Palmyrenus
625 2222 874 2283 collecto
907 2222 1179 2302 exercitu
1207 2239 1337 2281 rem
1370 2219 1696 2282 Romanam
1725 2237 1915 2300 prope
1937 2223 1997 2281 in
2018 2224 2138 2300 pri-

191 2311 426 2370 stinum
451 2315 670 2370 statum
700 2307 976 2368 reddidit.
1021 2308 1182 2387 cepit
1209 2307 1371 2385 regis
1396 2305 1726 2375 thesauros,
1761 2308 1919 2386 cepit
1941 2308 2154 2386 etiam,
2176 2317 2207 2364 3

115 2412 167 2453 25
193 2410 355 2472 quas
381 2392 684 2454 thesauris
707 2394 968 2453 cariores
990 2392 1214 2453 habent
1242 2410 1419 2471 reges
1442 2390 1721 2461 Parthici,
1754 2391 2133 2453 concubinas,

192 2497 393 2558 quare
435 2480 624 2557 magis
667 2476 1066 2539 reformidans
1115 2476 1419 2538 Romanos
1464 2476 1651 2537 duces
1690 2476 1881 2556 Sapor
1926 2479 2137 2539 timore
2172 2485 2207 2534 4

191 2562 484 2627 Ballistae
517 2570 694 2642 atque
733 2562 1028 2623 Odenati
1012 2580 1074 2622 m
1106 2580 1359 2641 regnum
1390 2580 1566 2623 suum
1596 2563 1761 2625 ocius
1794 2580 1858 2623 se
1888 2565 2133 2681 recepit.

193 2658 384 2728 atque
417 2648 514 2721 hic
543 2649 782 2709 interim
814 2648 948 2709 finis
979 2646 1122 2708 belli
1151 2649 1266 2709 fuit
1295 2647 1540 2709 Persici.
2223 2650 2229 2655 '

331 2734 494 2794 Haec
536 2742 674 2795 sunt
713 2732 888 2811 digna
921 2734 1162 2811 cognitu
1199 2732 1274 2793 de
1310 2731 1646 2803 Valeriano,
1694 2732 1862 2792 cuius
1890 2749 2001 2810 per
2033 2749 2135 2791 an·
2170 2729 2213 2796 5
2244 2726 2325 2808 (1)

26 2846 28 2849 >
119 2836 172 2879 ao
197 2837 320 2880 nos
350 2820 656 2896 sexaginta
677 2819 801 2879 uita
824 2816 1134 2879 laudabilis
1167 2819 1232 2877 in
1268 2834 1398 2878 eam
1429 2816 1860 2878 conscenderat
1888 2814 2140 2895 gloriam

193 2913 264 2965 ut
306 2911 446 2985 post
491 2921 700 2965 omnes
741 2903 1006 2964 honores
1044 2910 1102 2963 et
1142 2905 1523 2982 magistratus
1573 2902 1884 2979 insigniter
1936 2908 2139 2979 gestos

189 2992 530 3069 imperator
571 2989 769 3059 tieret,
818 3006 971 3059 non,
1012 2996 1080 3049 ut
1111 2988 1295 3057 solet,
1338 2988 1725 3049 tumultuario
1760 2985 1967 3065 populi
1998 3005 2137 3047 con-

195 3092 414 3143 cursu,
449 3092 570 3135 non
600 3073 854 3136 militum
886 3074 1171 3152 strepitu,
1205 3072 1312 3135 sed
1340 3075 1469 3133 iure
1499 3069 1851 3133 meritorum
1882 3078 1941 3132 et
1972 3074 2139 3152 quasi

188 3288 268 3360 ff
333 3244 368 3294 ⁵
391 3257 650 3361 {imam
673 3240 764 3360 {¹1
869 3238 1226 3363 50P23t2¹1⁰³³3
1252 3240 1509 3361 ‘’Zssffl
1532 3258 1715 3361 Ἧι(
1748 3240 2141 3373 ῗεῗῖξῗέῗῆθῗ

191 3378 325 3442 uid.)
463 3326 858 3429 ffrflgzfflmus
881 3326 984 3429 B¹S
1081 3326 1347 3429 lgffizini
1369 3376 1497 3429 BP¹
1634 3326 2062 3443 tauzhsscythae
2086 3328 2139 3425 ΕΒ

333 3449 404 3499 20
426 3446 843 3498 deliberandum
863 3445 935 3497 B¹
1076 3448 1140 3497 22
1167 3451 1569 3499 consenecente
1594 3448 1647 3497 P
1718 3517 1722 3520 ,
1754 3447 2063 3497 odeonatus
2087 3444 2140 3493 B

333 3517 404 3566 24
429 3515 614 3581 coepit
637 3513 689 3564 B
791 3518 857 3567 25
881 3514 1164 3566 chariores
1185 3513 1289 3567 BP
1387 3516 1537 3582 regis
1553 3516 1717 3567 BPM
1814 3516 1881 3565 27
1907 3510 2139 3563 otiusB¹
