2517 3884
738 185 1112 244 ANTONINVS
1155 185 1317 242 PIVS.
1378 185 1434 241 C.
1466 189 1633 242 3—·6.
2062 179 2143 244 37

217 356 314 432 qui
359 363 572 433 postea
603 354 792 414 Verus
820 355 1156 414 Antoninus
1201 358 1291 412 est
1332 353 1543 414 dictus.
1593 351 1905 431 adoptatus
1959 363 2047 413 est
2080 355 2141 413 V.
2184 359 2215 406 6

213 440 292 500 kl.
325 440 502 500 Mart.
537 438 652 498 die.
688 440 750 498 in
779 445 989 498 senatu
1020 439 1240 515 gratias
1272 454 1471 516 agens,
1507 437 1662 537 quod
1696 437 1770 497 de
1801 456 1864 497 se
1894 439 1975 497 ita
2007 455 2145 497 sen-

217 528 396 586 sisset
425 523 766 584 Hadrianus
785 522 856 562 *ss
899 523 1210 600 factusque
1243 531 1333 582 est
1359 525 1517 603 patri
1550 529 1609 582 51
1636 524 1699 582 111
1728 524 1981 601 imperio
2004 541 2145 622 pro·
2184 530 2215 579 7

217 608 521 670 consulari
563 617 624 669 et
661 610 724 668 in
767 607 1082 668 tribunicia
1133 614 1430 686 potestate
1486 607 1729 685 colleg-‚a
1806 607 1983 668 huius
2024 609 2145 686 pri·
2182 614 2217 664 8

175 710 379 755 smum
425 692 542 754 hoc
583 695 774 754 fertur
815 675 1006 771 quod,
1042 711 1174 752 cum
1220 710 1407 752 uxore
1450 701 1801 770 argueretur
1834 695 2000 782 quasi
2040 712 2143 771 pa-

217 798 353 840 rum
378 779 586 839 nescio
611 778 752 855 quid
777 779 901 838 suis
921 777 1199 854 largiens,
1217 777 1505 847 dixerim,
1511 778 1743 848 ,‚Stulta
1760 785 2149 856 posteaquam

219 865 292 924 ad
333 865 661 942 imperium
705 864 1126 932 transiuimus,
1174 869 1233 922 et
1272 860 1420 923 illud
1465 863 1621 939 quod
1662 861 1978 928 habuimus
2010 870 2148 924 ante

219 948 636 1028 perdidimus!
646 957 660 979 ⁶
705 949 1074 1024 congiarium
1107 947 1395 1008 militibus
1426 965 1503 1008 ac
1532 947 1752 1026 populo
1797 947 1871 1008 de
1902 949 2147 1027 proprio
2184 954 2215 1003 9

220 1034 381 1094 dedit
413 1041 472 1094 et
503 1051 572 1094 ea
615 1049 766 1109 quae
805 1039 979 1112 pater
1021 1034 1399 1111 promiserat.
1451 1040 1509 1092 et
1552 1033 1625 1092 ad
1655 1051 1837 1110 opera
1867 1032 2251 1093 Hadriani'lo

153 1135 197 1174 ιο
223 1119 544 1198 plurimum
577 1117 826 1179 contulit
855 1124 915 1178 et
945 1135 1156 1178 aurum
1190 1118 1587 1186 coronarium,
1620 1117 1777 1197 quod
1812 1117 2149 1196 adoptionis

219 1222 360 1265 suae
392 1221 568 1264 causa
601 1201 862 1263 oblatum
891 1203 1104 1272 fuerat,
1123 1201 1343 1263 Italicis
1373 1210 1583 1271 totum‚
1616 1202 1877 1264 medium
1906 1204 2148 1282 prouin-

219 1287 469 1350 cialibus
499 1286 778 1348 reddidit

343 1374 420 1434 Et
449 1375 622 1452 patri,
658 1392 791 1433 cum
823 1372 1135 1442 aduixerit,
1168 1371 1621 1448 religiosissime
1651 1349 1867 1450 paruit.
1918 1371 2023 1432 sed
2038 1370 2152 1432 Ha·
2182 1364 2225 1430 5

219 1459 430 1520 driano
461 1457 617 1537 apud
649 1458 824 1518 Baias
855 1464 1092 1518 mortuo
1124 1455 1411 1534 reliquias
1442 1458 1569 1517 eius
1598 1456 1847 1517 Romam
1876 1459 2153 1543 peruexit

151 1557 196 1596 15
221 1552 424 1606 sancte
453 1561 522 1604 ac
553 1549 908 1604 reuerenter
939 1550 1117 1619 atque
1145 1543 1208 1602 in
1251 1541 1441 1602 1101115
1472 1542 1761 1602 Domitiae
1794 1537 2145 1624 conlocauit,

222 1630 400 1688 etiam
459 1626 932 1706 repugnantibus
992 1628 1224 1687 cunctis
1283 1628 1441 1687 inter
1500 1626 1673 1687 diuos
1734 1645 1869 1688 eum
1900 1626 2143 1687 rettulit.

219 1730 469 1774 uxorem
503 1712 842 1772 Faustinam
875 1715 1198 1788 Augustam
1230 1710 1517 1791 appellari
1546 1732 1578 1773 a
1610 1719 1820 1773 senatu
1850 1713 2142 1790 permisit.
2184 1721 2215 1768 2

219 1799 309 1859 Pii
339 1795 800 1877 appellationem
832 1799 1080 1875 recepit.
1115 1799 1271 1876 patri
1302 1803 1361 1856 et
1392 1798 1568 1856 matri
1592 1804 1765 1874 atque
1790 1799 1921 1857 auis
1948 1803 2007 1856 et
2028 1797 2147 1856 fra-

219 1882 416 1944 tribus
447 1884 564 1942 iam
594 1883 847 1943 mortuis
877 1889 1100 1942 statuas
1132 1882 1405 1943 decretas
1447 1880 1703 1943 libenter
1735 1883 1981 1960 accepit.
2032 1883 2147 1942 cir-

149 1981 195 2021 20
221 1987 437 2029 censes
470 1967 649 2028 natali
683 1986 791 2028 suo
823 1967 1050 2028 dicatos
1094 1985 1214 2027 non
1255 1968 1488 2045 respuit
1534 1967 1665 2027 aliis
1695 1965 2024 2027 honoribus
2053 1985 2149 2026 re-

219 2054 445 2114 futatis.
511 2052 764 2130 clipeum
797 2051 1098 2112 Hadriano
1148 2053 1796 2129 magnificentissimum
1849 2052 2049 2130 posuit
2092 2058 2152 2110 et

221 2137 568 2198 sacerdotes
608 2137 876 2197 instituit.
969 2138 1158 2198 factus
1197 2139 1523 2221 imperator
1564 2136 1708 2197 nulli
1752 2154 1957 2196 eorum
2002 2154 2149 2214 quos
2187 2145 2219 2193 3

218 2222 557 2283 Hadrianus
600 2229 963 2300 prouexerat
1001 2239 1413 2283 successorem
1444 2221 1607 2281 dedit
1636 2221 1863 2297 fuitque
1898 2238 1965 2282 ea
2008 2239 2150 2280 con-

220 2309 442 2368 stantia
480 2314 548 2367 ut
589 2307 854 2386 septenis
901 2314 958 2367 et
1001 2308 1254 2368 nouenis
1296 2307 1466 2367 annis
1486 2307 1557 2366 in
1601 2307 1931 2385 prouinciis
1958 2305 2151 2366 bonos

149 2405 196 2446 25
217 2390 534 2473 praesides
563 2391 880 2452 detineret.
928 2410 1036 2488 per
1065 2391 1292 2470 legatos
1324 2410 1463 2452 suos
1492 2390 1747 2470 plurima
1769 2389 1917 2452 bella
1944 2392 2147 2468 gessit.
2187 2400 2221 2447 4

221 2495 362 2538 nam
419 2483 480 2536 51
529 2477 831 2538 Brittanos
888 2478 1000 2555 pe'r
1050 2476 1305 2537 Lollium
1364 2476 1643 2538 Vrbicum
1696 2479 1842 2536 uicit
1894 2475 2151 2554 legatum

219 2560 339 2622 alio
369 2579 542 2622 muro
585 2563 889 2640 cespiticio
931 2563 1242 2622 summotis
1280 2561 1551 2622 barbaris
1596 2561 1793 2631 ducto,
1831 2567 1889 2622 et
1918 2562 2152 2622 Mauros

222 2646 294 2706 ad
337 2664 550 2726 pacem
592 2645 1006 2725 postulandam
1051 2647 1247 2724 coegit
1292 2653 1351 2706 et
1395 2646 1723 2707 Germanos
1770 2654 1829 2706 et
1868 2647 2058 2707 Dacos
2094 2651 2154 2704 et

221 2730 442 2792 multas
501 2737 710 2808 gentes
769 2738 941 2810 atque
979 2731 1234 2792 Iudaeos
1294 2730 1656 2792 rebellantes
1716 2731 1985 2792 contudit
2041 2748 2152 2808 pei

149 2828 196 2867 30
221 2816 534 2894 praesides
565 2834 634 2876 ac
672 2814 919 2894 legatos.
967 2817 1030 2877 in
1068 2815 1284 2877 Achaia
1330 2817 1504 2876 etiam
1549 2823 1725 2893 atque
1755 2816 2018 2895 Aegypto
2052 2833 2146 2874 15-
2188 2823 2219 2872 5

221 2901 517 2962 belliones
547 2903 856 2980 repressit.
904 2899 1122 2962 Alanos
1151 2901 1449 2962 molientis
1480 2919 1671 2980 saepe·
1690 2901 2035 2978 refrenanit.

349 2987 781 3047 Procuratores
812 3003 954 3046 suos
986 2994 1046 3046 et
1085 2986 1355 3046 modeste
1387 2987 1692 3065 suscipere
1726 2985 1942 3045 tributa
1973 2986 2151 3046 iussit
2182 2981 2223 3045 6

323 3173 354 3220 2
391 3171 481 3221 die
517 3171 685 3222 BPM
710 3173 764 3222 in
798 3171 849 3221 B
881 3188 994 3236 sup.
1031 3173 1117 3222 lin.
1165 3173 1291 3224 fort.
1326 3171 1454 3221 dein
1612 3173 1642 3221 3
1679 3179 1803 3235 post
1835 3171 2155 3221 Hadrianus
2226 3167 2229 3170 ’

220 3241 449 3288 lacunam
469 3241 755 3304 siynificauz'
890 3243 921 3290 5
955 3241 1025 3290 ab
1049 3255 1220 3289 uxore
1245 3239 1305 3288 M
1338 3255 1477 3290 uxor
1498 3239 1835 3290 Mommsenus
1971 3242 1999 3288 7
2027 3238 2153 3287 illut

217 3306 272 3355 B
375 3309 407 3358 8
433 3322 501 3356 ac
525 3310 670 3358 deest
691 3312 744 3358 in
767 3307 868 3357 BP
971 3310 1035 3358 10
1060 3307 1242 3371 quoad
1266 3305 1402 3358 P³M
1515 3309 1578 3357 13
1603 3307 1897 3357 adduxerit
1920 3306 1971 3356 B
1996 3305 2151 3356 adui-

219 3373 374 3436 xitlls
394 3377 445 3424 P
464 3375 608 3424 uixit
634 3376 696 3424 M
719 3375 846 3424 dum
871 3375 1087 3424 aduixit
1111 3374 1152 3424 S
1255 3377 1319 3426 15
1344 3390 1411 3424 ac
1433 3377 1485 3424 in
1509 3375 1562 3424 B
1584 3391 1697 3439 sup.
1722 3379 1808 3428 lin.
1925 3376 1987 3422 16
2015 3373 2153 3420 duos

221 3440 286 3490 Ρί
431 3443 494 3492 18
519 3443 722 3508 recipit
746 3443 796 3492 B
935 3444 1000 3492 26
1023 3442 1268 3507 legatum
1292 3443 1431 3492 uicit
1452 3443 1512 3492 M
1636 3445 1700 3492 29
1727 3438 1998 3503 contudit]
2028 3440 2073 3488 it
2098 3441 2150 3486 in

222 3509 275 3558 B
299 3513 350 3560 in
373 3527 482 3564 ras,
621 3514 687 3562 30
712 3517 1011 3576 aegyptum
1034 3509 1162 3560 B¹P
1183 3527 1298 3564 exe.
1438 3513 1500 3561 31
1526 3509 1815 3560 molientes
1839 3509 1953 3558 PM
