2517 3884
797 183 1108 245 SEVERVS.
1197 184 1253 244 C.
1298 191 1472 245 4-7,
1959 255 1962 258 ,
1988 183 2112 251 129

172 353 262 415 uel
291 351 611 414 occidendi
640 349 853 413 Iuliani
884 351 1046 413 dedit
1074 353 1396 432 statimque
1428 353 1668 416 auditus
1699 365 1808 416 est.
1875 374 2014 416 nam
2047 363 2108 417 et
2145 363 2212 415 10

172 438 431 502 Iulianus
462 439 699 499 occisus
732 443 823 498 est
850 439 915 497 in
944 437 1189 508 Palatio,
1224 446 1286 498 et
1316 438 1582 500 Seuerus
1611 439 1862 502 Romam
1890 443 2107 503 inuita-

171 533 277 585 tus,
338 525 441 595 ita,
476 522 637 603 quod
670 521 818 582 nulli
846 539 1132 600 umquam
1164 525 1442 601 contigit,
1476 532 1626 586 nutu
1656 533 1888 588 tantum
1920 525 2106 588 Seue·
2145 535 2208 584 11

174 629 269 670 rus
298 611 501 670 uictor
532 615 627 670 est
654 608 845 671 factus
876 616 1259 687 armatusque
1289 609 1540 670 Romam
1573 611 1896 672 contendit.

130 707 153 746 5
294 694 511 756 Occiso
553 691 784 754 Iuliano
839 711 978 754 cum
1022 693 1287 771 Seuerus
1336 695 1400 754 in
1453 698 1665 757 castris
1719 706 1780 756 et
1830 698 2110 757 tentoriis
2139 689 2181 756 6

177 780 337 857 quasi
364 797 481 862 per
510 779 807 840 hosticum
838 779 1090 839 ueniens
1121 777 1318 838 adhuc
1347 789 1636 850 maneret,
1673 786 1908 841 centum
1935 799 2108 842 sena·

177 873 327 928 tores
370 865 601 942 legatos
652 862 724 923 ad
768 881 905 924 eum
950 871 1195 924 senatus
1235 865 1398 924 misit
1439 863 1512 924 ad
1555 865 1976 942 gratulandum
2005 885 2107 927 ro-

176 951 569 1029 gandumque.
635 951 738 1026 qui
770 949 824 1008 ei
855 956 1255 1009 occurrerunt
1285 949 1665 1012 Interamnae
1695 958 2109 1031 armatumque
2145 950 2178 1006 2

178 1033 698 1096 circumstantibus
726 1034 972 1094 armatis
1002 1032 1339 1094 salutarunt
1371 1037 1638 1104 excussi,
1684 1053 1762 1095 ne
1793 1036 1936 1116 quid
1965 1037 2113 1098 ferri

112 1133 153 1170 1⁰
176 1119 476 1182 haberent.
544 1126 605 1179 et
632 1126 873 1199 postera
914 1117 1011 1181 die
1055 1121 1435 1180 occurrente
1459 1121 1626 1180 omni·
1661 1120 1962 1182 famulicio
2008 1139 2112 1182 au·
2149 1129 2182 1178 3

176 1206 297 1275 lico,
332 1213 740 1284 septuagenos
769 1205 1017 1264 uicenos
1048 1221 1266 1265 aureos
1297 1203 1510 1281 legatis
1540 1204 1703 1266 dedit
1751 1205 2115 1284 eosdemque
2148 1212 2185 1262 4

176 1292 481 1369 praemisit
508 1291 667 1351 facta
694 1296 1021 1368 potestate,
1068 1290 1120 1349 si
1164 1290 1267 1366 qui
1307 1288 1534 1350 uellent
1573 1307 1887 1351 remanere
1918 1308 1988 1350 ac
2021 1307 2115 1350 se-

178 1395 306 1436 cum
334 1375 589 1436 Romam
622 1369 842 1434 redire.
908 1374 1050 1435 fecit
1082 1376 1257 1435 etiam
1293 1375 1492 1435 statim
1518 1376 1893 1453 praefectum
1935 1393 2112 1454 prae·
2151 1381 2184 1434 5

177 1462 308 1520 torii
358 1460 637 1522 Flauium
687 1457 1067 1528 quenalem,
1118 1477 1299 1537 quem
1343 1461 1520 1521 etiam
1559 1459 1825 1521 Iulianus
1867 1462 2116 1521 tertium

112 1554 155 1592 15
176 1546 544 1624 praefectum
576 1544 691 1606 sibi
718 1543 1152 1621 adsumpserat.
1215 1545 1464 1604 Interim
1493 1543 1720 1606 Romae
1749 1547 1962 1623 ingens
1993 1554 2114 1606 tre·
2152 1551 2186 1601 6

178 1630 395 1708 pidatio
427 1629 686 1691 militum
720 1629 1091 1704 ciuiumque,
1138 1629 1300 1708 quod
1332 1635 1593 1690 armatus
1625 1637 1834 1690 contra
1868 1649 1973 1691 eos
2005 1630 2113 1690 Se·
2163 1637 2168 1644 ‘

180 1734 357 1777 uerus
400 1716 670 1784 ueniret,
718 1715 821 1793 qui
862 1731 927 1774 se
968 1713 1207 1774 hostem
1254 1713 1637 1775 iudicassent.
1715 1715 1820 1775 His
1865 1717 2117 1776 accessit
2153 1721 2184 1774 7

179 1799 328 1878 quod
360 1800 676 1878 comperit,
709 1799 1109 1859 Pescennium
1141 1797 1394 1876 Nigrum
1426 1817 1454 1858 a
1491 1798 1750 1878 Syriacis
1779 1798 2117 1877 legionibus

178 1887 603 1964 imperatorem
648 1881 1028 1962 appellatum.
1094 1885 1266 1944 cuius
1311 1883 1499 1944 edicta
1544 1892 1603 1944 et
1645 1883 1874 1946 litteras
1904 1885 1977 1944 ad
2009 1904 2116 1965 po·
2153 1891 2188 1942 8

112 1980 156 2018 20
180 1969 384 2048 pulum
417 1969 519 2031 uel
550 1975 823 2030 senatum
866 1969 1189 2046 intercepit
1228 1986 1342 2047 per
1388 1986 1491 2030 eos
1523 1971 1627 2044 qui
1658 1971 1825 2030 missi
1855 1970 2114 2039 fuerant,

178 2073 251 2114 ne
293 2053 397 2115 uel
446 2058 936 2134 proponerentur
991 2052 1215 2133 populo
1270 2052 1369 2114 uel
1420 2051 1767 2130 legerentur
1822 2055 1886 2112 in
1928 2055 2113 2114 curia.

181 2138 390 2200 eodem
418 2147 695 2218 tempore
729 2139 905 2198 etiam
939 2137 1013 2197 de
1046 2137 1250 2198 Clodio
1281 2136 1496 2198 Albino
1535 2138 1656 2197 sibi
1697 2137 2116 2198 substituendo
2153 2145 2186 2195 9

180 2226 489 2302 cogitauit,
536 2225 634 2284 cui
675 2223 1097 2284 Caesarianum
1139 2222 1451 2282 dec-retum
1493 2218 1542 2301 †
1584 2229 1689 2282 aut
1743 2222 2116 2283 Commodia-

178 2327 319 2370 num
354 2307 673 2370 uidebatur
703 2309 1044 2387 imperium.
1110 2307 1217 2368 sed
1250 2325 1355 2368 eos
1387 2309 1550 2386 ipsos
1579 2307 2014 2386 pertimescens
2043 2307 2119 2368 de
2158 2316 2222 2365 10

112 2405 157 2444 25
182 2393 401 2471 quibus
454 2401 621 2454 recte
669 2391 969 2454 iudicabat
1016 2391 1384 2453 Heraclitum
1435 2391 1507 2452 ad
1558 2392 1916 2471 optinendas
1959 2392 2115 2454 Brit-

180 2481 400 2548 tania&
454 2478 833 2539 Plautianum
890 2477 963 2537 ad
1018 2476 1394 2556 occupandos
1440 2476 1609 2554 Nigri
1660 2476 1884 2538 liberos
1935 2479 2115 2538 misit.

182 2582 317 2624 cum
348 2563 603 2624 Romam
634 2563 901 2624 Seuerus
930 2563 1225 2632 uenisset,
1271 2563 1686 2640 praetorianos
1729 2581 1862 2623 cum
1909 2562 2118 2624 subar-
2157 2571 2220 2620 11

180 2649 435 2709 malibus
488 2649 755 2709 inermes
799 2647 913 2708 sibi
963 2648 1138 2706 iussit
1191 2665 1530 2707 occurrere.
1616 2647 1859 2708 eosdem
1907 2650 1995 2708 sic
2046 2645 2121 2708 ad

183 2732 447 2795 tribunal
480 2732 722 2794 uocauit
750 2733 995 2793 armatis
1025 2731 1290 2810 undique
1323 2731 1720 2793 circumdatis

116 2829 159 2868 ³0
307 2819 631 2896 Ingressus
660 2817 873 2878 deinde
904 2817 1155 2877 Romam
1198 2823 1462 2878 armatus
1507 2835 1642 2877 cum
1685 2817 1926 2877 armatis
1968 2813 2122 2876 mili·
2155 2808 2194 2874 7

184 2902 342 2964 tibus
374 2901 731 2983 Capitolium
765 2901 1048 2964 ascendit.
1083 2900 1224 2961 inde
1254 2904 1318 2962 in
1352 2900 1642 2962 Palatium
1673 2900 1883 2960 eodem
1915 2899 2123 2962 habitu

185 2990 453 3065 perrexit
480 2985 766 3066 praelatis
812 2989 998 3065 signis
1041 3003 1193 3064 quae
1235 2987 1634 3066 praetorianis
1676 2985 1980 3048 ademerat
2019 3005 2119 3048 su-

186 3074 361 3150 pinis,
396 3090 519 3133 non
553 3075 790 3134 erectis.
852 3079 977 3133 tota
1008 3070 1224 3132 deinde
1257 3071 1408 3132 urbe
1439 3071 1657 3133 milites
1695 3071 1760 3131 in
1789 3070 2030 3152 templis
2058 3073 2121 3134 in
2158 3074 2190 3124 2

285 3245 317 3292 3
340 3224 677 3292 nutuantum
699 3241 751 3290 B
889 3244 953 3293 10
978 3240 1256 3292 famulitio
1279 3241 1383 3290 BP
1519 3243 1579 3290 11
1614 3240 1832 3291 eosdem
1858 3241 1926 3291 M
2058 3243 2122 3292 13

190 3311 361 3372 praef.
384 3314 563 3375 praet.
588 3311 657 3361 M
764 3313 829 3360 23
849 3311 978 3375 fort.
1009 3310 1290 3360 decretum
1313 3309 1424 3358 iam
1449 3325 1482 3358 a
1509 3309 1801 3360 Commodo
1825 3309 2126 3359 uidebatur

187 3378 313 3442 imp.
343 3377 434 3442 (ef.
454 3379 597 3430 clod.
624 3395 667 3431 c.
692 3382 743 3436 3,
770 3381 816 3431 6.
844 3378 955 3442 13).
984 3376 1268 3428 decretum
1293 3393 1324 3426 a
1351 3377 1648 3428 Commodo
1671 3393 1870 3428 nomen
1893 3376 2124 3426 uidebat

189 3449 245 3493 et
268 3446 559 3512 imperium
582 3447 919 3498 Mommsenus
1032 3448 1100 3498 24
1124 3447 1493 3512 pertimesoen
1515 3443 1640 3495 B¹P
1758 3447 1825 3496 26
1851 3459 2125 3509 occupan-

186 3511 291 3565 das
312 3513 365 3564 B
459 3529 466 3535 ·
500 3517 565 3568 31
589 3515 650 3566 in
672 3531 765 3568 om.
792 3515 957 3566 BPM

260 3630 474 3668 sempr.
502 3633 653 3668 ms‘r.
678 3633 809 3669 Avu.
856 3618 899 3669 1.
1103 3627 1109 3634 '
1692 3595 1746 3684 9!
1771 3629 1776 3634 “
