2517 3884
312 174 399 240 30
1007 129 1147 235 IVLI¹
1182 177 1553 235 CAPITOLlNl

249 358 280 409 7
316 348 454 417 fuit,
504 364 681 426 quam
725 344 985 425 Philippi
1024 344 1400 425 temporibus
1441 351 1644 405 uester
1683 344 1863 425 fiscus
1903 346 2144 407 inuasit.
2189 350 2254 409 in

318 452 433 511 qua
474 433 710 513 pictura
764 433 941 492 etiam
991 449 1153 491 nunc
1210 431 1593 491 continentur
1633 431 1799 491 cerui
1845 430 2093 509 palmati
2139 431 2251 493 du-

318 520 476 579 centi
535 518 739 578 mixtis
796 518 1149 586 Brittannis,
1198 517 1339 593 equi
1396 516 1511 575 feri
1567 516 1841 593 triginta,
1905 534 2053 578 oues
2083 518 2252 579 ferae

316 610 587 677 centum,
635 602 793 664 alces
824 602 1031 662 decem
1050 648 1066 671 ,
1098 603 1253 662 tauri
1287 600 1558 680 Cypriaci
1591 608 1860 671 centum,
1921 604 2255 664 strutiones

314 689 507 751 Mauri
532 689 762 749 miniati
788 688 1063 756 trecenti,
1099 688 1308 765 onagri
1335 688 1613 764 triginta,
1647 688 1779 765 apri
1809 695 2049 748 centum
2081 691 2256 765 quin·
2308 701 2342 742 5

247 784 279 833 8
315 775 625 854 quaginta,
684 773 875 834 ibices
906 771 1177 842 ducenti,
1236 771 1508 833 dammae
1537 770 1798 833 ducenti.
1873 772 2024 833 haec
2055 781 2260 834 autem

316 860 513 921 omnia
543 857 767 938 populo
797 858 1087 938 rapienda
1130 858 1426 919 concessit
1469 856 1564 917 die
1597 858 1892 927 muneris,
1925 859 2088 935 quod
2122 878 2260 921 sex·

312 953 438 1007 tum
476 943 707 1005 edebat.

242 1026 285 1090 4
442 1029 797 1091 Praeturam
841 1028 1101 1090 nobilem
1145 1028 1351 1107 gessit.
1397 1035 1534 1106 post
1572 1028 1722 1088 iuris
1753 1027 2080 1089 dictionem
2112 1046 2258 1090 con-

250 1128 281 1175 2
322 1113 580 1175 sulatum
607 1116 869 1193 primum
899 1116 1033 1175 iniit
1062 1131 1195 1173 cum
1226 1114 1525 1173 Antonino
1557 1112 1879 1182 Caracallo,
1915 1114 2256 1175 secundum
2283 1128 2334 1169 10

324 1218 463 1261 cum
492 1200 883 1277 Alexandro..
926 1199 1112 1260 Filios
1170 1198 1320 1258 duos
1349 1196 1584 1267 habuit,
1645 1196 1813 1259 illum
1871 1198 2258 1261 consularem

323 1287 423 1365 qui
454 1302 590 1345 cum
619 1288 753 1366 ipso
782 1288 1084 1363 Augustus
1114 1282 1458 1362 appellatus
1477 1290 1586 1352 est,
1621 1284 1721 1363 qui
1749 1285 1913 1345 iuxta
1943 1284 2260 1364 Carthagi·

319 1389 458 1431 nem
486 1372 562 1447 ‘in
601 1372 798 1432 Africa
858 1369 1016 1431 bello
1058 1368 1410 1447 absumptus
1451 1374 1575 1437 est,
1639 1378 1697 1429 et
1747 1368 1926 1431 filiam
1968 1370 2263 1431 Maeciam

250 1472 283 1521 3
319 1456 685 1525 Faustinam,
718 1474 873 1535 quae
902 1461 1082 1534 nupta
1116 1461 1206 1515 est
1235 1454 1406 1514 Iunio
1431 1453 1635 1524 Balbo,
1670 1454 1973 1515 consulari
2001 1457 2156 1517 uiro.
2191 1456 2264 1517 ln

322 1539 731 1601 consulatibus
774 1539 993 1601 clarior
1034 1541 1147 1600 ruit
1190 1541 1285 1600 sui
1314 1541 1605 1617 temporis
1636 1539 2014 1611 consulibuS,
2075 1542 2160 1601 ita
2191 1549 2260 1601 ut
2287 1555 2338 1595 1⁵

322 1627 377 1684 ei
391 1627 725 1685 Antoninus
746 1624 1062 1694 inuideret,
1096 1623 1276 1684 modo
1307 1632 1649 1702 praetextas
1680 1626 1828 1695 eiuS,
1861 1625 2040 1687 modo
2071 1625 2262 1688 latum

318 1714 578 1780 clauum,
622 1709 802 1770 modo
832 1711 1135 1771 circenses
1175 1707 1333 1770 ultra
1371 1710 1828 1788 imperatorium
1869 1713 2098 1772 mirans
2127 1730 2261 1772 mo-

250 1811 285 1860 4
320 1795 478 1855 dum.
556 1794 874 1875 palmatam
904 1796 1167 1856 tunicam
1210 1801 1272 1855 et
1299 1802 1497 1872 togam
1529 1797 1747 1875 pictam
1779 1798 2006 1876 primus
2035 1795 2260 1858 Roma-

321 1898 537 1942 norum
566 1881 839 1961 priuatus
872 1898 1039 1941 suam
1068 1881 1377 1959 propriam
1407 1879 1642 1950 habuit,
1707 1900 1842 1942 cum
1884 1890 2022 1942 ante
2063 1884 2260 1961 impe·

319 1974 552 2029 ratores
584 1969 761 2028 etiam
802 1965 902 2027 uel
944 1965 1017 2027 de
1048 1965 1337 2047 Capitolio
1380 1967 1724 2045 acciperent
1763 1966 1862 2027 uel
1905 1967 1977 2027 de
2006 1966 2258 2028 Palatio.
2289 1982 2344 2023 20

250 2068 284 2118 5
321 2069 506 2130 equos
538 2051 767 2113 Siculos
798 2059 1055 2121 centum,
1091 2050 1474 2131 Cappadoces
1504 2058 1744 2112 centum
1768 2052 2260 2130 permittentibus

318 2138 786 2217 imperatoribus
845 2136 1204 2199 factionibus
1264 2136 1484 2198 diuisit.
1564 2144 1623 2198 et
1679 2156 1789 2216 per
1829 2136 1977 2197 haec
2036 2136 2262 2218 populo

252 2239 283 2287 6
321 2224 465 2284 satis
525 2241 728 2293 caruS,
793 2226 895 2300 qui
954 2240 1194 2302 semper
1243 2221 1463 2282 talibus
1517 2230 1946 2283 commonetur.
2023 2222 2261 2285 Cordus

321 2308 483 2377 dicit,
515 2310 576 2368 in
608 2308 885 2369 omnibus
918 2307 1257 2369 ciuitatibus
1287 2306 1644 2385 Campaniae
1667 2307 1943 2369 Etruriae
1974 2307 2260 2369 Vmbriae

320 2391 646 2453 Flaminiae
675 2393 881 2454 Piceni
923 2393 997 2453 de
1038 2392 1287 2472 proprio
1315 2391 1484 2453 illum
1513 2386 1622 2471 per
1653 2392 2050 2470 quadriduum
2079 2392 2260 2455 ludos
2287 2407 2348 2449 a

254 2495 284 2543 7
322 2479 631 2538 scaenicos
664 2485 722 2537 et
750 2476 1047 2538 iuuenalia
1079 2476 1359 2537 edidisse.
1440 2476 1702 2557 Scripsit
1731 2486 1790 2540 et
1818 2478 2028 2540 laudes
2059 2478 2259 2539 soluta

323 2563 593 2622 oratione
654 2564 918 2623 omnium
958 2563 1413 2631 Antoninorum,
1477 2563 1578 2641 qui
1621 2569 1758 2624 ante
1803 2582 1942 2625 eum
1983 2564 2253 2626 fuerunt.

321 2654 549 2708 tantum
592 2655 791 2708 autem
818 2649 1149 2710 Antoninos
1180 2645 1388 2708 dilexit
1427 2654 1494 2708 ut
1525 2647 1638 2708 sibi
1669 2665 1938 2726 quoque,
1983 2656 2047 2709 ut
2075 2647 2258 2710 multi

322 2732 542 2802 dicunt,
576 2733 881 2803 Antonini,
911 2739 978 2793 ut
1005 2732 1281 2813 plerique
1313 2740 1512 2794 autem
1545 2734 1845 2805 adserunt,
1877 2736 2116 2795 Antonii
2145 2753 2258 2795 no-

255 2834 289 2883 8
324 2836 463 2879 men
507 2817 912 2897 adscripserit.
985 2819 1103 2880 iam
1144 2816 1291 2879 illud
1333 2819 1477 2879 satis
1520 2826 1782 2889 constat,
1845 2819 2000 2896 quod
2041 2818 2255 2890 filium,
2285 2833 2352 2874 ao

324 2903 693 2965 Gordianum
723 2906 991 2975 nomine,
1052 2904 1336 2966 Antonini
1395 2905 1565 2983 signo
1620 2902 2054 2974 inlustrauerit,
2118 2922 2259 2966 cum

460 3110 490 3155 2
517 3106 773 3160 ducentis
794 3124 863 3158 m.
898 3108 1172 3159 brittanni
1194 3107 1300 3157 BP
1428 3108 1463 3157 4
1486 3107 1608 3157 auri
1630 3106 1682 3157 B
1819 3107 2071 3171 cypriani
2092 3106 2164 3157 B¹

325 3177 357 3227 5
382 3175 465 3224 ari
488 3173 616 3223 BP¹
777 3178 808 3226 6
844 3176 1091 3227 dammae
1126 3176 1399 3226 ducentae
1425 3175 1492 3225 M
1645 3176 1676 3225 ’1
1711 3180 1926 3226 sextam
1955 3174 2032 3225 Ρ1
2195 3177 2262 3226 11

324 3258 491 3293 unum
516 3242 578 3292 M
600 3242 770 3294 filium
792 3243 835 3295 S
992 3247 1056 3295 12
1084 3244 1464 3295 carthaninem
1488 3242 1562 3293 Ρ1
1725 3246 1790 3295 13
1814 3243 2073 3293 maetiam
2095 3242 2268 3295 BPM

462 3312 526 3360 17
551 3308 768 3361 clauum
791 3328 885 3364 om.
910 3312 1017 3362 BP
1148 3315 1211 3364 19
1236 3312 1515 3379 proprium
1539 3310 1610 3361 B¹
1747 3312 1816 3363 20
1837 3310 1930 3361 uel
1953 3328 2047 3364 om.
2073 3310 2140 3361 M

326 3380 389 3430 21
417 3394 449 3429 a
478 3382 699 3428 centum
723 3378 794 3429 B¹
821 3380 913 3442 (an
937 3381 1095 3444 ccc?)
1243 3382 1312 3431 24
1337 3380 1545 3431 etruria
1573 3383 1630 3429 et
1654 3378 1782 3430 BP¹
1820 3379 2061 3429 etruriae
2097 3382 2155 3430 et
2181 3377 2267 3428 1²2

461 3448 527 3497 25
550 3446 804 3497 flaminae
829 3446 957 3497 BP¹
1096 3450 1163 3499 26
1186 3448 1456 3499 iuuenilia
1481 3446 1554 3496 B¹
1645 3465 1652 3473 ·
1701 3448 1950 3499 oratione
1978 3446 2159 3497 soluta
2183 3446 2262 3497 B·

462 3518 525 3565 31
553 3518 609 3563 et
634 3516 793 3581 signo
818 3516 881 3567 M
1013 3516 1320 3568 illustrauit
1345 3516 1405 3566 M
