2517 3884
367 129 494 193 218
1083 135 1303 190 FLAvn
1346 134 1599 194 VOPISCI
1661 199 1666 210 J

369 298 709 380 specialiter
748 307 808 360 te
835 301 1078 360 iuuante
1120 319 1242 361 non
1284 299 1473 361 fallar.
1532 301 1627 362 fac
1655 301 1857 378 igitur,
1891 309 1958 362 ut
1984 302 2311 364 maioribus

369 385 614 453 nostris,
645 384 706 445 id
737 391 832 445 est
858 384 1140 446 Romanis
1167 403 1291 446 non
1319 384 1731 464 >discrepemus
1762 387 1981 446 .uiris.“

301 479 336 528 8
498 468 694 539 Vides,
729 476 850 530 tota
883 467 1132 548 epistula
1163 470 1425 530 maiores
1454 487 1597 530 suos
1617 469 1922 532 'Romanos
1952 469 2126 532 illum
2156 470 2311 534 uelle

293 553 340 620 5
367 553 650 634 intellegi.
690 554 914 614 indicat
958 563 1016 615 et
1058 555 1246 614 oratio
1281 555 1407 615 eius
1436 554 1511 616 ad
1533 563 1806 616 >senatum
1836 556 1975 618 data
2003 557 2180 618 istam
2206 574 2312 636 ge-

371 641 535 702 neris
578 639 1072 718 praerogatiuam.
1127 656 1269 699 nam
1312 657 1449 701 cum
1485 641 1747 718 primum
1789 641 2123 720 imperator
2156 649 2313 702 esset
2358 655 2383 696 5

373 730 626 792 creatus„
667 725 756 784 sic
785 722 859 784 ad
889 725 1258 784 senatorium
1282 723 1552 786 ordinem
1584 726 1840 804 scripsit.
1884 727 2049 787 iuter
2080 734 2307 788 cetera:

295 822 336 870 -2
372 807 810 879 „Gaudendum
851 815 945 868 est
983 809 1204 888 itaque,
1257 827 1313 888 p.
1362 828 1447 879 c.,
1492 808 1649 885 quod
1682 827 1837 872 unus
1868 827 1943 870 ex
1973 817 2183 871 uestro
2212 829 2311 872 or-

375 893 530 961 dine,
563 894 754 953 uestri
785 895 962 954 etiam
992 895 1232 970 generis
1262 894 1588 972 imperator
1621 901 1715 954 est
1742 895 1953 955 factus·
1992 912 2181 972 quare
2214 895 2313 956 ad-

375 979 656 1046 nitemur,
699 996 777 1038 ne
818 976 1099 1039 meliores
1141 979 1449 1057 peregrini
1478 994 1653 1056 quam
1687 981 1874 1040 uestri
1903 997 2041 1040 esse
2068 979 2314 1040 uidean-

307 1075 340 1124 3
373 1070 538 1124 tur.“
606 1062 721 1122 hoc
773 1079 1005 1142 quoque
1047 1061 1178 1123 ioco
1209 1065 1350 1124 satis
1402 1061 1626 1123 clarum
1672 1071 1779 1132 est,
1836 1063 2009 1124 illum
2052 1063 2314 1126 uoluisse
2338 1081 2383 1119 ιο

371 1146 640 1224 intellegi
671 1165 734 1208 se
769 1165 900 1208 esse
929 1146 1285 1215 Romanum,
1317 1147 1376 1207 id
1408 1155 1498 1208 est
1526 1146 1715 1208 Roma
1746 1147 2087 1210 oriundum.

305 1243 341 1293 4
501 1231 610 1293 Hie
639 1233 822 1310 igitur
862 1249 972 1310 per
1003 1231 1210 1293 ciuiles
1237 1243 1295 1306 et
1324 1231 1609 1294 militares
1638 1231 1879 1308 gradus,
1913 1241 1979 1293 ut
2011 1232 2168 1294 tituli
2198 1241 2315 1294 sta-

373 1324 616 1377 tuarum
649 1318 778 1376 eius
807 1315 1086 1387 indicant,
1119 1317 1308 1396 praef.
1341 1324 1531 1396 praet.
1568 1336 1601 1378 3
1630 1316 1829 1378 Probo
1858 1317 2055 1378 factus
2084 1324 2318 1380 tantum

377 1401 492 1462 sibi
523 1407 664 1479 aput
703 1401 924 1461 milites
953 1404 1173 1464 amoris
1213 1401 1434 1463 locauit
1477 1409 1540 1461 ut
1567 1403 1885 1462 interfecto
1916 1401 2118 1464 Probo
2153 1410 2318 1462 tanto

376 1486 648 1565 principe
679 1484 842 1546 solus
873 1485 1271 1563 dignissimus
1288 1486 1641 1548 uideretur
1624 1489 1901 1566 imperio.
2232 1520 2243 1527 -
2341 1503 2387 1544 15
2497 1497 2498 1526 ³

305 1567 346 1632 6
501 1569 632 1629 Νοιι
674 1587 770 1629 me
820 1572 1148 1648 praeteriit,
1195 1574 1528 1650 suspicatos
1572 1590 1707 1633 esse
1751 1570 2079 1651 plerosque
2124 1578 2185 1632 et
2216 1589 2318 1632 eos

377 1653 644 1714 infestos
667 1652 959 1722 retulisse,
995 1654 1130 1715 Cari
1149 1656 1407 1737 factione
1438 1657 1863 1734 interemptum
1888 1655 2179 1726 Probum,
2214 1655 2319 1716 sed

375 1755 572 1816 neque
613 1737 892 1798 meritum
933 1737 1114 1798 Probi
1155 1756 1297 1817 erga
1352 1739 1566 1802 Carum
1612 1759 1807 1821 neque
1856 1739 1993 1802 Cari
2024 1759 2229 1804 mores
2256 1740 2317 1801 id

381 1821 544 1882 credi
572 1822 899 1901 patiuntur,
943 1821 1120 1882 simui
1149 1825 1289 1902 qula
1330 1823 1514 1884 Probi
1558 1833 1812 1886 mortem
1843 1832 1905 1884 et
1934 1827 2231 1889 acerrime
2260 1833 2319 1884 et

305 1921 344 1970 2
379 1907 855 1968 constantissime
885 1906 1226 1968 uindicauit.
1284 1908 1437 1980 Quid
1469 1915 1665 1969 autem
1698 1909 1775 1969 de
1806 1925 1877 1969 eo
1909 1909 2151 1970 Probus
2183 1928 2314 1970 sen·
2340 1925 2384 1964 ιο

379 1993 544 2060 serit,
605 1990 869 2052 indicant
920 1990 1156 2054 litterae
1209 1992 1283 2054 de
1344 1994 1469 2054 eius
1522 1991 1859 2055 honoribus
1918 1993 1990 2054 ad
2046 2003 2319 2055 senatum

382 2075 580 2136 datae.

380 2158 655 2229 „Probus
684 2160 982 2236 Augustus
1011 2162 1415 2222 amantissimo
1443 2163 1677 2224 senatui
1700 2180 1811 2223 suo
1833 2161 2087 2223 salutem
2112 2162 2317 2224 dicit.“

510 2243 670 2305 Inter
700 2250 929 2304 cetera:
961 2244 1169 2314 „Felix
1193 2253 1391 2306 autem
1424 2253 1582 2308 esset
1606 2253 1811 2308 nostra
1838 2265 1940 2307 res
1964 2266 2045 2325 p.‚
2072 2249 2143 2316 si,
2178 2265 2319 2327 qua-

381 2327 455 2388 lis
495 2327 682 2387 Carus
725 2335 816 2389 est
867 2336 968 2390 aut
1008 2329 1282 2410 plerique
1324 2337 1613 2401 uestrum,
1666 2331 1875 2410 plures
1916 2330 2203 2415 haberem
2256 2333 2317 2391 in
2340 2345 2388 2386 25

313 2431 346 2479 9
383 2409 610 2472 actibus
641 2412 998 2474 conlocatos.
1035 2431 1222 2491 quare
1254 2423 1594 2493 equestrem
1636 2423 1887 2477 statuam
1922 2416 2053 2477 uiro
2088 2411 2323 2477 morum

383 2502 677 2564 ueterum,
711 2499 761 2558 si
791 2496 963 2558 uobis
991 2497 1240 2577 placeat,
1274 2499 1713 2562 decernendam
1744 2517 1981 2569 censeo,
2018 2500 2218 2561 addito
2250 2519 2321 2560 eo

385 2587 449 2640 ut
477 2579 720 2658 publico
750 2587 995 2660 sumptu
1026 2579 1186 2662 [uel]
1223 2583 1416 2644 eidem
1450 2584 1869 2646 exaedificetur
1914 2585 2130 2646 domus
2160 2603 2320 2646 mar-

383 2663 652 2727 moribus
696 2685 729 2727 3
769 2684 864 2726 me
907 2665 1135 2727 delatis,
1199 2667 1372 2730 decet
1415 2671 1573 2729 enim
1617 2689 1727 2730 nos
1758 2669 1893 2731 talis
1916 2671 2321 2748 integritatem

382 2751 758 2812 remunerari
785 2751 946 2811 uiri“
973 2757 1032 2812 et
1060 2750 1310 2832 reliqua.
1424 2789 1433 2792 -
2348 2768 2393 2807 ιο

311 2834 349 2898 7
507 2837 590 2896 Ac
646 2853 722 2895 ne
775 2835 1016 2896 minima
1070 2851 1338 2917 quaeque
1382 2844 1690 2898 conectam
1734 2845 1794 2898 et
1846 2855 1915 2898 ea
1966 2855 2124 2916 quae
2166 2836 2323 2916 apud

384 2917 530 2980 alios
589 2925 876 2998 poterunt
915 2920 1193 2990 inueniri,
1238 2921 1344 2982 ubi
1393 2923 1655 3001 primum
1698 2924 1929 3001 accepit
1981 2923 2321 3000 imperium,

523 3104 550 3150 1
579 3102 691 3151 feci
714 3102 880 3154 aliter
904 3105 955 3154 si
976 3105 1080 3155 BP
1103 3105 1425 3171 specialiter
1443 3108 1635 3172 scripsi
1754 3108 1787 3158 8
1812 3105 2142 3156 adnitemini
2165 3105 2332 3156 BPM

386 3167 700 3220 adnitemur
721 3171 848 3238 Req.
899 3170 1046 3236 (fort.
1083 3173 1477 3239 adnitebimur)
1640 3176 1704 3223 12
1738 3179 1797 3224 et
1821 3191 1913 3226 om.
1938 3173 2103 3225 BPM
2264 3175 2328 3223 14

385 3251 601 3288 amores
634 3237 804 3288 BPM
953 3239 1184 3307 locauit]
1218 3243 1347 3307 fort,
1374 3241 1699 3292 conciliauit
1732 3247 1823 3292 aut
1855 3242 2099 3306 conciuit
2264 3243 2326 3290 15

387 3302 730 3368 dignissimis
754 3306 806 3355 B
820 3305 836 3338 ¹
887 3307 1217 3374 dignissima
1240 3309 1319 3359 Ρι
1483 3311 1545 3360 17
1572 3309 1721 3359 fa-sto
1746 3308 1875 3362 ,ΒΡ1
1902 3308 1971 3372 (c.
1993 3307 2095 3372 ΡΒ)
2264 3309 2327 3359 18

386 3369 590 3437 neque]
619 3373 766 3436 quod
789 3373 958 3426 BPM
1111 3379 1179 3426 24
1203 3381 1391 3427 autem
1414 3391 1508 3430 om.
1534 3377 1601 3429 M
1754 3379 1821 3426 26
1846 3380 2034 3427 statuo
2058 3374 2188 3425 BP¹

385 3439 450 3488 27
478 3437 668 3504 placet
693 3441 761 3492 M
893 3445 959 3494 28
983 3443 1075 3493 uel
1098 3446 1199 3497 del.
1229 3445 1270 3494 0
1406 3444 1575 3494 etiam
1597 3442 1679 3493 B¹
1710 3443 1891 3494 eidem
1911 3439 2000 3493 ,Β2
