<?xml version="1.0" encoding="UTF-8"?>
<!DOCTYPE html PUBLIC "-//W3C//DTD XHTML 1.0 Transitional//EN"
    "http://www.w3.org/TR/xhtml1/DTD/xhtml1-transitional.dtd">
<html xmlns="http://www.w3.org/1999/xhtml" xml:lang="en" lang="en">
 <head>
  <title>
</title>
<meta http-equiv="Content-Type" content="text/html;charset=utf-8" />
  <meta name='ocr-system' content='tesseract 3.04.00' />
  <meta name='ocr-capabilities' content='ocr_page ocr_carea ocr_par ocr_line ocrx_word'/>
</head>
<body>
  <div class='ocr_page' id='page_1' title='image "./scriptoreshisto02petegoog_0111.png"; bbox 0 0 2517 3884; ppageno 0'>
   <div class='ocr_carea' id='block_1_1' title="bbox 415 168 1665 234">
    <p class='ocr_par' dir='ltr' id='par_1_1' title="bbox 415 168 1665 234">
     <span class='ocr_line' id='line_1_1' title="bbox 415 168 1665 234; baseline -0.003 0"><span class='ocrx_word' id='word_1_1' title='bbox 415 168 502 234; x_wconf 65' lang='grc'><strong>74</strong></span> <span class='ocrx_word' id='word_1_2' title='bbox 1099 171 1252 232; x_wconf 76' lang='lat' dir='ltr'><strong>l-vml</strong></span> <span class='ocrx_word' id='word_1_3' title='bbox 1296 173 1665 232; x_wconf 74' lang='lat' dir='ltr'><strong>GApl&#39;rotml</strong></span> 
     </span>
    </p>
   </div>
   <div class='ocr_carea' id='block_1_2' title="bbox 315 339 2484 2972">
    <p class='ocr_par' dir='ltr' id='par_1_2' title="bbox 315 339 2484 2972">
     <span class='ocr_line' id='line_1_2' title="bbox 417 339 2357 422; baseline -0.001 -18"><span class='ocrx_word' id='word_1_4' title='bbox 417 349 730 422; x_wconf 86' lang='lat' dir='ltr'><strong>praeterea</strong></span> <span class='ocrx_word' id='word_1_5' title='bbox 759 342 835 404; x_wconf 87' lang='lat' dir='ltr'><strong>ad</strong></span> <span class='ocrx_word' id='word_1_6' title='bbox 865 342 1090 403; x_wconf 83' lang='lat' dir='ltr'><strong>amicae</strong></span> <span class='ocrx_word' id='word_1_7' title='bbox 1123 340 1389 420; x_wconf 81' lang='lat' dir='ltr'><strong>uulgaris</strong></span> <span class='ocrx_word' id='word_1_8' title='bbox 1406 339 1743 402; x_wconf 78' lang='lat' dir='ltr'><strong>:arbitrium</strong></span> <span class='ocrx_word' id='word_1_9' title='bbox 1784 343 1847 402; x_wconf 88' lang='lat' dir='ltr'><strong>in</strong></span> <span class='ocrx_word' id='word_1_10' title='bbox 1876 340 2047 422; x_wconf 74' lang='lat' dir='ltr'><strong>Syria</strong></span> <span class='ocrx_word' id='word_1_11' title='bbox 2074 342 2357 420; x_wconf 81' lang='lat' dir='ltr'><strong>posuisse</strong></span> 
     </span>
     <span class='ocr_line' id='line_1_3' title="bbox 417 425 2029 506; baseline -0.001 -16"><span class='ocrx_word' id='word_1_12' title='bbox 417 426 683 490; x_wconf 78' lang='lat' dir='ltr'><strong>barbam.</strong></span> <span class='ocrx_word' id='word_1_13' title='bbox 749 426 908 489; x_wconf 90' lang='lat' dir='ltr'><strong>unde</strong></span> <span class='ocrx_word' id='word_1_14' title='bbox 937 429 1000 488; x_wconf 88' lang='lat' dir='ltr'><strong>in</strong></span> <span class='ocrx_word' id='word_1_15' title='bbox 1033 443 1172 487; x_wconf 87' lang='lat' dir='ltr'><strong>eum</strong></span> <span class='ocrx_word' id='word_1_16' title='bbox 1201 445 1234 486; x_wconf 91' lang='lat' dir='ltr'><strong>a</strong></span> <span class='ocrx_word' id='word_1_17' title='bbox 1266 427 1437 506; x_wconf 86' lang='lat' dir='ltr'><strong>Syris</strong></span> <span class='ocrx_word' id='word_1_18' title='bbox 1465 425 1653 488; x_wconf 86' lang='lat' dir='ltr'><strong>multa</strong></span> <span class='ocrx_word' id='word_1_19' title='bbox 1683 435 1825 488; x_wconf 86' lang='lat' dir='ltr'><strong>sunt</strong></span> <span class='ocrx_word' id='word_1_20' title='bbox 1856 425 2029 488; x_wconf 86' lang='lat' dir='ltr'><strong>dicta.</strong></span> 
     </span>
     <span class='ocr_line' id='line_1_4' title="bbox 339 508 2353 592; baseline -0.002 -18"><span class='ocrx_word' id='word_1_21' title='bbox 339 508 386 574; x_wconf 89' lang='grc'>8</span> <span class='ocrx_word' id='word_1_22' title='bbox 543 513 682 574; x_wconf 77' lang='lat' dir='ltr'><strong>Fuit</strong></span> <span class='ocrx_word' id='word_1_23' title='bbox 712 513 846 574; x_wconf 85' lang='lat' dir='ltr'><strong>eius</strong></span> <span class='ocrx_word' id='word_1_24' title='bbox 873 511 978 573; x_wconf 84' lang='lat' dir='ltr'><strong>fati</strong></span> <span class='ocrx_word' id='word_1_25' title='bbox 1009 519 1078 572; x_wconf 89' lang='lat' dir='ltr'><strong>ut</strong></span> <span class='ocrx_word' id='word_1_26' title='bbox 1103 513 1168 572; x_wconf 88' lang='lat' dir='ltr'><strong>in</strong></span> <span class='ocrx_word' id='word_1_27' title='bbox 1197 529 1301 572; x_wconf 89' lang='lat' dir='ltr'><strong>eas</strong></span> <span class='ocrx_word' id='word_1_28' title='bbox 1330 513 1673 590; x_wconf 81' lang='lat' dir='ltr'><strong>prouincias</strong></span> <span class='ocrx_word' id='word_1_29' title='bbox 1694 508 1832 591; x_wconf 78' lang='lat' dir='ltr'><strong>per·</strong></span> <span class='ocrx_word' id='word_1_30' title='bbox 1842 527 1991 592; x_wconf 86' lang='lat' dir='ltr'><strong>quas</strong></span> <span class='ocrx_word' id='word_1_31' title='bbox 2030 511 2191 572; x_wconf 89' lang='lat' dir='ltr'><strong>redit</strong></span> <span class='ocrx_word' id='word_1_32' title='bbox 2230 511 2353 572; x_wconf 88' lang='lat' dir='ltr'><strong>Ro·</strong></span> 
     </span>
     <span class='ocr_line' id='line_1_5' title="bbox 351 596 2484 697; baseline 0.001 -41"><span class='ocrx_word' id='word_1_33' title='bbox 351 609 382 656; x_wconf 81' lang='lat'><strong>2</strong></span> <span class='ocrx_word' id='word_1_34' title='bbox 419 615 576 660; x_wconf 87' lang='lat' dir='ltr'><strong>mam</strong></span> <span class='ocrx_word' id='word_1_35' title='bbox 606 616 816 697; x_wconf 44' lang='lat' dir='ltr'><strong>usque·</strong></span> <span class='ocrx_word' id='word_1_36' title='bbox 826 596 990 658; x_wconf 87' lang='lat' dir='ltr'><strong>luem</strong></span> <span class='ocrx_word' id='word_1_37' title='bbox 1019 615 1224 658; x_wconf 86' lang='lat' dir='ltr'><strong>secum</strong></span> <span class='ocrx_word' id='word_1_38' title='bbox 1255 597 1496 658; x_wconf 85' lang='lat' dir='ltr'><strong>deferre</strong></span> <span class='ocrx_word' id='word_1_39' title='bbox 1526 597 1853 678; x_wconf 80' lang='lat' dir='ltr'><strong>uideretur.</strong></span> <span class='ocrx_word' id='word_1_40' title='bbox 1900 604 1959 658; x_wconf 89' lang='lat' dir='ltr'><strong>et</strong></span> <span class='ocrx_word' id='word_1_41' title='bbox 1986 603 2125 658; x_wconf 82' lang='lat' dir='ltr'><strong>nata</strong></span> <span class='ocrx_word' id='word_1_42' title='bbox 2154 597 2356 658; x_wconf 84' lang='lat' dir='ltr'><strong>fertur</strong></span> <span class='ocrx_word' id='word_1_43' title='bbox 2483 641 2484 668; x_wconf 24' lang='grc' dir='ltr'>ι</span> 
     </span>
     <span class='ocr_line' id='line_1_6' title="bbox 419 680 2484 762; baseline -0 -18"><span class='ocrx_word' id='word_1_44' title='bbox 419 680 754 762; x_wconf 73' lang='lat' dir='ltr'><strong>pestilentia</strong></span> <span class='ocrx_word' id='word_1_45' title='bbox 798 682 861 742; x_wconf 91' lang='lat' dir='ltr'><strong>in</strong></span> <span class='ocrx_word' id='word_1_46' title='bbox 893 681 1256 762; x_wconf 69' lang='lat' dir='ltr'><strong>Babylonia,</strong></span> <span class='ocrx_word' id='word_1_47' title='bbox 1304 681 1409 742; x_wconf 90' lang='lat' dir='ltr'><strong>ubi</strong></span> <span class='ocrx_word' id='word_1_48' title='bbox 1448 681 1523 742; x_wconf 89' lang='lat' dir='ltr'><strong>de</strong></span> <span class='ocrx_word' id='word_1_49' title='bbox 1562 681 1789 762; x_wconf 85' lang='lat' dir='ltr'><strong>templo</strong></span> <span class='ocrx_word' id='word_1_50' title='bbox 1816 681 2105 762; x_wconf 84' lang='lat' dir='ltr'><strong>Apollinis</strong></span> <span class='ocrx_word' id='word_1_51' title='bbox 2150 701 2222 744; x_wconf 80' lang='lat' dir='ltr'><strong>ex</strong></span> <span class='ocrx_word' id='word_1_52' title='bbox 2254 702 2354 744; x_wconf 86' lang='lat' dir='ltr'><strong>ar·</strong></span> <span class='ocrx_word' id='word_1_53' title='bbox 2408 695 2437 736; x_wconf 86' lang='lat'><strong>5</strong></span> <span class='ocrx_word' id='word_1_54' title='bbox 2483 683 2484 754; x_wconf 67' lang='grc' dir='ltr'>ξ</span> 
     </span>
     <span class='ocr_line' id='line_1_7' title="bbox 419 763 2484 847; baseline -0.001 -17"><span class='ocrx_word' id='word_1_55' title='bbox 419 768 553 830; x_wconf 89' lang='lat' dir='ltr'><strong>cula</strong></span> <span class='ocrx_word' id='word_1_56' title='bbox 579 785 782 836; x_wconf 85' lang='lat' dir='ltr'><strong>aurea,</strong></span> <span class='ocrx_word' id='word_1_57' title='bbox 815 783 994 844; x_wconf 83' lang='lat' dir='ltr'><strong>quam</strong></span> <span class='ocrx_word' id='word_1_58' title='bbox 1026 765 1200 828; x_wconf 88' lang='lat' dir='ltr'><strong>miles</strong></span> <span class='ocrx_word' id='word_1_59' title='bbox 1229 768 1387 829; x_wconf 82' lang='lat' dir='ltr'><strong>forte</strong></span> <span class='ocrx_word' id='word_1_60' title='bbox 1418 766 1739 838; x_wconf 86' lang='lat' dir='ltr'><strong>inciderat,</strong></span> <span class='ocrx_word' id='word_1_61' title='bbox 1786 769 2033 846; x_wconf 84' lang='lat' dir='ltr'><strong>spiritus</strong></span> <span class='ocrx_word' id='word_1_62' title='bbox 2062 767 2356 847; x_wconf 79' lang='lat' dir='ltr'><strong>pestilens</strong></span> <span class='ocrx_word' id='word_1_63' title='bbox 2482 763 2484 780; x_wconf 69' lang='lat'><em>²</em></span> 
     </span>
     <span class='ocr_line' id='line_1_8' title="bbox 346 839 2357 932; baseline -0 -19"><span class='ocrx_word' id='word_1_64' title='bbox 346 865 385 913; x_wconf 83' lang='lat'><strong>3</strong></span> <span class='ocrx_word' id='word_1_65' title='bbox 421 854 630 922; x_wconf 74' lang='lat' dir='ltr'><strong>eiiasit,</strong></span> <span class='ocrx_word' id='word_1_66' title='bbox 659 860 839 932; x_wconf 82' lang='lat' dir='ltr'><strong>atque</strong></span> <span class='ocrx_word' id='word_1_67' title='bbox 868 851 1008 913; x_wconf 88' lang='lat' dir='ltr'><strong>inde</strong></span> <span class='ocrx_word' id='word_1_68' title='bbox 1027 851 1291 914; x_wconf 76' lang='lat' dir='ltr'><strong>Parthos</strong></span> <span class='ocrx_word' id='word_1_69' title='bbox 1322 851 1651 932; x_wconf 75' lang='lat' dir='ltr'><strong>orbemque</strong></span> <span class='ocrx_word' id='word_1_70' title='bbox 1682 839 2033 932; x_wconf 74' lang='lat' dir='ltr'><strong>complesse.</strong></span> <span class='ocrx_word' id='word_1_71' title='bbox 2100 852 2209 914; x_wconf 86' lang='lat' dir='ltr'><strong>sed</strong></span> <span class='ocrx_word' id='word_1_72' title='bbox 2238 852 2357 914; x_wconf 86' lang='lat' dir='ltr'><strong>hoc</strong></span> 
     </span>
     <span class='ocr_line' id='line_1_9' title="bbox 419 935 2355 1016; baseline 0 -18"><span class='ocrx_word' id='word_1_73' title='bbox 419 955 540 998; x_wconf 88' lang='lat' dir='ltr'><strong>non</strong></span> <span class='ocrx_word' id='word_1_74' title='bbox 571 935 742 998; x_wconf 85' lang='lat' dir='ltr'><strong>Lucii</strong></span> <span class='ocrx_word' id='word_1_75' title='bbox 773 939 912 998; x_wconf 87' lang='lat' dir='ltr'><strong>Veri</strong></span> <span class='ocrx_word' id='word_1_76' title='bbox 955 939 1102 998; x_wconf 89' lang='lat' dir='ltr'><strong>uitio</strong></span> <span class='ocrx_word' id='word_1_77' title='bbox 1144 937 1250 998; x_wconf 88' lang='lat' dir='ltr'><strong>sed</strong></span> <span class='ocrx_word' id='word_1_78' title='bbox 1294 938 1492 1007; x_wconf 88' lang='lat' dir='ltr'><strong>Cassi,</strong></span> <span class='ocrx_word' id='word_1_79' title='bbox 1534 957 1569 998; x_wconf 86' lang='lat' dir='ltr'><strong>a</strong></span> <span class='ocrx_word' id='word_1_80' title='bbox 1610 956 1731 1016; x_wconf 86' lang='lat' dir='ltr'><strong>quo</strong></span> <span class='ocrx_word' id='word_1_81' title='bbox 1772 944 1981 999; x_wconf 81' lang='lat' dir='ltr'><strong>contra</strong></span> <span class='ocrx_word' id='word_1_82' title='bbox 2020 937 2199 998; x_wconf 83' lang='lat' dir='ltr'><strong>fldem</strong></span> <span class='ocrx_word' id='word_1_83' title='bbox 2246 937 2355 998; x_wconf 88' lang='lat' dir='ltr'><strong>Se·</strong></span> 
     </span>
     <span class='ocr_line' id='line_1_10' title="bbox 405 1020 2411 1104; baseline 0 -21"><span class='ocrx_word' id='word_1_84' title='bbox 405 1022 640 1092; x_wconf 85' lang='lat' dir='ltr'><strong>leucia,</strong></span> <span class='ocrx_word' id='word_1_85' title='bbox 687 1041 842 1102; x_wconf 85' lang='lat' dir='ltr'><strong>quae</strong></span> <span class='ocrx_word' id='word_1_86' title='bbox 873 1030 938 1084; x_wconf 90' lang='lat' dir='ltr'><strong>ut</strong></span> <span class='ocrx_word' id='word_1_87' title='bbox 967 1025 1190 1084; x_wconf 86' lang='lat' dir='ltr'><strong>amicos</strong></span> <span class='ocrx_word' id='word_1_88' title='bbox 1232 1020 1453 1084; x_wconf 81' lang='lat' dir='ltr'><strong>milites</strong></span> <span class='ocrx_word' id='word_1_89' title='bbox 1490 1030 1733 1084; x_wconf 89' lang='lat' dir='ltr'><strong>nostros</strong></span> <span class='ocrx_word' id='word_1_90' title='bbox 1770 1030 2118 1104; x_wconf 83' lang='lat' dir='ltr'><strong>recepe-rat,</strong></span> <span class='ocrx_word' id='word_1_91' title='bbox 2166 1041 2355 1102; x_wconf 82' lang='lat' dir='ltr'><strong>expu-</strong></span> <span class='ocrx_word' id='word_1_92' title='bbox 2406 1057 2411 1060; x_wconf 92' lang='lat'>·</span> 
     </span>
     <span class='ocr_line' id='line_1_11' title="bbox 345 1106 2484 1187; baseline 0.001 -21"><span class='ocrx_word' id='word_1_93' title='bbox 345 1118 384 1166; x_wconf 84' lang='lat'>4</span> <span class='ocrx_word' id='word_1_94' title='bbox 419 1115 596 1184; x_wconf 84' lang='lat' dir='ltr'><strong>gnata</strong></span> <span class='ocrx_word' id='word_1_95' title='bbox 641 1115 752 1168; x_wconf 87' lang='lat' dir='ltr'><strong>est.</strong></span> <span class='ocrx_word' id='word_1_96' title='bbox 827 1106 986 1185; x_wconf 86' lang='lat' dir='ltr'><strong>quod</strong></span> <span class='ocrx_word' id='word_1_97' title='bbox 1018 1107 1257 1187; x_wconf 81' lang='lat' dir='ltr'><strong>quidem</strong></span> <span class='ocrx_word' id='word_1_98' title='bbox 1300 1109 1461 1168; x_wconf 89' lang='lat' dir='ltr'><strong>inter</strong></span> <span class='ocrx_word' id='word_1_99' title='bbox 1502 1116 1739 1171; x_wconf 83' lang='lat' dir='ltr'><strong>ceteros</strong></span> <span class='ocrx_word' id='word_1_100' title='bbox 1770 1109 1949 1170; x_wconf 89' lang='lat' dir='ltr'><strong>etiam</strong></span> <span class='ocrx_word' id='word_1_101' title='bbox 1992 1107 2353 1180; x_wconf 76' lang='lat' dir='ltr'><strong>QuadratuS,</strong></span> <span class='ocrx_word' id='word_1_102' title='bbox 2386 1123 2437 1161; x_wconf 75' lang='grc' dir='ltr'><strong>ιο</strong></span> <span class='ocrx_word' id='word_1_103' title='bbox 2483 1111 2484 1150; x_wconf 49' lang='lat' dir='ltr'><strong>ss</strong></span> 
     </span>
     <span class='ocr_line' id='line_1_12' title="bbox 419 1191 2484 1273; baseline 0.001 -21"><span class='ocrx_word' id='word_1_104' title='bbox 419 1192 562 1253; x_wconf 86' lang='lat' dir='ltr'><strong>belli</strong></span> <span class='ocrx_word' id='word_1_105' title='bbox 603 1192 864 1254; x_wconf 73' lang='lat' dir='ltr'><strong>Parthici</strong></span> <span class='ocrx_word' id='word_1_106' title='bbox 915 1195 1201 1272; x_wconf 76' lang='lat' dir='ltr'><strong>scriptor,</strong></span> <span class='ocrx_word' id='word_1_107' title='bbox 1255 1193 1543 1254; x_wconf 76' lang='lat' dir='ltr'><strong>incusatis</strong></span> <span class='ocrx_word' id='word_1_108' title='bbox 1586 1192 1959 1263; x_wconf 84' lang='lat' dir='ltr'><strong>Seleucenis,</strong></span> <span class='ocrx_word' id='word_1_109' title='bbox 2016 1195 2123 1273; x_wconf 81' lang='lat' dir='ltr'><strong>qui</strong></span> <span class='ocrx_word' id='word_1_110' title='bbox 2174 1193 2355 1254; x_wconf 79' lang='lat' dir='ltr'><strong>fidem</strong></span> <span class='ocrx_word' id='word_1_111' title='bbox 2483 1191 2484 1198; x_wconf 73' lang='grc'>’</span> 
     </span>
     <span class='ocr_line' id='line_1_13' title="bbox 347 1277 2361 1359; baseline 0 -20"><span class='ocrx_word' id='word_1_112' title='bbox 347 1291 384 1339; x_wconf 80' lang='lat'>5</span> <span class='ocrx_word' id='word_1_113' title='bbox 421 1279 599 1358; x_wconf 85' lang='lat' dir='ltr'><strong>primi</strong></span> <span class='ocrx_word' id='word_1_114' title='bbox 627 1285 950 1359; x_wconf 82' lang='lat' dir='ltr'><strong>ruperant,</strong></span> <span class='ocrx_word' id='word_1_115' title='bbox 992 1286 1225 1358; x_wconf 85' lang='lat' dir='ltr'><strong>purgat.</strong></span> <span class='ocrx_word' id='word_1_116' title='bbox 1282 1277 1492 1338; x_wconf 87' lang='lat' dir='ltr'><strong>habuit</strong></span> <span class='ocrx_word' id='word_1_117' title='bbox 1530 1277 1696 1340; x_wconf 82' lang='lat' dir='ltr'><strong>hanc&#39;</strong></span> <span class='ocrx_word' id='word_1_118' title='bbox 1725 1280 2131 1340; x_wconf 84' lang='lat' dir='ltr'><strong>reuerentiam</strong></span> <span class='ocrx_word' id='word_1_119' title='bbox 2169 1279 2361 1340; x_wconf 87' lang='lat' dir='ltr'><strong>Marci</strong></span> 
     </span>
     <span class='ocr_line' id='line_1_14' title="bbox 422 1361 2359 1443; baseline 0 -19"><span class='ocrx_word' id='word_1_120' title='bbox 422 1365 638 1434; x_wconf 78' lang='lat' dir='ltr'><strong>Verus,</strong></span> <span class='ocrx_word' id='word_1_121' title='bbox 685 1370 752 1424; x_wconf 90' lang='lat' dir='ltr'><strong>ut</strong></span> <span class='ocrx_word' id='word_1_122' title='bbox 791 1365 1032 1424; x_wconf 87' lang='lat' dir='ltr'><strong>nomina</strong></span> <span class='ocrx_word' id='word_1_123' title='bbox 1070 1381 1222 1443; x_wconf 87' lang='lat' dir='ltr'><strong>quae</strong></span> <span class='ocrx_word' id='word_1_124' title='bbox 1253 1362 1391 1424; x_wconf 82' lang='lat' dir='ltr'><strong>sibi</strong></span> <span class='ocrx_word' id='word_1_125' title='bbox 1442 1361 1635 1424; x_wconf 82' lang='lat' dir='ltr'><strong>delata</strong></span> <span class='ocrx_word' id='word_1_126' title='bbox 1686 1363 1925 1424; x_wconf 82' lang='lat' dir='ltr'><strong>fuerant</strong></span> <span class='ocrx_word' id='word_1_127' title='bbox 1978 1382 2113 1424; x_wconf 84' lang='lat' dir='ltr'><strong>cum</strong></span> <span class='ocrx_word' id='word_1_128' title='bbox 2170 1365 2359 1424; x_wconf 76' lang='lat' dir='ltr'><strong>fratre</strong></span> 
     </span>
     <span class='ocr_line' id='line_1_15' title="bbox 420 1447 2355 1528; baseline 0 -19"><span class='ocrx_word' id='word_1_129' title='bbox 420 1450 889 1510; x_wconf 72' lang='lat' dir='ltr'><strong>communicaret</strong></span> <span class='ocrx_word' id='word_1_130' title='bbox 927 1447 1024 1508; x_wconf 89' lang='lat' dir='ltr'><strong>die</strong></span> <span class='ocrx_word' id='word_1_131' title='bbox 1067 1447 1390 1526; x_wconf 88' lang='lat' dir='ltr'><strong>triumphi,</strong></span> <span class='ocrx_word' id='word_1_132' title='bbox 1450 1465 1631 1525; x_wconf 82' lang='lat' dir='ltr'><strong>quem</strong></span> <span class='ocrx_word' id='word_1_133' title='bbox 1683 1449 1907 1528; x_wconf 87' lang='lat' dir='ltr'><strong>pariter</strong></span> <span class='ocrx_word' id='word_1_134' title='bbox 1948 1447 2355 1510; x_wconf 87' lang='lat' dir='ltr'><strong>celebrarunt.</strong></span> 
     </span>
     <span class='ocr_line' id='line_1_16' title="bbox 347 1531 2484 1596; baseline 0.001 -4"><span class='ocrx_word' id='word_1_135' title='bbox 347 1544 384 1592; x_wconf 81' lang='grc'><strong>6</strong></span> <span class='ocrx_word' id='word_1_136' title='bbox 420 1550 704 1594; x_wconf 87' lang='lat' dir='ltr'><strong>reuersus</strong></span> <span class='ocrx_word' id='word_1_137' title='bbox 747 1551 780 1593; x_wconf 92' lang='lat' dir='ltr'><strong>e</strong></span> <span class='ocrx_word' id='word_1_138' title='bbox 819 1533 1098 1594; x_wconf 84' lang='lat' dir='ltr'><strong>Parthico</strong></span> <span class='ocrx_word' id='word_1_139' title='bbox 1129 1531 1287 1593; x_wconf 87' lang='lat' dir='ltr'><strong>bello</strong></span> <span class='ocrx_word' id='word_1_140' title='bbox 1320 1534 1553 1594; x_wconf 85' lang='lat' dir='ltr'><strong>minore</strong></span> <span class='ocrx_word' id='word_1_141' title='bbox 1584 1534 1743 1594; x_wconf 88' lang='lat' dir='ltr'><strong>circa</strong></span> <span class='ocrx_word' id='word_1_142' title='bbox 1770 1533 2019 1595; x_wconf 78' lang='lat' dir='ltr'><strong>fratrem</strong></span> <span class='ocrx_word' id='word_1_143' title='bbox 2054 1533 2219 1595; x_wconf 88' lang='lat' dir='ltr'><strong>cultu</strong></span> <span class='ocrx_word' id='word_1_144' title='bbox 2244 1535 2360 1596; x_wconf 82' lang='lat' dir='ltr'><strong>fuit</strong></span> <span class='ocrx_word' id='word_1_145' title='bbox 2388 1547 2437 1587; x_wconf 82' lang='lat'><strong>15</strong></span> <span class='ocrx_word' id='word_1_146' title='bbox 2483 1535 2484 1540; x_wconf 75' lang='grc'>’</span> 
     </span>
     <span class='ocr_line' id='line_1_17' title="bbox 419 1616 2359 1686; baseline 0.002 -9"><span class='ocrx_word' id='word_1_147' title='bbox 419 1619 638 1686; x_wconf 80' lang='lat' dir='ltr'><strong>Verus3</strong></span> <span class='ocrx_word' id='word_1_148' title='bbox 681 1636 822 1679; x_wconf 85' lang='lat' dir='ltr'><strong>nam</strong></span> <span class='ocrx_word' id='word_1_149' title='bbox 853 1626 913 1678; x_wconf 88' lang='lat' dir='ltr'><strong>et</strong></span> <span class='ocrx_word' id='word_1_150' title='bbox 939 1617 1172 1678; x_wconf 82' lang='lat' dir='ltr'><strong>libertis</strong></span> <span class='ocrx_word' id='word_1_151' title='bbox 1210 1616 1588 1678; x_wconf 83' lang='lat' dir='ltr'><strong>inhonestius</strong></span> <span class='ocrx_word' id='word_1_152' title='bbox 1616 1617 1864 1680; x_wconf 83' lang='lat' dir='ltr'><strong>indulsit</strong></span> <span class='ocrx_word' id='word_1_153' title='bbox 1906 1626 1965 1680; x_wconf 90' lang='lat' dir='ltr'><strong>et</strong></span> <span class='ocrx_word' id='word_1_154' title='bbox 2004 1618 2187 1681; x_wconf 86' lang='lat' dir='ltr'><strong>multa</strong></span> <span class='ocrx_word' id='word_1_155' title='bbox 2219 1621 2359 1680; x_wconf 89' lang='lat' dir='ltr'><strong>sine</strong></span> 
     </span>
     <span class='ocr_line' id='line_1_18' title="bbox 346 1702 2359 1783; baseline 0.001 -21"><span class='ocrx_word' id='word_1_156' title='bbox 346 1715 382 1762; x_wconf 75' lang='lat'><strong>⁴7</strong></span> <span class='ocrx_word' id='word_1_157' title='bbox 418 1704 606 1764; x_wconf 79' lang='lat' dir='ltr'><strong>fratre</strong></span> <span class='ocrx_word' id='word_1_158' title='bbox 635 1702 950 1782; x_wconf 85' lang='lat' dir='ltr'><strong>disposuit.</strong></span> <span class='ocrx_word' id='word_1_159' title='bbox 1015 1703 1108 1764; x_wconf 90' lang='lat' dir='ltr'><strong>his</strong></span> <span class='ocrx_word' id='word_1_160' title='bbox 1139 1703 1423 1772; x_wconf 86' lang='lat' dir='ltr'><strong>accessit,</strong></span> <span class='ocrx_word' id='word_1_161' title='bbox 1470 1703 1660 1782; x_wconf 89' lang='lat' dir='ltr'><strong>quod,</strong></span> <span class='ocrx_word' id='word_1_162' title='bbox 1705 1706 1875 1783; x_wconf 88' lang='lat' dir='ltr'><strong>quasi</strong></span> <span class='ocrx_word' id='word_1_163' title='bbox 1916 1722 2093 1782; x_wconf 85' lang='lat' dir='ltr'><strong>reges</strong></span> <span class='ocrx_word' id='word_1_164' title='bbox 2124 1703 2359 1782; x_wconf 80' lang='lat' dir='ltr'><strong>aliquos</strong></span> 
     </span>
     <span class='ocr_line' id='line_1_19' title="bbox 421 1783 2357 1870; baseline 0.001 -22"><span class='ocrx_word' id='word_1_165' title='bbox 421 1789 494 1849; x_wconf 87' lang='lat' dir='ltr'><strong>ad</strong></span> <span class='ocrx_word' id='word_1_166' title='bbox 533 1787 905 1868; x_wconf 86' lang='lat' dir='ltr'><strong>triumphum</strong></span> <span class='ocrx_word' id='word_1_167' title='bbox 945 1787 1299 1857; x_wconf 84' lang='lat' dir='ltr'><strong>adduceret,</strong></span> <span class='ocrx_word' id='word_1_168' title='bbox 1341 1789 1429 1848; x_wconf 90' lang='lat' dir='ltr'><strong>sic</strong></span> <span class='ocrx_word' id='word_1_169' title='bbox 1470 1783 1795 1850; x_wconf 81' lang='lat' dir='ltr'><strong>histriones</strong></span> <span class='ocrx_word' id='word_1_170' title='bbox 1838 1790 2043 1850; x_wconf 87' lang='lat' dir='ltr'><strong>eduxit</strong></span> <span class='ocrx_word' id='word_1_171' title='bbox 2088 1807 2120 1849; x_wconf 91' lang='lat' dir='ltr'><strong>e</strong></span> <span class='ocrx_word' id='word_1_172' title='bbox 2162 1789 2357 1870; x_wconf 77' lang='lat' dir='ltr'><strong>Syria,</strong></span> 
     </span>
     <span class='ocr_line' id='line_1_20' title="bbox 421 1873 2484 1956; baseline 0.001 -22"><span class='ocrx_word' id='word_1_173' title='bbox 421 1891 678 1953; x_wconf 89' lang='lat' dir='ltr'><strong>quorum</strong></span> <span class='ocrx_word' id='word_1_174' title='bbox 707 1875 1067 1952; x_wconf 86' lang='lat' dir='ltr'><strong>praecipuus</strong></span> <span class='ocrx_word' id='word_1_175' title='bbox 1095 1873 1210 1934; x_wconf 86' lang='lat' dir='ltr'><strong>fuit</strong></span> <span class='ocrx_word' id='word_1_176' title='bbox 1238 1873 1613 1944; x_wconf 78' lang='lat' dir='ltr'><strong>Maximinus,</strong></span> <span class='ocrx_word' id='word_1_177' title='bbox 1646 1891 1827 1954; x_wconf 89' lang='lat' dir='ltr'><strong>quem</strong></span> <span class='ocrx_word' id='word_1_178' title='bbox 1852 1875 2081 1952; x_wconf 79' lang='lat' dir='ltr'><strong>Paridis</strong></span> <span class='ocrx_word' id='word_1_179' title='bbox 2111 1876 2359 1936; x_wconf 88' lang='lat' dir='ltr'><strong>nomine</strong></span> <span class='ocrx_word' id='word_1_180' title='bbox 2483 1935 2484 1956; x_wconf 17' lang='grc' dir='ltr'>ζ</span> 
     </span>
     <span class='ocr_line' id='line_1_21' title="bbox 346 1957 2484 2059; baseline -0.002 -41"><span class='ocrx_word' id='word_1_181' title='bbox 346 1969 386 2018; x_wconf 82' lang='grc'>8</span> <span class='ocrx_word' id='word_1_182' title='bbox 421 1960 808 2059; x_wconf 53' lang='lat' dir='ltr'><strong>nuncupauit,</strong></span> <span class='ocrx_word' id='word_1_183' title='bbox 869 1957 1068 2019; x_wconf 86' lang='lat' dir='ltr'><strong>uillam</strong></span> <span class='ocrx_word' id='word_1_184' title='bbox 1098 1965 1413 2038; x_wconf 81' lang='lat' dir='ltr'><strong>praeterea</strong></span> <span class='ocrx_word' id='word_1_185' title='bbox 1454 1961 1747 2020; x_wconf 86' lang='lat' dir='ltr'><strong>exstruxit</strong></span> <span class='ocrx_word' id='word_1_186' title='bbox 1787 1961 1851 2021; x_wconf 92' lang='lat' dir='ltr'><strong>in</strong></span> <span class='ocrx_word' id='word_1_187' title='bbox 1893 1962 1990 2021; x_wconf 88' lang='lat' dir='ltr'><strong>uia</strong></span> <span class='ocrx_word' id='word_1_188' title='bbox 2024 1959 2224 2020; x_wconf 81' lang='lat' dir='ltr'><strong>Clodia</strong></span> <span class='ocrx_word' id='word_1_189' title='bbox 2270 1961 2360 2020; x_wconf 78' lang='lat' dir='ltr'><strong>fa·</strong></span> <span class='ocrx_word' id='word_1_190' title='bbox 2390 1974 2441 2014; x_wconf 81' lang='lat'><strong>20</strong></span> <span class='ocrx_word' id='word_1_191' title='bbox 2483 1959 2484 2028; x_wconf 65' lang='grc' dir='ltr'>ζ</span> 
     </span>
     <span class='ocr_line' id='line_1_22' title="bbox 417 2041 2360 2124; baseline 0 -20"><span class='ocrx_word' id='word_1_192' title='bbox 417 2041 828 2113; x_wconf 84' lang='lat' dir='ltr'><strong>mosissimani,</strong></span> <span class='ocrx_word' id='word_1_193' title='bbox 859 2044 924 2104; x_wconf 92' lang='lat' dir='ltr'><strong>in</strong></span> <span class='ocrx_word' id='word_1_194' title='bbox 953 2062 1067 2122; x_wconf 89' lang='lat' dir='ltr'><strong>qua</strong></span> <span class='ocrx_word' id='word_1_195' title='bbox 1098 2042 1428 2122; x_wconf 85' lang='lat' dir='ltr'><strong>permultos</strong></span> <span class='ocrx_word' id='word_1_196' title='bbox 1452 2042 1581 2104; x_wconf 90' lang='lat' dir='ltr'><strong>dies</strong></span> <span class='ocrx_word' id='word_1_197' title='bbox 1612 2045 1831 2124; x_wconf 86' lang='lat' dir='ltr'><strong>etipse</strong></span> <span class='ocrx_word' id='word_1_198' title='bbox 1860 2045 2087 2123; x_wconf 85' lang='lat' dir='ltr'><strong>ingenti</strong></span> <span class='ocrx_word' id='word_1_199' title='bbox 2118 2043 2360 2106; x_wconf 85' lang='lat' dir='ltr'><strong>luxuria</strong></span> 
     </span>
     <span class='ocr_line' id='line_1_23' title="bbox 421 2127 2359 2209; baseline 0.001 -20"><span class='ocrx_word' id='word_1_200' title='bbox 421 2128 818 2191; x_wconf 84' lang='lat' dir='ltr'><strong>debacchatus</strong></span> <span class='ocrx_word' id='word_1_201' title='bbox 849 2136 940 2189; x_wconf 89' lang='lat' dir='ltr'><strong>est</strong></span> <span class='ocrx_word' id='word_1_202' title='bbox 970 2147 1107 2189; x_wconf 89' lang='lat' dir='ltr'><strong>cum</strong></span> <span class='ocrx_word' id='word_1_203' title='bbox 1137 2127 1375 2190; x_wconf 85' lang='lat' dir='ltr'><strong>libertis</strong></span> <span class='ocrx_word' id='word_1_204' title='bbox 1404 2130 1529 2189; x_wconf 88' lang='lat' dir='ltr'><strong>suis</strong></span> <span class='ocrx_word' id='word_1_205' title='bbox 1560 2135 1621 2190; x_wconf 89' lang='lat' dir='ltr'><strong>et</strong></span> <span class='ocrx_word' id='word_1_206' title='bbox 1649 2130 1855 2191; x_wconf 86' lang='lat' dir='ltr'><strong>amicis</strong></span> <span class='ocrx_word' id='word_1_207' title='bbox 1884 2128 2157 2209; x_wconf 87' lang='lat' dir='ltr'><strong>paribus,</strong></span> <span class='ocrx_word' id='word_1_208' title='bbox 2204 2147 2359 2206; x_wconf 85' lang='lat' dir='ltr'><strong>quo-</strong></span> 
     </span>
     <span class='ocr_line' id='line_1_24' title="bbox 347 2213 2359 2296; baseline 0.001 -22"><span class='ocrx_word' id='word_1_209' title='bbox 347 2225 384 2274; x_wconf 82' lang='lat'>9</span> <span class='ocrx_word' id='word_1_210' title='bbox 423 2233 557 2274; x_wconf 89' lang='lat' dir='ltr'><strong>rum</strong></span> <span class='ocrx_word' id='word_1_211' title='bbox 585 2215 1019 2296; x_wconf 75' lang='lat' dir='ltr'><strong>inpraesentia</strong></span> <span class='ocrx_word' id='word_1_212' title='bbox 1050 2213 1212 2275; x_wconf 90' lang='lat' dir='ltr'><strong>nulla</strong></span> <span class='ocrx_word' id='word_1_213' title='bbox 1241 2214 1437 2274; x_wconf 87' lang='lat' dir='ltr'><strong>inerat</strong></span> <span class='ocrx_word' id='word_1_214' title='bbox 1466 2216 1831 2283; x_wconf 83' lang='lat' dir='ltr'><strong>reuerentia,</strong></span> <span class='ocrx_word' id='word_1_215' title='bbox 1866 2221 1926 2274; x_wconf 90' lang='lat' dir='ltr'><strong>et</strong></span> <span class='ocrx_word' id='word_1_216' title='bbox 1954 2214 2219 2275; x_wconf 79' lang='lat' dir='ltr'><strong>Marcum</strong></span> <span class='ocrx_word' id='word_1_217' title='bbox 2254 2234 2359 2276; x_wconf 92' lang='lat' dir='ltr'><strong>ro-</strong></span> 
     </span>
     <span class='ocr_line' id='line_1_25' title="bbox 420 2298 2484 2376; baseline 0.001 -18"><span class='ocrx_word' id='word_1_218' title='bbox 420 2300 601 2376; x_wconf 85' lang='lat' dir='ltr'><strong>gauit,</strong></span> <span class='ocrx_word' id='word_1_219' title='bbox 635 2301 739 2376; x_wconf 88' lang='lat' dir='ltr'><strong>qui</strong></span> <span class='ocrx_word' id='word_1_220' title='bbox 769 2300 955 2368; x_wconf 86' lang='lat' dir='ltr'><strong>uenit,</strong></span> <span class='ocrx_word' id='word_1_221' title='bbox 987 2307 1054 2359; x_wconf 90' lang='lat' dir='ltr'><strong>ut</strong></span> <span class='ocrx_word' id='word_1_222' title='bbox 1081 2300 1251 2359; x_wconf 80' lang='lat' dir='ltr'><strong>fratri</strong></span> <span class='ocrx_word' id='word_1_223' title='bbox 1284 2298 1691 2360; x_wconf 87' lang='lat' dir='ltr'><strong>uenerabilem</strong></span> <span class='ocrx_word' id='word_1_224' title='bbox 1734 2309 1971 2360; x_wconf 81' lang='lat' dir='ltr'><strong>morum</strong></span> <span class='ocrx_word' id='word_1_225' title='bbox 2002 2317 2253 2360; x_wconf 86' lang='lat' dir='ltr'><strong>suorum</strong></span> <span class='ocrx_word' id='word_1_226' title='bbox 2298 2307 2361 2360; x_wconf 88' lang='lat' dir='ltr'><strong>et</strong></span> <span class='ocrx_word' id='word_1_227' title='bbox 2483 2363 2484 2368; x_wconf 59' lang='grc'>,</span> 
     </span>
     <span class='ocr_line' id='line_1_26' title="bbox 417 2382 2484 2463; baseline -0.001 -21"><span class='ocrx_word' id='word_1_228' title='bbox 417 2382 764 2446; x_wconf 81' lang='lat' dir='ltr'><strong>imitandam</strong></span> <span class='ocrx_word' id='word_1_229' title='bbox 808 2383 1154 2444; x_wconf 87' lang='lat' dir='ltr'><strong>ostenderet</strong></span> <span class='ocrx_word' id='word_1_230' title='bbox 1193 2383 1685 2454; x_wconf 76' lang='lat' dir='ltr'><strong>sanctitudinem,</strong></span> <span class='ocrx_word' id='word_1_231' title='bbox 1732 2391 1791 2444; x_wconf 91' lang='lat' dir='ltr'><strong>et</strong></span> <span class='ocrx_word' id='word_1_232' title='bbox 1830 2386 2097 2463; x_wconf 85' lang='lat' dir='ltr'><strong>quinque</strong></span> <span class='ocrx_word' id='word_1_233' title='bbox 2138 2384 2356 2446; x_wconf 83' lang='lat' dir='ltr'><strong>diebus</strong></span> <span class='ocrx_word' id='word_1_234' title='bbox 2386 2400 2436 2441; x_wconf 78' lang='lat'><strong>25</strong></span> <span class='ocrx_word' id='word_1_235' title='bbox 2483 2405 2484 2416; x_wconf 51' lang='lat'>³</span> 
     </span>
     <span class='ocr_line' id='line_1_27' title="bbox 419 2465 2484 2550; baseline 0.001 -23"><span class='ocrx_word' id='word_1_236' title='bbox 419 2469 483 2528; x_wconf 90' lang='lat' dir='ltr'><strong>in</strong></span> <span class='ocrx_word' id='word_1_237' title='bbox 528 2467 734 2528; x_wconf 88' lang='lat' dir='ltr'><strong>eadem</strong></span> <span class='ocrx_word' id='word_1_238' title='bbox 775 2467 914 2527; x_wconf 87' lang='lat' dir='ltr'><strong>uilla</strong></span> <span class='ocrx_word' id='word_1_239' title='bbox 953 2466 1226 2528; x_wconf 85' lang='lat' dir='ltr'><strong>residens</strong></span> <span class='ocrx_word' id='word_1_240' title='bbox 1266 2469 1711 2545; x_wconf 85' lang='lat' dir='ltr'><strong>cognitionibus</strong></span> <span class='ocrx_word' id='word_1_241' title='bbox 1753 2470 2055 2530; x_wconf 85' lang='lat' dir='ltr'><strong>continuis</strong></span> <span class='ocrx_word' id='word_1_242' title='bbox 2108 2488 2359 2550; x_wconf 85' lang='lat' dir='ltr'><strong>operam</strong></span> <span class='ocrx_word' id='word_1_243' title='bbox 2483 2465 2484 2500; x_wconf 65' lang='lat'><em>³</em></span> 
     </span>
     <span class='ocr_line' id='line_1_28' title="bbox 339 2551 2357 2634; baseline 0.002 -23"><span class='ocrx_word' id='word_1_244' title='bbox 339 2599 347 2603; x_wconf 85' lang='lat'>.</span> <span class='ocrx_word' id='word_1_245' title='bbox 419 2551 602 2622; x_wconf 86' lang='lat' dir='ltr'><strong>dedit,</strong></span> <span class='ocrx_word' id='word_1_246' title='bbox 662 2558 765 2612; x_wconf 87' lang='lat' dir='ltr'><strong>aut</strong></span> <span class='ocrx_word' id='word_1_247' title='bbox 813 2553 1174 2613; x_wconf 86' lang='lat' dir='ltr'><strong>conuiuante</strong></span> <span class='ocrx_word' id='word_1_248' title='bbox 1225 2553 1417 2614; x_wconf 83' lang='lat' dir='ltr'><strong>fratre</strong></span> <span class='ocrx_word' id='word_1_249' title='bbox 1462 2561 1562 2614; x_wconf 88' lang='lat' dir='ltr'><strong>aut</strong></span> <span class='ocrx_word' id='word_1_250' title='bbox 1612 2555 1885 2614; x_wconf 84' lang='lat' dir='ltr'><strong>conuiuia</strong></span> <span class='ocrx_word' id='word_1_251' title='bbox 1942 2565 2357 2634; x_wconf 85' lang='lat' dir='ltr'><strong>comparante.</strong></span> 
     </span>
     <span class='ocr_line' id='line_1_29' title="bbox 315 2636 2363 2718; baseline 0.001 -21"><span class='ocrx_word' id='word_1_252' title='bbox 315 2649 385 2697; x_wconf 89' lang='lat'><strong>10</strong></span> <span class='ocrx_word' id='word_1_253' title='bbox 421 2636 630 2698; x_wconf 88' lang='lat' dir='ltr'><strong>habuit</strong></span> <span class='ocrx_word' id='word_1_254' title='bbox 673 2644 734 2697; x_wconf 90' lang='lat' dir='ltr'><strong>et</strong></span> <span class='ocrx_word' id='word_1_255' title='bbox 773 2637 1101 2716; x_wconf 84' lang='lat' dir='ltr'><strong>Agrippum</strong></span> <span class='ocrx_word' id='word_1_256' title='bbox 1142 2637 1527 2708; x_wconf 84' lang='lat' dir='ltr'><strong>histrionem,</strong></span> <span class='ocrx_word' id='word_1_257' title='bbox 1574 2640 1672 2699; x_wconf 88' lang='lat' dir='ltr'><strong>cui</strong></span> <span class='ocrx_word' id='word_1_258' title='bbox 1720 2647 2181 2718; x_wconf 82' lang='lat' dir='ltr'><strong>cognomentum</strong></span> <span class='ocrx_word' id='word_1_259' title='bbox 2226 2648 2363 2700; x_wconf 91' lang='lat' dir='ltr'><strong>erat</strong></span> 
     </span>
     <span class='ocr_line' id='line_1_30' title="bbox 421 2721 2359 2804; baseline 0 -20"><span class='ocrx_word' id='word_1_260' title='bbox 421 2721 636 2792; x_wconf 72' lang='lat' dir='ltr'><strong>Memfi,</strong></span> <span class='ocrx_word' id='word_1_261' title='bbox 671 2739 847 2798; x_wconf 85' lang='lat' dir='ltr'><strong>quem</strong></span> <span class='ocrx_word' id='word_1_262' title='bbox 877 2728 939 2782; x_wconf 87' lang='lat' dir='ltr'><strong>et</strong></span> <span class='ocrx_word' id='word_1_263' title='bbox 961 2723 1160 2802; x_wconf 85' lang='lat' dir='ltr'><strong>ipsum</strong></span> <span class='ocrx_word' id='word_1_264' title='bbox 1193 2741 1226 2783; x_wconf 94' lang='lat' dir='ltr'><strong>e</strong></span> <span class='ocrx_word' id='word_1_265' title='bbox 1249 2723 1420 2804; x_wconf 76' lang='lat' dir='ltr'><strong>Syria</strong></span> <span class='ocrx_word' id='word_1_266' title='bbox 1442 2723 1632 2784; x_wconf 90' lang='lat' dir='ltr'><strong>ueluti</strong></span> <span class='ocrx_word' id='word_1_267' title='bbox 1662 2731 1979 2803; x_wconf 84' lang='lat' dir='ltr'><strong>tropaeum</strong></span> <span class='ocrx_word' id='word_1_268' title='bbox 2008 2724 2359 2786; x_wconf 87' lang='lat' dir='ltr'><strong>Parthicum</strong></span> 
     </span>
     <span class='ocr_line' id='line_1_31' title="bbox 315 2805 2437 2886; baseline -0.001 -18"><span class='ocrx_word' id='word_1_269' title='bbox 315 2819 384 2868; x_wconf 88' lang='lat'><strong>11</strong></span> <span class='ocrx_word' id='word_1_270' title='bbox 423 2806 776 2876; x_wconf 84' lang='lat' dir='ltr'><strong>adduxerat,</strong></span> <span class='ocrx_word' id='word_1_271' title='bbox 821 2823 996 2886; x_wconf 83' lang='lat' dir='ltr'><strong>quem</strong></span> <span class='ocrx_word' id='word_1_272' title='bbox 1037 2805 1426 2886; x_wconf 81' lang='lat' dir='ltr'><strong>Apol-austum</strong></span> <span class='ocrx_word' id='word_1_273' title='bbox 1467 2810 1819 2870; x_wconf 85' lang='lat' dir='ltr'><strong>nominauit.</strong></span> <span class='ocrx_word' id='word_1_274' title='bbox 1884 2810 2214 2871; x_wconf 84' lang='lat' dir='ltr'><strong>adduxerat</strong></span> <span class='ocrx_word' id='word_1_275' title='bbox 2257 2828 2357 2870; x_wconf 88' lang='lat' dir='ltr'><strong>se·</strong></span> <span class='ocrx_word' id='word_1_276' title='bbox 2388 2826 2437 2865; x_wconf 75' lang='lat' dir='ltr'><strong>so</strong></span> 
     </span>
     <span class='ocr_line' id='line_1_32' title="bbox 422 2891 2484 2972; baseline 0 -19"><span class='ocrx_word' id='word_1_277' title='bbox 422 2911 557 2954; x_wconf 89' lang='lat' dir='ltr'><strong>cum</strong></span> <span class='ocrx_word' id='word_1_278' title='bbox 587 2899 648 2954; x_wconf 91' lang='lat' dir='ltr'><strong>et</strong></span> <span class='ocrx_word' id='word_1_279' title='bbox 675 2891 942 2953; x_wconf 86' lang='lat' dir='ltr'><strong>fidicinas</strong></span> <span class='ocrx_word' id='word_1_280' title='bbox 975 2898 1035 2952; x_wconf 91' lang='lat' dir='ltr'><strong>et</strong></span> <span class='ocrx_word' id='word_1_281' title='bbox 1064 2891 1341 2954; x_wconf 89' lang='lat' dir='ltr'><strong>tibicines</strong></span> <span class='ocrx_word' id='word_1_282' title='bbox 1385 2899 1445 2952; x_wconf 90' lang='lat' dir='ltr'><strong>et</strong></span> <span class='ocrx_word' id='word_1_283' title='bbox 1474 2892 1798 2955; x_wconf 89' lang='lat' dir='ltr'><strong>histriones</strong></span> <span class='ocrx_word' id='word_1_284' title='bbox 1840 2911 2198 2972; x_wconf 86' lang='lat' dir='ltr'><strong>scurrasque</strong></span> <span class='ocrx_word' id='word_1_285' title='bbox 2242 2896 2361 2954; x_wconf 88' lang='lat' dir='ltr'><strong>mi·</strong></span> <span class='ocrx_word' id='word_1_286' title='bbox 2483 2891 2484 2896; x_wconf 73' lang='grc'>’</span> 
     </span>
    </p>
   </div>
   <div class='ocr_carea' id='block_1_3' title="bbox 370 3093 2484 3568">
    <p class='ocr_par' dir='ltr' id='par_1_3' title="bbox 370 3093 2484 3568">
     <span class='ocr_line' id='line_1_33' title="bbox 525 3093 2361 3162; baseline 0.003 -19"><span class='ocrx_word' id='word_1_287' title='bbox 525 3096 552 3143; x_wconf 93' lang='grc'>1</span> <span class='ocrx_word' id='word_1_288' title='bbox 579 3096 783 3159; x_wconf 75' lang='lat' dir='ltr'><strong>syriam</strong></span> <span class='ocrx_word' id='word_1_289' title='bbox 805 3093 874 3145; x_wconf 81' lang='lat' dir='ltr'><strong>P¹</strong></span> <span class='ocrx_word' id='word_1_290' title='bbox 998 3097 1043 3146; x_wconf 82' lang='lat'><strong>·2</strong></span> <span class='ocrx_word' id='word_1_291' title='bbox 1075 3095 1328 3147; x_wconf 72' lang='lat' dir='ltr'><strong>bat-ibam</strong></span> <span class='ocrx_word' id='word_1_292' title='bbox 1351 3095 1470 3147; x_wconf 90' lang='lat' dir='ltr'><strong>BP¹</strong></span> <span class='ocrx_word' id='word_1_293' title='bbox 1609 3098 1645 3146; x_wconf 80' lang='lat'>4</span> <span class='ocrx_word' id='word_1_294' title='bbox 1674 3097 1917 3162; x_wconf 61' lang='lat' dir='ltr'><strong>secundo</strong></span> <span class='ocrx_word' id='word_1_295' title='bbox 1944 3097 2085 3146; x_wconf 84' lang='lat' dir='ltr'><strong>ferre</strong></span> <span class='ocrx_word' id='word_1_296' title='bbox 2111 3094 2233 3146; x_wconf 75' lang='grc' dir='ltr'><strong>ΒΡ1</strong></span> <span class='ocrx_word' id='word_1_297' title='bbox 2263 3096 2361 3160; x_wconf 81' lang='lat' dir='ltr'><strong>(de</strong></span> 
     </span>
     <span class='ocr_line' id='line_1_34' title="bbox 370 3160 2223 3230; baseline 0 -18"><span class='ocrx_word' id='word_1_298' title='bbox 370 3160 373 3163; x_wconf 77' lang='grc'><strong>’</strong></span> <span class='ocrx_word' id='word_1_299' title='bbox 397 3160 580 3225; x_wconf 69' lang='lat' dir='ltr'><strong>‘er-as.)</strong></span> <span class='ocrx_word' id='word_1_300' title='bbox 715 3163 940 3214; x_wconf 81' lang='lat' dir='ltr'><strong>uidetur</strong></span> <span class='ocrx_word' id='word_1_301' title='bbox 959 3163 1075 3213; x_wconf 84' lang='lat' dir='ltr'><strong>BP</strong></span> <span class='ocrx_word' id='word_1_302' title='bbox 1220 3165 1252 3215; x_wconf 84' lang='lat'>5</span> <span class='ocrx_word' id='word_1_303' title='bbox 1277 3164 1563 3216; x_wconf 80' lang='lat' dir='ltr'><strong>babilonia</strong></span> <span class='ocrx_word' id='word_1_304' title='bbox 1586 3165 1637 3215; x_wconf 93' lang='lat' dir='ltr'><em>P</em></span> <span class='ocrx_word' id='word_1_305' title='bbox 1768 3165 2095 3230; x_wconf 84' lang='lat' dir='ltr'><strong>Appollonis</strong></span> <span class='ocrx_word' id='word_1_306' title='bbox 2118 3163 2223 3213; x_wconf 89' lang='lat' dir='ltr'><strong>BP</strong></span> 
     </span>
     <span class='ocr_line' id='line_1_35' title="bbox 419 3229 2362 3298; baseline 0.001 -18"><span class='ocrx_word' id='word_1_307' title='bbox 419 3233 450 3280; x_wconf 79' lang='lat'>7</span> <span class='ocrx_word' id='word_1_308' title='bbox 475 3229 774 3294; x_wconf 82' lang='lat' dir='ltr'><strong>urbemque</strong></span> <span class='ocrx_word' id='word_1_309' title='bbox 797 3230 902 3280; x_wconf 87' lang='lat' dir='ltr'><strong>BP</strong></span> <span class='ocrx_word' id='word_1_310' title='bbox 1038 3235 1096 3282; x_wconf 89' lang='lat' dir='ltr'><strong>et</strong></span> <span class='ocrx_word' id='word_1_311' title='bbox 1119 3232 1297 3282; x_wconf 86' lang='lat' dir='ltr'><strong><em>BPM.</em></strong></span> <span class='ocrx_word' id='word_1_312' title='bbox 1324 3232 1426 3282; x_wconf 85' lang='lat' dir='ltr'><strong>sed</strong></span> <span class='ocrx_word' id='word_1_313' title='bbox 1446 3235 1639 3298; x_wconf 72' lang='lat' dir='ltr'><strong>scripsi</strong></span> <span class='ocrx_word' id='word_1_314' title='bbox 1772 3235 1805 3282; x_wconf 87' lang='lat'><em>8</em></span> <span class='ocrx_word' id='word_1_315' title='bbox 1831 3233 1971 3282; x_wconf 83' lang='lat' dir='ltr'><strong>casii</strong></span> <span class='ocrx_word' id='word_1_316' title='bbox 1993 3231 2045 3280; x_wconf 91' lang='lat' dir='ltr'><em>B</em></span> <span class='ocrx_word' id='word_1_317' title='bbox 2181 3233 2243 3280; x_wconf 86' lang='lat'><strong>11</strong></span> <span class='ocrx_word' id='word_1_318' title='bbox 2273 3233 2362 3282; x_wconf 88' lang='lat' dir='ltr'><strong>in-</strong></span> 
     </span>
     <span class='ocr_line' id='line_1_36' title="bbox 419 3296 2484 3364; baseline 0.001 -16"><span class='ocrx_word' id='word_1_319' title='bbox 419 3296 764 3348; x_wconf 79' lang='lat' dir='ltr'><strong>causatis‘B¹</strong></span> <span class='ocrx_word' id='word_1_320' title='bbox 906 3300 970 3350; x_wconf 78' lang='lat'><strong>19</strong></span> <span class='ocrx_word' id='word_1_321' title='bbox 991 3300 1269 3350; x_wconf 77' lang='lat' dir='ltr'><strong>Maximus</strong></span> <span class='ocrx_word' id='word_1_322' title='bbox 1293 3301 1361 3349; x_wconf 85' lang='lat' dir='ltr'><em>M</em></span> <span class='ocrx_word' id='word_1_323' title='bbox 1491 3303 1559 3351; x_wconf 76' lang='lat'><strong>20</strong></span> <span class='ocrx_word' id='word_1_324' title='bbox 1581 3301 1827 3350; x_wconf 80' lang='lat' dir='ltr'><strong>extruxit</strong></span> <span class='ocrx_word' id='word_1_325' title='bbox 1850 3301 1901 3348; x_wconf 92' lang='lat' dir='ltr'><em>P</em></span> <span class='ocrx_word' id='word_1_326' title='bbox 2032 3300 2096 3348; x_wconf 81' lang='lat'><strong>21</strong></span> <span class='ocrx_word' id='word_1_327' title='bbox 2136 3297 2363 3350; x_wconf 77' lang='lat' dir='ltr'><strong>luxoria</strong></span> <span class='ocrx_word' id='word_1_328' title='bbox 2483 3329 2484 3364; x_wconf 32' lang='grc' dir='ltr'>ξ</span> 
     </span>
     <span class='ocr_line' id='line_1_37' title="bbox 417 3365 2484 3432; baseline 0.002 -18"><span class='ocrx_word' id='word_1_329' title='bbox 417 3365 473 3414; x_wconf 84' lang='grc' dir='ltr'><em>Β</em></span> <span class='ocrx_word' id='word_1_330' title='bbox 631 3367 698 3415; x_wconf 79' lang='grc'><strong>22</strong></span> <span class='ocrx_word' id='word_1_331' title='bbox 721 3365 1066 3432; x_wconf 80' lang='lat' dir='ltr'><strong>paribus]·an</strong></span> <span class='ocrx_word' id='word_1_332' title='bbox 1090 3367 1379 3432; x_wconf 79' lang='lat' dir='ltr'><strong>pluribus?</strong></span> <span class='ocrx_word' id='word_1_333' title='bbox 1540 3369 1606 3418; x_wconf 75' lang='lat'><strong>23</strong></span> <span class='ocrx_word' id='word_1_334' title='bbox 1630 3368 1960 3418; x_wconf 56' lang='lat' dir='ltr'><strong>in‘intermisi</strong></span> <span class='ocrx_word' id='word_1_335' title='bbox 2115 3365 2231 3415; x_wconf 83' lang='lat' dir='ltr'><strong>ulla.</strong></span> <span class='ocrx_word' id='word_1_336' title='bbox 2256 3367 2369 3418; x_wconf 90' lang='lat' dir='ltr'><strong>BP</strong></span> <span class='ocrx_word' id='word_1_337' title='bbox 2483 3369 2484 3380; x_wconf 54' lang='lat'>³</span> 
     </span>
     <span class='ocr_line' id='line_1_38' title="bbox 413 3427 2484 3498; baseline 0 -16"><span class='ocrx_word' id='word_1_338' title='bbox 413 3433 544 3494; x_wconf 76' lang='lat' dir='ltr'><strong>fort.</strong></span> <span class='ocrx_word' id='word_1_339' title='bbox 569 3448 682 3483; x_wconf 83' lang='lat' dir='ltr'><strong>non</strong></span> <span class='ocrx_word' id='word_1_340' title='bbox 707 3437 826 3483; x_wconf 76' lang='lat' dir='ltr'><strong>erat</strong></span> <span class='ocrx_word' id='word_1_341' title='bbox 849 3433 964 3484; x_wconf 83' lang='lat' dir='ltr'><strong>ulla</strong></span> <span class='ocrx_word' id='word_1_342' title='bbox 989 3451 1102 3486; x_wconf 84' lang='lat' dir='ltr'><strong>reu.</strong></span> <span class='ocrx_word' id='word_1_343' title='bbox 1241 3438 1309 3487; x_wconf 82' lang='lat'><strong>25</strong></span> <span class='ocrx_word' id='word_1_344' title='bbox 1334 3434 1782 3486; x_wconf 79' lang='lat' dir='ltr'><strong>sanctatudinem</strong></span> <span class='ocrx_word' id='word_1_345' title='bbox 1802 3433 1877 3484; x_wconf 83' lang='lat' dir='ltr'><strong>B¹</strong></span> <span class='ocrx_word' id='word_1_346' title='bbox 1904 3432 1991 3498; x_wconf 66' lang='lat'><strong>(1⁹¹</strong></span> <span class='ocrx_word' id='word_1_347' title='bbox 2020 3441 2057 3485; x_wconf 81' lang='lat' dir='ltr'><strong>t.</strong></span> <span class='ocrx_word' id='word_1_348' title='bbox 2084 3433 2263 3497; x_wconf 79' lang='lat' dir='ltr'><strong>Iord.)</strong></span> <span class='ocrx_word' id='word_1_349' title='bbox 2483 3427 2484 3446; x_wconf 66' lang='lat'><em>³</em></span> 
     </span>
     <span class='ocr_line' id='line_1_39' title="bbox 417 3501 2002 3568; baseline 0.001 -18"><span class='ocrx_word' id='word_1_350' title='bbox 417 3503 486 3550; x_wconf 79' lang='lat'><strong>29</strong></span> <span class='ocrx_word' id='word_1_351' title='bbox 511 3505 763 3568; x_wconf 86' lang='lat' dir='ltr'><strong>tropeum</strong></span> <span class='ocrx_word' id='word_1_352' title='bbox 785 3501 838 3550; x_wconf 90' lang='lat' dir='ltr'><em>B</em></span> <span class='ocrx_word' id='word_1_353' title='bbox 860 3503 1186 3568; x_wconf 80' lang='lat' dir='ltr'><strong>trophaeum</strong></span> <span class='ocrx_word' id='word_1_354' title='bbox 1208 3501 1349 3554; x_wconf 82' lang='lat' dir='ltr'><strong>P²M</strong></span> <span class='ocrx_word' id='word_1_355' title='bbox 1478 3505 1542 3554; x_wconf 85' lang='lat'><strong>31</strong></span> <span class='ocrx_word' id='word_1_356' title='bbox 1570 3517 1925 3568; x_wconf 65' lang='lat' dir='ltr'><strong>scrut-rusque</strong></span> <span class='ocrx_word' id='word_1_357' title='bbox 1949 3503 2002 3552; x_wconf 90' lang='lat' dir='ltr'><em>B</em></span> 
     </span>
    </p>
   </div>
   <div class='ocr_carea' id='block_1_4' title="bbox 2483 981 2484 1726">
    <p class='ocr_par' dir='ltr' id='par_1_4' title="bbox 2483 981 2484 1726">
     <span class='ocr_line' id='line_1_40' title="bbox 2483 981 2484 1726; baseline 0 0"><span class='ocrx_word' id='word_1_358' title='bbox 2483 981 2484 1726; x_wconf 95' lang='lat' dir='ltr'><strong> </strong></span> 
     </span>
    </p>
   </div>
   <div class='ocr_carea' id='block_1_5' title="bbox 2483 1981 2484 3854">
    <p class='ocr_par' dir='ltr' id='par_1_5' title="bbox 2483 1981 2484 3854">
     <span class='ocr_line' id='line_1_41' title="bbox 2483 1981 2484 3854; baseline 0 0"><span class='ocrx_word' id='word_1_359' title='bbox 2483 1981 2484 3854; x_wconf 95' lang='lat' dir='ltr'><strong> </strong></span> 
     </span>
    </p>
   </div>
  </div>
 </body>
</html>
