2517 3884
350 129 437 194 20
980 167 986 172 ·
1038 137 1213 194 AELll
1256 137 1605 194 SPARTlANl

354 311 415 364 et
454 305 546 365 sui
586 305 845 364 nominis
888 311 1129 382 pontem
1174 310 1233 363 et
1275 302 1658 382 sepulchrum
1702 307 1864 365 iuxta
1909 303 2176 366 Tiberim
2231 313 2292 366 et

251 395 315 446 12
352 390 559 450 aedem
592 389 791 450 Bonae
823 389 999 449 Deae.
1060 388 1368 449 transtulit
1409 396 1469 448 et
1498 388 1797 450 colossum
1827 397 2081 450 stantem
2115 397 2293 468 atque

352 493 711 554 suspensum
742 493 851 552 per
882 473 1240 534 Decrianum
1272 472 1666 534 architectum
1706 475 1780 535 de
1813 495 1884 535 eo
1915 474 2046 536 loco
2077 477 2138 536 in
2170 494 2291 554 quo

350 577 511 621 nunc
555 557 841 637 templum
883 557 1053 618 urbis
1097 565 1189 618 est
1226 559 1456 634 ingenti
1495 558 1833 628 molimine,
1892 561 1972 620 ita
2011 567 2079 620 ut
2121 563 2295 640 operi
2492 605 2493 628 ἦ

251 652 313 700 13
353 646 527 706 etiam
560 643 910 722 elephantos
950 643 1160 720 uiginti
1192 649 1474 723 quattuor
1519 643 1846 704 exhiberet.
1911 651 1971 704 et
2011 663 2147 706 cum
2177 644 2294 706 hoc
2351 664 2383 705 5

352 728 739 792 simulacrum
771 733 909 806 post
935 728 1191 789 Neronis
1220 726 1454 789 uultum
1473 775 1489 798 ‚
1535 731 1632 788 cui
1661 737 1836 790 antea
1867 729 2128 790 dicatum
2160 731 2291 814 fue·
2492 737 2493 744 ’

254 819 257 824 ’
349 822 473 884 rat,
529 812 653 874 Soli
696 819 1135 882 consecrasset,
1181 813 1338 874 aliud
1383 813 1501 874 tale
1541 813 1904 892 Apollodoro
1961 814 2292 876 architecto

351 907 594 972 auctore
626 900 825 958 facere
855 897 1059 958 Lunae
1090 898 1334 959 molitus
1366 905 1474 958 est.

228 980 333 1045 -20
479 984 546 1044 In
590 982 927 1061 conloquiis
972 985 1151 1044 etiam
1204 983 1672 1044 humillimorum
1733 983 2117 1045 ciuilissimus
2179 985 2294 1045 fuit

350 1069 655 1130 detestans
688 1087 791 1129 eos
822 1070 926 1146 qui
957 1067 1072 1128 sibi
1102 1067 1256 1129 hanc
1287 1067 1658 1148 uoluptatem
1689 1066 2074 1130 humanitatis
2116 1072 2290 1147 quasi
2317 1088 2375 1126 ιο

280 1161 312 1209 2
351 1155 649 1216 seruantis
670 1154 974 1231 fastigium
997 1155 1284 1232 principis
1306 1153 1667 1214 inuiderent.
1701 1153 1858 1232 apud
1870 1153 2291 1216 'Alexandriam

348 1242 413 1300 in
454 1241 645 1300 musio
686 1238 903 1300 multas
945 1237 1328 1316 quaestiones
1379 1239 1824 1317 professoribus
1876 1240 2190 1318 proposuit
2231 1252 2294 1301 et

280 1331 313 1382 3
348 1327 687 1404 propositas
715 1325 846 1402 ipse
878 1323 1169 1385 dissoluit.
1234 1323 1456 1384 Marius
1485 1324 1776 1385 Maximus
1806 1323 1977 1394 dicit,
2015 1343 2152 1386 eum
2183 1343 2291 1384 na-

348 1419 484 1470 tura
517 1408 823 1470 crudelem
854 1409 1037 1469 fuisse
1068 1416 1128 1468 et
1168 1409 1396 1469 idcirco
1429 1408 1610 1481 multa
1649 1410 1750 1488 pie
1779 1409 1990 1470 fecisse
2023 1408 2183 1485 quod
2214 1412 2290 1470 ti-

279 1501 313 1560 4,
348 1501 558 1563 meret,
594 1511 669 1553 ne
700 1491 818 1552 sibi
856 1493 1013 1552 idem
1058 1492 1216 1570 'quod
1246 1493 1580 1554 Domitiano
1622 1494 1835 1555 accidit
1879 1495 2167 1554 eueniret.
2195 1509 2200 1514 ·
2233 1501 2293 1556 et
2321 1511 2376 1551 15

350 1597 483 1638 cum
516 1577 723 1639 titulos
750 1579 813 1637 in
846 1577 1131 1657 operibus
1172 1595 1295 1638 non
1327 1585 1584 1647 amaret,
1619 1577 1836 1639 multas
1865 1581 2137 1640 ciuitates
2168 1578 2288 1640 Ha-

348 1662 714 1742 drianopolis
737 1662 1075 1741 appellauit,
1106 1669 1173 1723 ut
1189 1664 1380 1741 ipsam
1401 1661 1826 1740 Karthaginem
1852 1672 1910 1724 et
1921 1663 2293 1726 Athenarum

281 1758 312 1806 5
350 1755 598 1826 partem.
646 1765 935 1825 aquarum
968 1746 1182 1808 ductus
1214 1748 1392 1807 etiam
1421 1748 1684 1808 infinitos
1717 1747 1833 1809 hoc
1863 1751 2102 1810 nomine
2133 1767 2291 1810 nun-

246 1843 329 1891 6.7
352 1836 604 1914 cupauit.
666 1833 795 1893 fisci
827 1832 1180 1892 aduocatum
1215 1833 1450 1910 primus
1477 1833 1750 1894 instituit.
1814 1835 1923 1894 fuit
1962 1835 2288 1894 memoriae

347 1921 625 1996 ingentis,
651 1916 945 1980 facultatis
974 1919 1299 1978 inmensae.
1346 1935 1482 1976 nam
1512 1918 1643 1996 ipse
1677 1923 1736 1976 et
1766 1919 2067 1980 orationes
2097 1913 2283 1979 dicta-
2315 1934 2368 1974 20

281 2014 313 2062 8
350 2006 439 2066 uit
489 2012 549 2065 et
600 2003 671 2066 ad
724 2005 920 2063 omnia
972 2001 1300 2081 respondit.
1373 2003 1502 2061 ioca
1555 2003 1684 2062 eius
1737 2001 1996 2080 plurima
2053 2009 2284 2072 extant;

349 2108 482 2149 nam
538 2091 650 2150 fuit
700 2090 879 2149 etiam
932 2087 1251 2148 dicaculus.
1329 2086 1488 2147 unde
1541 2085 1687 2147 illud
1741 2103 1978 2164 quoque
2028 2089 2294 2149 innotuit

350 2176 537 2251 quod,
583 2192 717 2236 cum
748 2173 984 2234 cuidam
1027 2174 1367 2233 canescenti
1407 2171 1684 2249 quiddam
1728 2179 2032 2250 negasset,
2093 2172 2288 2234 eidem

348 2261 568 2319 iterum
598 2259 826 2336 petenti
846 2258 959 2332 sed
991 2259 1213 2316 infecto
1249 2259 1441 2335 capite
1477 2256 1786 2335 respondit
1815 2256 1993 2326 „Iam
2038 2255 2152 2316 hoc
2179 2275 2286 2334 pa-

280 2352 313 2402 9
348 2344 429 2402 tri
457 2349 561 2404 tuo
591 2344 873 2419 negaui.“
932 2343 1173 2400 nomina
1202 2340 1476 2419 plurimis
1507 2343 1636 2400 sine
1667 2340 2116 2400 num‘enclatore
2147 2339 2286 2400 red·
2315 2356 2370 2396 25

350 2427 529 2496 didit,
564 2443 715 2503 quae
747 2424 930 2486 semel
964 2433 1021 2484 et
1050 2430 1332 2502 congesta
1362 2423 1543 2485 simul⁴
1569 2423 1898 2492 audiuerat,
1934 2431 2001 2484 ut
2028 2442 2284 2485 numen-

249 2521 313 2571 10
350 2511 605 2572 clatores
636 2511 875 2589 saepius
906 2517 1177 2570 errantes
1210 2509 1560 2569 emendarit.
1594 2508 1742 2569 dixit
1771 2516 1829 2568 et
1860 2517 2289 2570 ueteranorum

350 2599 607 2666 nomina,
643 2613 792 2673 quos
822 2593 1137 2671 aliquando
1169 2594 1496 2654 dimiserat.
1556 2593 1746 2654 libros
1778 2595 1976 2654 statim
2005 2592 2196 2654 lectos
2215 2602 2290 2655 et

250 2692 311 2740 11
350 2684 584 2760 ignotos
624 2680 865 2758 quidem
905 2679 1198 2758 plurimos
1238 2678 1586 2740 memoriter
1628 2678 1908 2740 reddidit.
1971 2697 2092 2740 uno
2134 2686 2286 2740 tem·

348 2787 497 2846 pore
528 2768 766 2845 scripsit
794 2765 1039 2825 dictauit
1082 2764 1309 2825 audiuit
1353 2770 1411 2824 et
1453 2783 1592 2824 cum
1621 2766 1826 2825 amicis
1867 2763 2164 2826 fabulatus
2196 2773 2287 2825 est
2313 2779 2366 2819 30

354 2853 435 2934 [si
466 2859 661 2932 potest
692 2848 907 2930 credi].
984 2867 1191 2910 omnes
1221 2847 1494 2930 publicas
1523 2851 1787 2911 rationes
1817 2851 1896 2910 ita
1939 2847 2288 2928 complexus

452 3007 483 3053 2
518 3003 691 3054 daeae
727 3003 778 3052 B
814 3004 1115 3067 inter-punxi
1156 3009 1275 3052 ante
1309 3001 1600 3052 transtulit
1628 3000 1924 3066 (Momm),
1956 3002 2009 3050 in
2041 3002 2172 3064 uoly.
2209 3002 2286 3050 in-

2083 3077 2105 3104 (2

348 3130 481 3185 terp.
503 3129 625 3186 post
648 3121 952 3172 transtulit.
1092 3125 1123 3172 3
1149 3121 1463 3172 detrianum
1485 3120 1557 3170 B¹
1687 3123 1749 3170 10
1773 3121 1882 3170 han
1907 3117 1976 3167 B¹
2004 3119 2115 3168 han
2141 3121 2192 3169 P

352 3193 415 3240 12
440 3189 691 3239 immusio
715 3190 819 3238 BP
849 3187 909 3252 (t.
932 3189 1107 3252 Iord.)
1250 3192 1312 3240 17
1339 3190 1662 3238 ethenarum
1693 3186 1813 3238 ΒΡ1
1849 3203 1984 3238 corr.
2010 3185 2080 3236 P³
2127 3188 2284 3238 athe·

349 3273 544 3308 narum
568 3256 635 3306 M
764 3259 831 3307 20
856 3257 1137 3306 orationes
1164 3262 1220 3307 et
1243 3257 1406 3307 BPV
1405 3257 1470 3306 M
1501 3260 1558 3306 et
1581 3255 1862 3306 orationes
1886 3255 2101 3306 lordan.
2219 3258 2286 3306 23

351 3325 577 3391 quidam
598 3323 671 3374 B¹
820 3327 887 3376 25
912 3325 1292 3377 numenlatore
1327 3324 1395 3374 V¹
1543 3325 1610 3374 26
1635 3327 1861 3388 cogesta
1888 3321 1956 3372 B¹
2109 3326 2174 3374 27
2203 3339 2286 3374 se—

350 3395 476 3460 pius
501 3393 552 3442 B
678 3393 995 3443 emendauit
1017 3393 1183 3443 BPV
1311 3395 1376 3443 29
1403 3392 1652 3458 plurimis
1676 3391 1894 3442 BPVM
1919 3408 2009 3443 em.
2042 3391 2084 3442 G
2219 3394 2283 3444 31
2357 3425 2372 3431 -

350 3467 512 3528 potes
537 3459 662 3511 B¹P
695 3461 743 3510 si
766 3464 953 3527 potest
980 3461 1128 3512 credi
1153 3478 1246 3514 om.
1271 3465 1402 3528 uolq.
