2517 3884
244 550 309 600 13

239 635 306 684 14

243 1049 322 1114 13

217 1549 230 1556 -
275 1485 307 1533 2

275 1655 308 1703 3

273 1739 309 1788 4

275 2077 310 2126 5

278 2585 312 2634 6

333 188 460 254 164
1002 189 1153 246 IVLII
1197 187 1565 247 CAPITOLINI

338 381 476 426 cum
503 359 608 422 ille
638 360 834 422 neniis
865 356 1218 436 quibusdam
1264 355 1519 418 anilibus
1549 364 1874 436 occupatus
1916 357 2073 418 inter
2104 355 2271 418 Mile-

339 451 459 512 sias
497 447 751 508 Punicas
789 443 1001 522 Apulei
1043 443 1135 504 sui
1175 449 1236 502 et
1275 441 1504 503 ludicra
1546 440 1835 504 litteraria
1873 460 2269 504 consenesce-

341 541 502 596 ret.“
574 531 728 592 Hinc
788 535 1068 609 apparet,
1131 535 1353 604 quanta
1412 528 1734 588 seueritate
1792 528 2112 590 factionem
2171 527 2275 588 uel

339 618 807 681 Pescennianam
849 612 947 674 uel
991 611 1337 674 Clodianam
1370 612 1781 674 uindicauerit.
1849 631 2003 694 quae
2034 612 2277 692 quidem

340 704 540 766 omnia
566 702 630 762 in
661 702 782 762 uita
813 700 941 760 eius
971 700 1163 778 posita
1189 704 1349 761 sunt.
1427 714 1581 776 quae
1612 699 1714 776 qui
1745 697 2088 777 diligentius
2116 700 2275 760 scire
2332 714 2360 754 5

339 789 520 858 uelit,
550 786 712 864 legat
739 784 993 846 Marium
1022 783 1345 845 Maximum
1374 783 1449 844 de
1479 783 1706 844 Latinis
1738 783 2163 864 scriptoribus,
2196 783 2275 844 de

342 873 585 936 Graecis
615 869 1008 950 scriptoribus
1037 868 1464 938 Herodianum,
1510 869 1611 948 qui
1652 869 1725 960 ad
1766 868 1941 930 fidem
1984 869 2275 949 pleraque

342 960 865 1105 ὼχθῖῗιιῗίιῐῑέῐπιπθ
886 1057 1196 1118 proceruS,
1243 1037 1458 1117 capillo
1490 1037 1700 1098 renodi
1734 1005 2041 1120 et'crispo,
2075 1039 2275 1100 fronte

339 1130 457 1191 lata
489 1135 548 1190 et
577 1125 840 1188 candore
871 1123 1162 1194 mirabili,
1209 1130 1277 1183 ut
1303 1122 1577 1203 plerique
1605 1131 1848 1202 putent,
1904 1125 2063 1202 quod
2096 1142 2165 1184 ex
2200 1143 2273 1184 eo
2304 1141 2358 1180 ιο

341 1231 561 1276 nomen
593 1211 912 1290 acceperit,
949 1227 1097 1269 uoce
1127 1207 1409 1271 muliebri
1442 1215 1500 1269 et
1528 1226 1720 1288 prope
1752 1209 1826 1278 ad
1858 1210 2273 1272 eunuchorum

342 1315 576 1368 sonum,
612 1303 779 1358 motu
803 1294 978 1364 facili,
1011 1292 1323 1355 iracundia
1353 1295 1542 1372 graui,
1578 1295 1782 1356 furore
1813 1296 2181 1364 tristissimo,
2211 1296 2273 1355 in

346 1384 580 1446 luxurie
611 1383 846 1449 uarius,
879 1398 1020 1441 nam
1053 1395 1232 1458 saepe
1265 1377 1550 1458 adpetens
1584 1381 1727 1450 uini,
1755 1381 2105 1458 frequenter
2134 1379 2269 1441 abs-

344 1472 554 1530 tinenS.
635 1483 942 1526 armorum
1003 1465 1200 1524 sciens
1229 1481 1508 1542 prorsus,
1556 1470 1623 1524 ut
1663 1483 1784 1526 non
1814 1465 1967 1527 male
2000 1467 2093 1526 sui
2121 1471 2274 1526 tem-

344 1555 510 1633 poris
541 1550 789 1612 Catilina
819 1548 1139 1609 diceretur.
2306 1563 2363 1603 15

469 1636 604 1696 Non
625 1631 707 1695 'ab
757 1651 824 1694 re
870 1650 1004 1692 esse
1043 1631 1348 1692 credimus
1408 1650 1618 1694 causas
1678 1634 1996 1694 ostendere
2058 1633 2278 1710 quibus

345 1738 613 1784 amorem
661 1723 904 1779 senatus
937 1715 1177 1777 Clodius
1207 1714 1455 1777 Albinus
1486 1719 1806 1779 meruerit:
1874 1737 2011 1778 eum
2055 1718 2271 1779 Britta-

342 1806 514 1870 nicos
555 1804 853 1865 exercitus
897 1807 1137 1881 regeret
1195 1803 1367 1863 iussu
1406 1801 1714 1863 Commodi
1754 1809 1931 1880 atque
1970 1801 2139 1863 illum
2183 1804 2275 1862 in·
2368 1826 2380 1835 ·

343 1895 710 1970 teremptum
769 1885 962 1948 adhuc
1000 1885 1150 1948 falso
1198 1887 1617 1966 comperisset,
1682 1905 1820 1950 cum
1875 1887 1989 1948 sibi
2029 1887 2103 1950 ab
2144 1889 2277 1967 ipso

346 1973 670 2038 Commodo
703 1973 1142 2035 Caesareanum
1172 1989 1397 2032 nomen
1442 1979 1601 2034 esset
1648 1972 1938 2042 delatum,
1982 1975 2280 2054 processit
2308 1987 2359 2026 20

347 2062 420 2123 ad
461 2059 678 2122 milites
723 2066 784 2120 et
825 2057 938 2119 hac
979 2056 1252 2118 contione
1299 2075 1449 2118 usus
1490 2065 1608 2118 est:
1686 2057 1793 2129 „Si
1835 2065 2077 2120 senatus
2109 2078 2168 2139 p.
2203 2057 2271 2119 R.

345 2164 525 2209 suum
551 2143 699 2206 illud
741 2150 915 2205 uetus
956 2141 1207 2203 haberet
1247 2143 1601 2222 imperium,
1663 2145 1869 2206 necin
1897 2146 2075 2205 unius
2106 2150 2277 2224 pote-

347 2238 498 2293 state
521 2249 621 2294 res
647 2235 808 2290 tanta
826 2229 1203 2297 consisteret,
1219 2245 1343 2288 non
1362 2227 1705 2290 adVitellios
1716 2246 1911 2307 neque
1922 2229 1995 2289 ad
2008 2229 2279 2290 Nerones

345 2332 543 2392 neque
576 2315 648 2376 ad
681 2314 1047 2374 Domitianos
1077 2312 1318 2392 publica
1347 2313 1464 2374 fata
1505 2316 1843 2384 uenissent,
1904 2316 1968 2374 in
2024 2315 2279 2392 imperio

347 2399 650 2461 consulari
707 2404 948 2458 nostrae
1018 2395 1154 2457 illae
1217 2403 1428 2474 gentes
1488 2397 1869 2458 Ceioniorum
1927 2395 2275 2457 Albinorum
2308 2410 2363 2450 25

348 2483 808 2551 Postumiorum,
846 2481 920 2540 de
955 2479 1166 2557 quihus
1195 2487 1397 2559 patres
1428 2483 1637 2550 uestri,
1672 2483 1774 2559 qui
1806 2488 1866 2540 et
1896 2483 2012 2558 ipsi
2044 2479 2117 2541 ab
2149 2481 2279 2540 auis

351 2569 474 2628 suis
515 2566 851 2635 audierant,
897 2563 1081 2625 multa
1126 2564 1478 2626 didicerunt.
1558 2574 1615 2626 et
1660 2574 1821 2626 certe
1863 2566 2120 2626 Africam
2162 2565 2281 2626 Ro-

282 2697 290 2706 ·
347 2671 526 2715 mano
553 2651 809 2731 imperio
841 2655 1081 2710 senatus
1111 2648 1409 2719 adiunxit,
1466 2649 1715 2712 Galliam
1747 2657 1986 2712 senatus
2047 2650 2285 2729 subegit

348 2745 408 2799 et
447 2737 793 2818 Hispanias,
856 2732 1248 2795 orientalibus
1300 2733 1538 2815 populis
1591 2742 1831 2798 senatus
1872 2736 2036 2797 dedit
2094 2735 2277 2815 leges,

348 2822 600 2886 Parthos
629 2821 944 2900 temptauit
975 2825 1242 2888 senatus;
1310 2820 1675 2899 subegisset,
1721 2823 1839 2884 nisi
1880 2829 2002 2883 tam
2034 2840 2285 2884 auarum
2308 2834 2359 2874 80

346 2910 681 2988 principem
724 2905 994 2968 Romano
1019 2907 1314 2996 ‘exercitui
1345 2907 1582 2969 fortuna
1612 2909 1704 2969 rei
1741 2927 1799 2988 p.
1837 2915 1979 2969 tunc
2013 2908 2309 2968 dixisset.‘

449 3111 483 3161 6
508 3109 576 3160 de
601 3110 819 3176 graecis
842 3109 1049 3162 Herod.
1075 3110 1142 3163 M
1277 3113 1341 3162 10
1372 3108 1489 3162 lato
1513 3110 1585 3160 B¹
1723 3114 1783 3161 et
1814 3116 1877 3162 ut
1899 3110 2070 3162 BPM
2112 3115 2169 3160 et
2193 3113 2287 3161 de-

349 3180 453 3230 leuz‘
578 3181 781 3244 putant
804 3179 869 3229 M
890 3176 1033 3232 exc!
1171 3177 1319 3245 quod
1343 3195 1435 3233 om.
1462 3179 1530 3230 M
1664 3180 1726 3228 11
1754 3178 2165 3231 eununchorum
2186 3178 2290 3228 BP

352 3256 390 3298 t.
415 3246 467 3300 Ι.
617 3248 680 3296 12
717 3261 850 3298 sone
874 3245 948 3296 B¹
1093 3246 1441 3299 iracundiam
1470 3244 1597 3298 BP¹
1636 3263 1752 3301 exe.
1902 3250 1965 3300 13
1996 3247 2209 3298 luxorie
2234 3245 2286 3296 B

349 3313 570 3366 luxuria
594 3313 663 3363 M
792 3316 1008 3367 uarium
1029 3314 1134 3365 BP
1151 3331 1273 3367 eaec.
1414 3317 1477 3366 14
1502 3318 1761 3366 strenuus
1786 3331 2011 3381 prorsus
2034 3315 2102 3366 M
2221 3317 2289 3364 24

350 3381 642 3433 uenissent
665 3388 836 3433 essent
852 3382 913 3433 in
933 3383 1060 3449 imp.
1089 3382 1318 3435 Momms.
1454 3385 1520 3433 2⁷
1547 3382 1864 3434 dididerunt
1890 3383 2011 3434 Obr.
2138 3385 2206 3434 29
2231 3386 2289 3432 et

352 3457 472 3501 ante
495 3449 656 3513 Hisp.
681 3464 777 3500 om.
801 3449 906 3500 BP
1041 3451 1263 3518 subegit
1288 3450 1362 3502 B¹
1398 3449 1553 3501 dedit
1576 3449 1652 3500 B²
1786 3455 1854 3502 30
1887 3456 1944 3502 et
1969 3451 2287 3516 subegisset

351 3518 414 3569 M
571 3516 683 3568 nisi
705 3515 840 3584 tam]
892 3522 944 3569 st
968 3518 1073 3569 BP
1090 3534 1206 3574 exc.
1367 3520 1431 3572 31
1460 3517 1664 3572 dixisse
1689 3519 1794 3570 BP
1810 3535 1927 3572 eoec.
1955 3518 2203 3572 dedisset
2228 3518 2288 3569 M
