2517 3884
328 217 567 267 INDEX
600 216 949 267 NOMINVM
984 218 1079 267 ΕΤ
1116 216 1371 266 RERVM
1407 216 1986 285 MEMORABILIVM
2071 218 2196 281 337

103 388 294 439 seruile
337 384 545 435 bellum
591 385 649 433 in
695 380 894 433 Sicilia
939 384 999 435 H
1044 386 1129 449 77,
1182 382 1408 435 Seuerus
1441 385 1618 435 frater
1664 384 1946 437 Commodi
1993 384 2203 437 Caesar

176 457 261 505 13.
1251 452 1568 518 appellatus
1603 454 1687 515 90,
1724 454 1774 503 8.

108 523 378 573 Ser-uilium
398 519 647 570 Silanum
668 520 952 569 interemit
972 518 1125 570 Com.
1182 518 1373 571 Seueri
1396 524 1827 584 cognomentum
1865 522 1955 570 aui
1983 524 2042 570 et
2075 536 2200 585 pro·

175 591 259 649 95,
298 590 347 639 8.
562 624 565 631 -
1250 588 1346 637 aui
1389 587 1497 639 sibi
1540 586 1668 640 Did.
1714 587 2032 638 adsciuerat
2083 590 2202 649 122,

104 659 323 708 seruitia
360 655 561 704 castris
598 654 886 719 profutura
925 670 959 704 a
984 652 1334 720 Cap-16.

176 724 479 789 padocibus
524 722 771 787 suscepit
806 721 1126 773 Hadrianus
1178 721 1650 775 Seuerus.1unius
1671 748 1757 772 —-.
1791 722 1904 772 uid.
1940 722 2154 775 Iunius.

181 794 381 851 14,16.
1179 790 1424 840 Seuerum
1497 788 1744 855 Opilius
1791 790 2076 841 Macrinus
2139 804 2198 841 se

102 876 285 911 seruos
340 874 374 908 a
420 858 652 907 dominis
711 856 891 907 occidi
948 858 1127 907 uetuit
1245 861 1588 921 nuncupauit
1626 859 1744 919 184,
1770 858 1818 908 6.
1850 858 1964 917 186,
1991 860 2088 920 31;
2115 860 2200 909 32.

174 926 353 977 Hadr..
379 928 459 989 19,
474 928 521 977 2.
556 941 667 975 non
690 924 757 975 de
782 924 1038 975 omnibus
1061 940 1125 985 5.,
1249 927 1364 986 190,
1392 927 1474 974 27.

174 998 225 1045 si
261 994 511 1044 dominus
546 992 605 1042 in
630 992 786 1043 domo
822 994 1122 1058 interemp-
1174 992 1400 1043 Seuerus
1443 992 1711 1043 Pertinax
1747 992 1880 1044 Afer
1928 990 2072 1056 (189,
2108 991 2200 1058 21)

176 1068 265 1111 tus
302 1064 471 1123 esset,
510 1063 891 1125 quaestionem
926 1060 1124 1110 haberi

1245 1059 1358 1109 uid.
1396 1060 1680 1109 Pertinax.

175 1128 350 1180 Hadr.
373 1128 663 1193 praecepit
690 1130 834 1191 19,9.
874 1144 919 1181 s.
934 1128 1005 1177 ad.
1027 1128 1127 1178 mi-
1178 1152 1246 1163 -
1283 1128 1577 1177 Petronius
1613 1126 1814 1179 Didius
1837 1154 1922 1183 --,
1961 1128 2072 1177 uid.
2098 1128 2202 1179 Pe—

178 1197 358 1247 litiam
404 1197 631 1261 parauit
664 1197 890 1246 Marcus
927 1199 984 1245 et
1027 1211 1125 1246 uo·
1248 1196 1484 1247 tronius.

177 1264 449 1314 luntarios
520 1263 831 1329 appellauit
889 1265 979 1321 61,
1044 1265 1126 1315 16.
1178 1288 1249 1298 —-
1283 1264 1602 1314 Postumius
1625 1289 1704 1312 -.
1731 1262 1846 1313 uid.
1870 1263 2202 1314 Postumius.

175 1346 367 1381 seruos
422 1332 515 1396 qui
568 1331 713 1381 domi
804 1370 806 1375 .
854 1332 1133 1396 fugissent
1180 1357 1248 1366 —
1286 1330 1586 1396 Septimius
1621 1336 1852 1395 patruus
1897 1330 2024 1381 Seu.
2073 1332 2204 1394 imp.

177 1402 427 1463 repertos
473 1398 545 1448 ad
590 1398 741 1463 gladr
780 1397 833 1447 m
876 1398 995 1449 ludi
1038 1398 1130 1449 de-

179 1467 403 1531 putauit
438 1465 587 1531 Opil.
630 1468 744 1527 192,
783 1468 868 1516 21.
918 1482 963 1516 s.
1002 1481 1130 1519 suos

176 1550 396 1599 semper
433 1549 553 1583 cum
590 1503 786 1583 serui’li
826 1538 987 1585 ueste
1030 1534 1129 1584 ha-

1252 1400 1369 1461 125,
1397 1400 1444 1448 6.
1497 1399 1674 1447 latum
1711 1398 1929 1448 clauum
1954 1414 1988 1447 a
2012 1398 2204 1447 Marco

1251 1466 1381 1516 Seu.
1405 1466 1536 1531 imp.
1558 1466 1779 1531 accepit
1803 1466 2033 1515 fauente
2049 1464 2203 1530 Sept.

1254 1533 1385 1584 Seu.
1424 1532 1593 1583 adfini
1632 1548 1730 1584 suo
1772 1534 1998 1596 125,15.

178 1602 302 1652 buit
335 1600 493 1651 Alex.
519 1603 635 1663 243,
661 1604 747 1654 27.
796 1602 969 1652 seruis
1005 1618 1153 1667 pro·
1180 1626 1251 1637 —
1314 1600 1619 1667 Septimius
1701 1602 1831 1665 imp.
1914 1602 2066 1651 uita
2124 1600 2204 1651 ab

178 1670 354 1735 prium
392 1670 632 1718 uestium
679 1683 854 1734 genus
900 1668 1033 1720 dare
1070 1670 1130 1719 in

92 1760 95 1763 ·
182 1738 369 1786 animo
426 1737 625 1786 habuit
679 1736 841 1787 Alex.
890 1738 1128 1817 246,16.

180 1805 383 1855 multos
419 1820 607 1855 seruos
646 1820 713 1855 ex
747 1805 965 1855 familia
1000 1818 1129 1871 pro-

176 1874 317 1937 pria,
356 1873 450 1937 qui
476 1879 871 1937 peccauerant,
908 1872 1127 1937 legibus

180 1939 485 1989 audiendos
509 1939 732 1989 iudiciis
770 1940 1009 2004 publicis
1034 1939 1127 1990 de-

179 2008 263 2055 dit
306 2006 439 2055 Aur.
474 2007 533 2056 11
580 2008 699 2067 170,
736 2008 785 2056 9.
868 2012 932 2055 ut
985 2021 1028 2056 s.
1076 2008 1135 2055 in

178 2074 521 2124 dominorum
568 2074 757 2137 capita
800 2089 911 2123 non
964 2074 1137 2123 inter-

178 2145 526 2207 rogarentur,
571 2141 706 2191 Tac.
746 2142 901 2191 cauit
934 2141 993 2190 11
1019 2143 1133 2200 177,

181 2212 267 2259 22.
339 2209 489 2258 serui
544 2209 757 2273 publici
812 2209 870 2259 II
915 2209 998 2267 36,
1044 2210 1132 2259 23.

180 2292 373 2328 seruos
431 2276 675 2326 urbanos
728 2291 916 2326 omnes
969 2290 1137 2325 manu

1250 1667 1449 1719 Aelio
1509 1666 1880 1733 Spartiano
1935 1668 2204 1734 scripta

1250 1754 1306 1803 p.
1357 1739 1643 1787 125—143.
1679 1762 1752 1771 —-—
1789 1738 2026 1795 163‚13.
2084 1736 2202 1798 168,

1248 1808 1336 1855 20.
1395 1806 1520 1865 215,
1560 1806 1610 1855 2.
1671 1805 1922 1865 237,11.
2004 1804 2063 1854 11
2117 1804 2202 1864 95,

1250 1874 1335 1922 24.
1373 1873 1492 1935 204,
1529 1869 1580 1921 9.
1631 1896 1696 1907 --
1744 1869 1801 1920 8.
1841 1870 2203 1921 Commodum

1254 1940 1402 1988 inter
1436 1938 1568 1989 deos
1603 1936 1825 1987 rettulit
1861 1940 1976 1999 102,
2005 1939 2087 1991 10.
2122 1939 2208 1986 in—

1256 2006 1442 2055 stituit
1501 2010 1564 2053 ut
1616 2005 1828 2055 natalis
1874 2006 1992 2069 eius
2055 2004 2205 2055 cele-

1254 2074 1514 2124 braretur
1559 2074 1674 2134 102,
1714 2074 1796 2121 14.
1890 2072 2018 2124 Seu.
2074 2073 2205 2137 imp.

1254 2139 1544 2190 Pertinaci
1595 2140 1762 2191 funus
1817 2140 2210 2205 imaginarium

1258 2212 1316 2257 et
1335 2207 1642 2257 censorium
1655 2207 1878 2257 ductum
1893 2212 1978 2257 est
1992 2208 2106 2268 115,
2121 2209 2205 2257 30.

1256 2276 1412 2326 Pert.
1440 2277 1509 2325 ab
1547 2272 1604 2324 8.
1630 2274 1851 2324 funebri
1885 2274 2207 2324 laudatione

112 2408 118 2411 ἢ
180 2344 483 2393 misit-Tac.
491 2346 673 2408 ,intra
696 2348 915 2393 centum
929 2349 1132 2405 tamen,
1258 2347 1488 2393 ornatus
1526 2344 1642 2401 115,
1667 2345 1749 2394 33.
1796 2342 1851 2391 S.
1889 2342 2206 2392 Pertinacis

178 2428 250 2462 ne
272 2410 567 2461 Caniniam
592 2412 829 2461 transire
854 2412 1136 2462 uideretur
1256 2426 1456 2462 nomen
1502 2424 1537 2459 a
1581 2414 1782 2460 senatu
1826 2410 2046 2474 accepit
2089 2411 2208 2473 115,

179 2481 238 2531 ΙΙ
274 2480 514 2541 178,17.
1256 2480 1342 2530 34.
1441 2476 1570 2527 Seu.
1631 2478 1860 2527 sustulit
1928 2478 2208 2527 circenses

112 2549 432 2598 Seuerianae
488 2538 741 2599 thermae
786 2562 821 2597 a
866 2546 1134 2613 Septimio
1256 2546 1478 2611 imperii
1546 2544 1752 2595 natalis
1816 2546 1875 2595 in
1943 2545 2208 2595 honorem

184 2614 315 2663 Seu.
352 2619 639 2665 extructae
681 2618 795 2677 139,
836 2618 884 2666 7.
1252 2615 1405 2666 Pert.
1446 2612 1665 2663 additos
1713 2614 1836 2676 116,
1875 2616 1924 2663 3.
1999 2630 2032 2663 a
2077 2612 2206 2663 Did.

122 2679 369 2747 [Seuerus
403 2682 521 2743 227,
560 2678 635 2747 8.]
1256 2681 1497 2743 desciuit
1553 2682 1614 2729 in
1665 2680 1892 2745 Illyrico
1954 2682 2076 2740 120,
2123 2681 2206 2731 31.

112 2748 340 2800 Seuerus
376 2763 525 2797 cons.
565 2746 639 2812 (a.
665 2749 911 2814 898s146)
941 2751 1055 2811 125,
1084 2750 1136 2801 8.
1258 2750 1372 2807 121,
1417 2750 1463 2798 1.
1534 2747 1663 2797 Did.
1705 2764 1738 2797 a
1783 2751 1984 2809 senatu
2019 2747 2206 2811 petiit,

116 2844 177 2855 —
217 2816 531 2866 Alexander
555 2842 639 2868 --.
662 2816 773 2871 uid,
799 2816 1133 2867 Alexander.
1256 2820 1320 2865 ut
1346 2814 1400 2867 S.
1429 2814 1606 2865 hostis
1641 2817 2050 2865 renuntiaretur
2089 2815 2206 2876 121,

116 2912 177 2926 --
217 2884 429 2933 Annius
454 2910 536 2931 —.
573 2882 684 2933 uid.
720 2884 951 2935 Annius.
1256 2886 1309 2936 3.
1357 2882 1473 2945 122,
1514 2885 1570 2945 7,
1635 2886 1802 2947 atque
1839 2883 1958 2933 eius
2001 2880 2208 2931 milites

112 2978 182 2989 —
217 2950 548 3013 Archontius
584 2978 676 3001 —.
732 2951 845 3005 uid.
892 2950 1137 3015 Archon·
1260 2952 1377 3011 121,
1413 2950 1473 3010 43
1512 2952 1560 3001 5.
1612 2949 1795 3015 legati
1831 2966 1864 2999 a
1900 2953 2100 2999 senatu
2135 2948 2206 2999 ad

1256 3017 1467 3068 milites
1502 3018 1659 3067 missi
1683 3019 1779 3081 qui
1804 3016 2119 3079 suaderent,
2145 3022 2209 3065 ut

1260 3084 1317 3135 8.
1344 3084 1731 3150 repudiaretur
1756 3087 1870 3146 121,
1901 3086 1949 3134 7.
1989 3098 2206 3136 succes·
2227 3133 2233 3139 ,

1259 3168 1353 3204 sor
1389 3152 1445 3202 ei
1467 3152 1667 3203 missus
1707 3156 1794 3203 est
1815 3122 2074 3202 V’alerius
2099 3150 2208 3201 Ca-

1256 3220 1468 3272 tulinus
1506 3221 1623 3280 121,
1653 3220 1992 3285 11.145,16.
2033 3219 2208 3283 Aqui-
2271 3244 2278 3251 ·

1255 3288 1366 3339 lius
1413 3287 1664 3337 centurio
1717 3288 1942 3349 missus,
2008 3287 2104 3350 qui
2149 3284 2206 3335 S.

123 3382 182 3394 —
220 3355 575 3409 Clarissimus
594 3356 1133 3409 milesDidiumcon·
1256 3354 1543 3409 occideret
1576 3356 1692 3417 121,
1719 3357 1800 3408 14.
1838 3355 1892 3407 8.
1922 3352 1993 3405 ad
2014 3355 2210 3405 urbem

185 3423 476 3475 iurationis
524 3442 649 3476 cum
693 3425 885 3476 Saluio
942 3430 1137 3476 contra
1257 3423 1469 3474 infesto
1517 3422 1738 3487 agmine
1784 3422 2053 3473 ueniebat
2090 3423 2206 3484 121,

190 3490 343 3544 Com.
378 3508 530 3543 reum
565 3493 705 3545 fecit
742 3494 864 3556 118,
900 3496 948 3543 2.
1262 3494 1342 3544 19.
1438 3490 1676 3541 Laetum
1735 3492 2008 3541 fautorem
2079 3487 2208 3539 Seu.

1258 3572 1491 3627 sperans
1534 3557 1665 3613 Did.
1713 3557 1922 3609 occidit
1970 3556 2084 3621 121,
2121 3558 2208 3607 22.

190 3674 409 3711 scarp‘r.
438 3675 587 3711 nrsr.
612 3676 739 3713 Ave.
767 3664 837 3714 11.
1667 3640 1767 3705 22·

182 3021 313 3073 tius.

112 3116 183 3125 —-
215 3087 421 3138 Atilius
445 3110 528 3139 -·.
565 3086 677 3139 ιιῐᾶ.
713 3086 932 3140 Atilius.

116 3184 183 3194 —
220 3154 456 3205 Catilius
480 3180 565 3205 —-.
603 3154 716 3207 uid.
756 3153 1014 3208 Catilius.

116 3249 186 3258 -
222 3221 449 3273 Cincius
476 3248 561 3276 —.
599 3221 711 3273 uid.
748 3221 995 3273 Cincius.

118 3316 185 3325 --
222 3289 451 3355 Cingius
474 3318 559 3345 -.
597 3289 711 3343 uid.
748 3289 997 3355 Cingius.

118 3584 188 3596 --
224 3557 491 3610 Claudius
514 3587 599 3631 -2
635 3560 748 3611 uid.
788 3560 1068 3615 Claudius.
