2517 3884
364 161 500 219 XXX
1115 188 1120 192 -
1143 158 1535 215 PRAEFATIO.

367 297 662 370 adscripsi;
709 297 756 352 si
798 311 959 378 nemo
1005 302 1443 352 conmemoratus
1475 301 1575 358 est,
1610 296 1913 352 emendatio
1946 297 2050 354 iam
2084 300 2207 356 inde
2238 301 2312 357 ab

364 381 588 438 Erasmo
622 380 843 452 uolgata
875 386 975 436 est.

495 719 639 775 Haec
668 721 772 775 iam
803 735 944 776 anno
979 717 1267 792 superiore
1294 726 1523 775 exeunte
1548 721 1750 794 scripta
1782 728 1938 779 erant
1962 730 2125 796 atque
2158 725 2211 780 in
2238 743 2309 783 eo

368 813 502 868 erat,
531 811 593 861 ut
608 803 846 878 Lipsiam
872 803 1319 865 transmitterem,
1343 820 1466 859 cum
1488 804 1741 878 precibus
1757 806 1977 863 adeunti
2000 808 2308 866 mih-imini-

368 891 596 947 sterium
619 890 851 962 regium,
877 894 940 944 111
963 886 1166 945 codicis
1189 887 1605 960 Bambergensis
1630 890 1807 948 denuo
1830 891 2149 950 conferendi
2170 897 2309 952 mihi

367 973 679 1032 facultatem
700 973 880 1036 faciat,
908 989 1144 1047 quocum
1167 961 1421 1046 plagulas
1436 973 1694 1030 editionis
1708 991 1857 1032 meae
1880 977 2133 1033 conferre
2148 980 2309 1038 uole-

366 1060 505 1122 bam,
530 1075 853 1133 responsum
873 1058 1049 1119 datur,
1076 1064 1402 1132 occupatum
1428 1073 1551 1114 eum
1576 1077 1698 1116 esse
1720 1059 1957 1117 Berolini
1980 1061 2047 1118 ab
2069 1063 2303 1122 Henrico

366 1144 615 1206 Iordano,
663 1142 825 1200 simul
859 1159 1050 1199 rumor
1081 1143 1147 1198 ad
1186 1159 1273 1199 me
1317 1143 1585 1218 peruenit,
1630 1144 1697 1201 ab
1730 1162 1795 1202 eo
1827 1147 1947 1203 uiro
1977 1147 2143 1204 docto
2176 1167 2309 1207 con·

369 1231 573 1286 sociata
597 1244 764 1302 opera
785 1245 910 1285 cum
922 1227 1215 1285 Francisoo
1230 1228 1637 1302 Eyssenhardto
1659 1231 1954 1286 eorundem
1970 1235 2307 1306 scriptorum

365 1330 568 1370 nouam
586 1313 880 1370 editionem
895 1313 1092 1388 parari.
1127 1329 1288 1387 quam
1310 1311 1510 1369 obrem
1522 1331 1643 1371 cum
1660 1314 1997 1372 distulissem
2014 1317 2306 1377 consilium

365 1414 545 1472 usque
595 1398 664 1456 ad
710 1398 1004 1455 aduentum
1049 1397 1177 1454 libri
1215 1397 1653 1472 Bambergensis,
1710 1400 1871 1456 simul
1922 1418 2045 1457 eum
2096 1418 2159 1459 eo
2211 1404 2309 1460 diu

368 1484 579 1540 frustra
608 1490 896 1556 expectato
929 1483 1154 1538 nuntius
1201 1482 1415 1539 adlatus
1446 1491 1549 1546 est,
1594 1484 1889 1542 editionem
1920 1485 2069 1544 illam
2097 1487 2307 1544 Beroli·

367 1584 593 1624 nensem
625 1575 720 1624 aut
747 1567 853 1623 iam
884 1567 1081 1624 factam
1125 1583 1246 1622 esse
1275 1567 1480 1642 publici
1526 1571 1658 1625 iuris
1690 1577 1785 1626 aut
1813 1573 2085 1646 proximis¹
2108 1572 2307 1630 diebus

365 1654 570 1719 [actum
620 1653 708 1707 iri.
775 1659 887 1708 tum
938 1667 1075 1708 uero
1129 1651 1355 1708 cohibui
1398 1655 1615 1711 scriniis
1656 1671 1830 1711 meam
1884 1654 2123 1729 operam,
2180 1675 2306 1716 eum

367 1737 762 1812 expectandum
793 1751 913 1792 esse
941 1753 1235 1799 censerem,
1271 1753 1339 1793 an
1368 1740 1654 1811 negotium
1686 1739 1753 1796 ab
1785 1740 1893 1796 illis
1916 1741 2052 1797 uiris
2074 1743 2149 1798 ita
2173 1760 2309 1800 con·

368 1821 640 1884 ficeretur,
675 1829 737 1878 ut
766 1822 898 1878 mihi
927 1820 1063 1878 nihil
1093 1838 1427 1896 magnopere
1460 1823 1882 1898 relinqueretur,
1918 1826 2063 1898 quod
2097 1826 2164 1882 ad
2187 1845 2305 1884 rem

366 1907 695 1964 conferrem.
725 1907 779 1962 id
811 1914 990 1962 autem
1019 1923 1130 1962 non
1161 1907 1237 1962 ita
1268 1923 1407 1970 esse,
1440 1925 1586 1966 nunc
1615 1927 1737 1966 cum
1769 1911 1934 1966 editio
1968 1911 2060 1968 illa
2083 1921 2307 1985 praesto

366 2000 453 2048 est
482 1991 642 2049 facile
671 1990 941 2056 intellexi;
1002 1991 1174 2048 multa
1218 1992 1361 2048 enim
1395 2000 1603 2050 restare
1644 1995 1919 2057 uidentur,
1964 2013 2102 2068 quae
2132 1999 2311 2055 corri-

367 2077 542 2148 genda
574 2079 703 2140 sint,
748 2076 891 2134 haud
937 2093 1108 2151 pauca
1141 2078 1305 2134 etiam
1335 2078 1402 2134 ad
1432 2079 1673 2136 codicem
1703 2079 1757 2133 B
1784 2085 1933 2135 recte
1962 2096 2307 2153 cognoscen-

365 2161 488 2218 dam
529 2161 847 2236 supplenda,
880 2178 945 2217 ex
986 2177 1113 2236 quo,
1158 2180 1283 2219 cum
1314 2163 1517 2220 dudum
1559 2172 1684 2220 ante
1729 2165 1833 2222 hos
1874 2171 2085 2246 septem
2128 2185 2309 2225 annos

366 2246 630 2304 Friderici
658 2248 817 2303 Haasi
859 2245 1124 2303 beneficio
1169 2250 1532 2305 examinatum
1563 2267 1756 2305 rursus
1787 2246 2117 2306 liberalitate
2146 2253 2309 2309 mini-

368 2333 503 2388 steri
542 2333 664 2404 regi
705 2333 762 2386 in
802 2331 1052 2388 manibus
1096 2331 1341 2394 habeam,
1384 2332 1521 2388 locis
1564 2332 1795 2404 singulis
1840 2334 2019 2389 denuo
2050 2347 2309 2396 accurate

368 2415 666 2490 exploratis
709 2433 823 2472 non
863 2416 1044 2472 omnia
1085 2423 1234 2472 recte
1275 2422 1465 2471 notata
1508 2431 1627 2471 esse
1668 2433 1770 2490 pro
1802 2419 2111 2474 certiss1mo
2142 2415 2308 2479 a'dfir-

366 2518 513 2557 mare
555 2515 800 2576 possum.
843 2503 1078 2558 omissae
1117 2502 1258 2555 enim
1302 2506 1430 2555 sunt
1471 2501 1633 2555 unius
1676 2501 1831 2557 uitae.
1850 2501 2105 2559 Hadriani
2138 2505 2309 2564 haece

367 2587 487 2642 eius
518 2588 913 2660 scripturarum
943 2583 1336 2657 discrepantiae

367 2688 422 2745 p.
494 2673 528 2724 9
556 2688 614 2729 u.
685 2674 720 2725 9
749 2671 832 2726 ed.
865 2683 1014 2726 meae
1045 2667 1121 2741 (p.
1192 2670 1226 2721 8
1257 2686 1313 2725 11.
1347 2671 1411 2720 17
1444 2669 1525 2724 ed.
1546 2667 1748 2742 Berol.)
1771 2671 2027 2728 instatuit
2050 2689 2087 2728 a
2109 2689 2183 2731 m.
2205 2693 2306 2747 pr.

454 2760 520 2811 10
649 2759 712 2809 11
1193 2754 1226 2804 9
1357 2754 1423 2805 19
1772 2763 1827 2810 et
1851 2761 1989 2812 ante
2018 2768 2309 2818 senatores

1774 2842 1998 2898 addunt
2039 2844 2096 2899 B
2138 2851 2194 2900 et
2235 2846 2303 2909 P,

1772 2929 2037 2983 omissum
2079 2929 2139 2994 in
2169 2945 2309 2985 con·

1534 3041 1538 3046 -
1772 3017 1953 3068 textu.

455 3096 517 3146 11
652 3095 718 3147 13
1156 3094 1241 3145 10·
1344 3095 1423 3147 ’20
1773 3113 1897 3154 eum
1927 3113 2036 3152 om.

458 3181 516 3230 11
650 3183 718 3231 24
1153 3181 1214 3230 11
1392 3184 1425 3232 2
1776 3182 2094 3239 adhortatos
2118 3200 2191 3240 m.
2206 3201 2304 3257 pr.

455 3265 524 3315 12
653 3266 718 3316 15
1154 3265 1216 3316 11
1350 3267 1415 3318 21
1764 3265 2081 3324 brittaniam

457 3351 523 3401 12
651 3351 718 3403 23
1154 3351 1215 3400 11
1349 3352 1417 3404 28
1765 3361 2029 3425 prauatus

462 3436 524 3488 13
655 3436 720 3488 18
958 3461 964 3466 -
1155 3437 1221 3486 12
1350 3437 1418 3488 23
1766 3446 1822 3493 et
1846 3445 1981 3495 ante
2011 3447 2169 3496 caute
2192 3457 2303 3498 om.

1766 3540 1839 3579 m.
1863 3539 1966 3594 pr.
