2517 3884
555 175 906 232 COMMODVS
949 174 1341 274 ANTON1st.
1431 173 1486 231 C.
1532 178 1769 235 17—19.
2018 169 2138 234 103

187 343 444 405 leonem.
513 342 730 404 exaudi
761 343 1006 404 Caesar:
1054 342 1374 421 Speratum
1414 341 1487 403 ad
1518 341 1774 402 leonem.
1840 345 2135 406 Victoriae
2174 351 2237 398 11

105 452 120 462 ·
191 427 402 508 populi
429 427 502 488 R.
537 426 808 489 feliciter.
871 427 1009 490 fidei
1039 426 1295 488 militum
1325 426 1598 488 feliciter.
1633 427 1771 488 fidei
1800 430 2132 507 praetoria-

193 532 409 576 norum
463 511 738 574 feliciter.
813 511 1158 573 cohortibus
1209 513 1529 592 praetoriis
1583 511 1856 574 feliciter.
1930 513 2131 576 Hostis
2173 521 2235 568 12

193 605 418 660 statuas
463 597 756 676 undique,
801 597 1136 680 parricidae
1177 605 1405 660 statuas
1450 595 1744 676 undique,
1789 599 2135 675 gladiatoris

143 699 168 738 5
191 689 419 745 statuas
451 682 735 763 undique.
798 682 1141 762 gladiatoris
1184 689 1244 742 et
1286 676 1621 761 parricidae
1663 689 1893 744 statuae
1937 684 2134 746 detra-

191 768 429 830 hantur.
503 767 760 829 Necator
791 769 1016 829 ciuium
1046 766 1336 828 trahatur.
1398 767 1695 846 parricida
1738 770 1963 830 ciuium
2012 777 2131 830 tra·
2174 777 2237 824 13

22 811 28 892 '
192 853 389 916 hatur.
453 851 800 932 gladiatoris
829 859 1058 914 statuae
1086 850 1494 913 detrahantur.
1560 852 1646 913 Te
1678 854 1844 913 saluo
1877 853 2029 916 salui
2072 862 2133 915 et
2174 861 2236 908 14

191 940 391 1003 securi
423 955 665 1008 sumus,
701 957 846 1010 uere
879 956 1056 1007 uere,
1089 937 1267 997 modo
1302 955 1464 1007 uere,
1498 937 1677 998 modo
1709 938 1917 1016 digne,
1956 939 2131 1000 modo

195 1041 367 1093 uere,
403 1023 582 1084 modo
612 1022 823 1084 libere.
888 1038 1048 1084 nunc
1079 1023 1280 1084 securi
1323 1040 1557 1083 sumus:
1606 1021 1973 1085 delatoribus
2004 1043 2128 1086 me·
2170 1029 2233 1078 15

125 1126 168 1164 10
195 1115 337 1170 tum.
387 1115 455 1170 ut
483 1110 682 1170 securi
713 1111 916 1178 simus,
949 1107 1319 1169 delatoribus
1349 1113 1595 1168 metum.
1632 1117 1697 1168 ut
1728 1106 1881 1168 salui
1914 1110 2125 1179 simus,

193 1193 495 1254 delatores
527 1192 600 1254 de
633 1200 874 1264 senatu,
910 1191 1277 1254 delatoribus
1306 1193 1542 1253 fustem.
1606 1198 1664 1252 te
1698 1192 1867 1253 saluo
1900 1193 2125 1254 delato-

191 1297 290 1340 res
321 1277 396 1339 ad
425 1277 681 1338 leonem.
753 1286 814 1338 te
845 1281 1180 1357 imperante
1211 1276 1583 1338 delatoribus
1622 1277 1863 1338 fustem.
1928 1279 2126 1340 Parri-
2170 1286 2233 1332 16

191 1363 356 1433 cidae
385 1361 732 1440 gladiatoris
764 1365 1053 1424 memoria
1085 1362 1425 1431 aboleatur,
1470 1362 1801 1440 parricidae
1842 1361 2127 1440 gladiato·
2155 1360 2232 1422 19

181 1449 274 1509 ris
305 1455 538 1509 statuae
569 1447 978 1510 detrahantur.
1072 1449 1275 1526 inpuri
1319 1446 1661 1524 gladiatoris
1702 1449 1993 1510 memoria
2026 1447 2126 1508 ab·

123 1549 166 1590 15
190 1532 442 1595 oleatur.
505 1533 896 1612 gladiatorem
924 1536 986 1593 in
1019 1532 1320 1612 spoliario.
1385 1532 1601 1594 exaudi
1634 1532 1879 1593 Caesar:
1932 1526 2139 1594 carni-'

189 1620 287 1679 fex
319 1637 475 1679 unco
507 1617 794 1680 trahatur.
862 1619 1126 1679 carnifex
1158 1623 1403 1678 senatus
1444 1635 1612 1678 more
1643 1619 1938 1678 maiorum
1972 1637 2127 1679 unco
2163 1627 2195 1674 2

191 1703 479 1766 trahatur.
559 1704 796 1764 saeuior
826 1703 1192 1772 Domitiano,
1235 1703 1513 1780 inpurior
1542 1702 1809 1772 Nerone,
1846 1705 1935 1764 sic
1963 1706 2124 1773 fecit,

169 1789 276 1848 -sic
304 1789 586 1868 patiatur.
651 1789 976 1848 memoriae
1005 1789 1419 1866 innocentium
1450 1793 1790 1848 seruentur.
1864 1787 2146 1852 honores.

187 1874 596 1935 innocentium
625 1874 923 1943 restituas,
956 1889 1256 1951 rogamus.
1315 1872 1649 1950 parricidae
1681 1873 1949 1950 cadauer
1970 1891 2125 1934 unco

16 1987 18 1996 =
120 1974 166 2012 20
193 1957 481 2019 trahatur.
545 1957 895 2036 gladiatoris
937 1958 1198 2018 cadauer
1238 1975 1397 2017 unco
1427 1956 1717 2017 trahatur.
1782 1957 2125 2034 gladiatoris
2162 1968 2194 2013 3

191 2043 449 2104 cadauer
490 2044 554 2103 in
585 2042 868 2122 spoliario
911 2049 1188 2122 ponatur.
1247 2059 1535 2121 perroga,
1581 2058 1869 2120 perrogat
1917 2061 2125 2102 omnes

189 2145 508 2189 censemus
540 2145 692 2188 unco
724 2127 1102 2189 trahendum.
1166 2128 1272 2204 qui
1305 2143 1513 2186 omnes
1546 2125 1778 2193 occidit,
1815 2144 1969 2186 unco
2005 2135 2121 2188 tra·
2162 2136 2195 2181 4

190 2213 384 2274 hatur.
450 2214 554 2290 qui
598 2231 836 2272 omnem
881 2218 1135 2274 aetatem
1180 2209 1425 2279 occidit,
1472 2228 1627 2270 unco
1669 2209 1959 2271 trahatur.
2024 2212 2127 2288 qui

195 2304 516 2374 utrumque
545 2316 758 2358 sexum
787 2297 1026 2366 occidit,
1061 2314 1216 2357 unco
1246 2293 1537 2356 trahatur.
1576 2296 1678 2374 qui
1710 2296 1984 2372 sanguini
2016 2314 2124 2356 suo

117 2397 165 2437 25
188 2401 310 2442 non
337 2384 642 2463 pepercit,
689 2400 844 2443 unco
875 2381 1161 2443 trahatur.
1227 2382 1332 2458 qui
1361 2379 1582 2459 templa
1614 2378 1924 2458 spoliauit,
1972 2399 2124 2442 unco
2163 2390 2194 2436 5

192 2467 482 2528 trahatur.
546 2469 652 2546 qui
686 2473 1041 2528 testamenta
1071 2466 1328 2536 deleuit,
1362 2483 1516 2526 unco
1551 2464 1835 2526 trahatur.
1901 2467 2004 2544 qui
2037 2468 2123 2526 ui-

193 2571 302 2612 uos
333 2551 633 2631 spoliauit,
671 2571 824 2612 unco
859 2550 1144 2613 trahatur.
1180 2551 1374 2611 seruis
1406 2552 1745 2611 seruiimuS.
1800 2552 1901 2627 qui
1930 2553 2123 2630 pretia
2162 2559 2192 2604 6

195 2639 354 2698 uitae
397 2639 622 2715 exegit,
671 2656 827 2697 unco
871 2635 1156 2697 trahatur.
1234 2637 1339 2713 qui
1378 2637 1569 2714 pretia
1626 2638 1784 2697 uitae
1830 2638 2026 2712 exegit
2067 2644 2141 2696 et·

93 2727 99 2735 ’
193 2722 370 2782 fidem
401 2740 523 2782 non
556 2723 840 2790 seruauit,
880 2739 1032 2782 unco
1062 2719 1355 2780 trahatur.
1392 2722 1495 2797 qui
1526 2729 1799 2782 senatum
1833 2720 2119 2789 uendidit,

123 2823 170 2860 a>
195 2825 348 2866 unco
382 2805 670 2869 trahatur.
718 2808 818 2884 qui
845 2805 982 2866 filiis
1013 2805 1255 2866 abstulit
1283 2802 1699 2874 hereditatem,
1734 2823 1891 2864 unco
1923 2803 2119 2864 traha-

195 2898 310 2951 tur.
384 2890 620 2952 Indices
665 2891 738 2951 de
779 2899 1019 2961 senatu,
1064 2888 1365 2951 delatores
1407 2889 1480 2950 de
1524 2895 1761 2958 senatu,
1808 2907 2121 2949 seruorum
2159 2899 2188 2946 7

196 2976 624 3036 subornatores
655 2976 728 3036 de
759 2982 985 3036 senatu.
1053 2980 1112 3035 et
1154 2981 1217 3037 tu
1251 2973 1564 3034 nobiscum
1597 2973 1876 3034 timuisti:
1925 2975 2123 3034 omnia

195 3062 310 3120 scis
354 3067 413 3120 et
453 3060 645 3121 bonos
676 3066 735 3120 et
763 3059 950 3120 malos
980 3061 1154 3121 nosti.
1212 3061 1410 3120 omnia
1441 3060 1577 3127 scis,
1613 3059 1808 3118 omnia
1842 3059 2121 3118 emenda:

290 3232 324 3278 4
349 3228 704 3293 gladiatoriis
727 3228 779 3277 B
923 3230 955 3279 5
981 3232 1200 3278 statuas
1223 3226 1355 3276 und.
1382 3225 1710 3291 gladiatoris
1740 3242 1835 3278 om.
1864 3227 1913 3275 B
2062 3229 2125 3277 10

194 3312 377 3346 sumus
401 3297 506 3346 BP
639 3301 701 3346 ut
725 3305 843 3347 aute
868 3296 1010 3347 salui
1033 3297 1340 3359 interposuit
1363 3295 1405 3344 S
1554 3297 1615 3344 12
1641 3295 2003 3360 imperantem
2025 3294 2129 3343 BP

295 3367 360 3414 14
387 3364 690 3429 gladiatori
713 3365 882 3415 BPM
1014 3363 1295 3414 aboliatur
1317 3362 1419 3412 BP
1556 3365 1617 3412 17
1646 3363 1945 3428 domitianq
1971 3362 2022 3411 B

191 3433 254 3480 21
282 3431 462 3499 spolio
488 3435 539 3481 P
673 3434 738 3481 26
773 3437 1165 3483 testamentum
1189 3431 1242 3479 B
1378 3433 1444 3480 28
1477 3431 1596 3480 uita
1621 3430 1672 3479 B
1810 3434 1872 3482 31
1908 3429 2124 3480 iudices

191 3499 241 3547 B
379 3504 445 3552 33
467 3505 523 3550 et
545 3501 722 3551 bonos
743 3501 917 3551 malos
941 3500 992 3548 B
