<?xml version="1.0" encoding="UTF-8"?>
<!DOCTYPE html PUBLIC "-//W3C//DTD XHTML 1.0 Transitional//EN"
    "http://www.w3.org/TR/xhtml1/DTD/xhtml1-transitional.dtd">
<html xmlns="http://www.w3.org/1999/xhtml" xml:lang="en" lang="en">
 <head>
  <title>
</title>
<meta http-equiv="Content-Type" content="text/html;charset=utf-8" />
  <meta name='ocr-system' content='tesseract 3.04.00' />
  <meta name='ocr-capabilities' content='ocr_page ocr_carea ocr_par ocr_line ocrx_word'/>
</head>
<body>
  <div class='ocr_page' id='page_1' title='image "./scriptoreshisto02petegoog_0310.png"; bbox 0 0 2517 3884; ppageno 0'>
   <div class='ocr_carea' id='block_1_1' title="bbox 613 162 2292 269">
    <p class='ocr_par' dir='ltr' id='par_1_1' title="bbox 613 162 2292 269">
     <span class='ocr_line' id='line_1_1' title="bbox 613 162 2292 269; baseline 0.001 -35"><span class='ocrx_word' id='word_1_1' title='bbox 613 162 1007 254; x_wconf 68' lang='lat' dir='ltr'><strong>ALEXANDER</strong></span> <span class='ocrx_word' id='word_1_2' title='bbox 1049 178 1357 253; x_wconf 77' lang='lat' dir='ltr'><strong>SEVERVS,</strong></span> <span class='ocrx_word' id='word_1_3' title='bbox 1431 180 1486 236; x_wconf 82' lang='lat' dir='ltr'><strong>c,</strong></span> <span class='ocrx_word' id='word_1_4' title='bbox 1517 183 1756 237; x_wconf 78' lang='lat'>61-64,</span> <span class='ocrx_word' id='word_1_5' title='bbox 2025 172 2161 237; x_wconf 77' lang='lat'><strong>273.</strong></span> <span class='ocrx_word' id='word_1_6' title='bbox 2224 267 2226 269; x_wconf 6' lang='lat' dir='ltr'>v</span> <span class='ocrx_word' id='word_1_7' title='bbox 2287 240 2292 249; x_wconf 65' lang='grc'><strong>,</strong></span> 
     </span>
    </p>
   </div>
   <div class='ocr_carea' id='block_1_2' title="bbox 0 344 2318 3063">
    <p class='ocr_par' dir='ltr' id='par_1_2' title="bbox 194 344 2219 683">
     <span class='ocr_line' id='line_1_2' title="bbox 198 344 2150 427; baseline 0 -20"><span class='ocrx_word' id='word_1_8' title='bbox 198 345 509 407; x_wconf 73' lang='lat' dir='ltr'><strong>rusticitas</strong></span> <span class='ocrx_word' id='word_1_9' title='bbox 550 344 885 415; x_wconf 82' lang='lat' dir='ltr'><strong>Maximini,</strong></span> <span class='ocrx_word' id='word_1_10' title='bbox 931 352 1139 427; x_wconf 82' lang='lat' dir='ltr'><strong>utpote</strong></span> <span class='ocrx_word' id='word_1_11' title='bbox 1180 345 1442 407; x_wconf 90' lang='lat' dir='ltr'><strong>hominis</strong></span> <span class='ocrx_word' id='word_1_12' title='bbox 1484 345 1789 416; x_wconf 88' lang='lat' dir='ltr'><strong>militaris,</strong></span> <span class='ocrx_word' id='word_1_13' title='bbox 1853 347 1953 407; x_wconf 87' lang='lat' dir='ltr'><strong>cui</strong></span> <span class='ocrx_word' id='word_1_14' title='bbox 2011 362 2150 407; x_wconf 89' lang='lat' dir='ltr'><strong>cum</strong></span> 
     </span>
     <span class='ocr_line' id='line_1_3' title="bbox 198 429 2146 511; baseline 0 -20"><span class='ocrx_word' id='word_1_15' title='bbox 198 429 329 491; x_wconf 83' lang='lat' dir='ltr'><strong>filio</strong></span> <span class='ocrx_word' id='word_1_16' title='bbox 360 436 500 510; x_wconf 86' lang='lat' dir='ltr'><strong>post</strong></span> <span class='ocrx_word' id='word_1_17' title='bbox 529 446 665 490; x_wconf 87' lang='lat' dir='ltr'><strong>eum</strong></span> <span class='ocrx_word' id='word_1_18' title='bbox 696 432 1019 510; x_wconf 88' lang='lat' dir='ltr'><strong>imperium</strong></span> <span class='ocrx_word' id='word_1_19' title='bbox 1050 430 1313 493; x_wconf 87' lang='lat' dir='ltr'><strong>delatum</strong></span> <span class='ocrx_word' id='word_1_20' title='bbox 1345 439 1466 501; x_wconf 86' lang='lat' dir='ltr'><strong>est,</strong></span> <span class='ocrx_word' id='word_1_21' title='bbox 1527 432 1871 511; x_wconf 84' lang='lat' dir='ltr'><strong>grauiorem</strong></span> <span class='ocrx_word' id='word_1_22' title='bbox 1902 432 2009 493; x_wconf 82' lang='lat' dir='ltr'><strong>fati</strong></span> <span class='ocrx_word' id='word_1_23' title='bbox 2037 449 2146 491; x_wconf 89' lang='lat' dir='ltr'><strong>ne-</strong></span> 
     </span>
     <span class='ocr_line' id='line_1_4' title="bbox 199 514 2219 587; baseline -0.001 -12"><span class='ocrx_word' id='word_1_24' title='bbox 199 517 549 575; x_wconf 83' lang='lat' dir='ltr'><strong>cessitatem</strong></span> <span class='ocrx_word' id='word_1_25' title='bbox 606 514 924 576; x_wconf 87' lang='lat' dir='ltr'><strong>uidebatur</strong></span> <span class='ocrx_word' id='word_1_26' title='bbox 984 515 1322 587; x_wconf 84' lang='lat' dir='ltr'><strong>ostendere.</strong></span> <span class='ocrx_word' id='word_1_27' title='bbox 1397 525 1637 579; x_wconf 88' lang='lat' dir='ltr'><strong>senatus</strong></span> <span class='ocrx_word' id='word_1_28' title='bbox 1699 534 1834 577; x_wconf 86' lang='lat' dir='ltr'><strong>eum</strong></span> <span class='ocrx_word' id='word_1_29' title='bbox 1885 518 1948 576; x_wconf 90' lang='lat' dir='ltr'><strong>in</strong></span> <span class='ocrx_word' id='word_1_30' title='bbox 2003 516 2148 577; x_wconf 88' lang='lat' dir='ltr'><strong>deos</strong></span> <span class='ocrx_word' id='word_1_31' title='bbox 2185 524 2219 573; x_wconf 82' lang='lat'>3</span> 
     </span>
     <span class='ocr_line' id='line_1_5' title="bbox 194 600 2146 683; baseline 0.001 -22"><span class='ocrx_word' id='word_1_32' title='bbox 194 600 457 661; x_wconf 85' lang='lat' dir='ltr'><strong>rettulit.</strong></span> <span class='ocrx_word' id='word_1_33' title='bbox 536 601 893 661; x_wconf 87' lang='lat' dir='ltr'><strong>cenotafium</strong></span> <span class='ocrx_word' id='word_1_34' title='bbox 920 602 983 661; x_wconf 90' lang='lat' dir='ltr'><strong>in</strong></span> <span class='ocrx_word' id='word_1_35' title='bbox 1016 601 1231 673; x_wconf 83' lang='lat' dir='ltr'><strong>Gallia,</strong></span> <span class='ocrx_word' id='word_1_36' title='bbox 1275 602 1500 663; x_wconf 89' lang='lat' dir='ltr'><strong>Romae</strong></span> <span class='ocrx_word' id='word_1_37' title='bbox 1531 601 1873 683; x_wconf 77' lang='lat' dir='ltr'><strong>sepulcrum</strong></span> <span class='ocrx_word' id='word_1_38' title='bbox 1904 600 2146 680; x_wconf 83' lang='lat' dir='ltr'><strong>amplis-</strong></span> 
     </span>
    </p>

    <p class='ocr_par' dir='ltr' id='par_1_3' title="bbox 142 685 2274 1105">
     <span class='ocr_line' id='line_1_6' title="bbox 142 685 2222 765; baseline -0.001 -19"><span class='ocrx_word' id='word_1_39' title='bbox 142 696 175 737; x_wconf 85' lang='lat'>⁵</span> <span class='ocrx_word' id='word_1_40' title='bbox 204 687 431 746; x_wconf 87' lang='lat' dir='ltr'><strong>simum</strong></span> <span class='ocrx_word' id='word_1_41' title='bbox 482 687 723 747; x_wconf 84' lang='lat' dir='ltr'><strong>meruit.</strong></span> <span class='ocrx_word' id='word_1_42' title='bbox 800 685 921 747; x_wconf 82' lang='lat' dir='ltr'><strong>dati</strong></span> <span class='ocrx_word' id='word_1_43' title='bbox 981 694 1119 747; x_wconf 87' lang='lat' dir='ltr'><strong>sunt</strong></span> <span class='ocrx_word' id='word_1_44' title='bbox 1180 694 1239 748; x_wconf 85' lang='lat' dir='ltr'><strong>et</strong></span> <span class='ocrx_word' id='word_1_45' title='bbox 1269 686 1532 757; x_wconf 88' lang='lat' dir='ltr'><strong>sodales,</strong></span> <span class='ocrx_word' id='word_1_46' title='bbox 1597 688 1700 765; x_wconf 90' lang='lat' dir='ltr'><strong>qui</strong></span> <span class='ocrx_word' id='word_1_47' title='bbox 1727 686 2149 748; x_wconf 74' lang='lat' dir='ltr'><strong>‘Alexandriani</strong></span> <span class='ocrx_word' id='word_1_48' title='bbox 2182 694 2222 743; x_wconf 81' lang='lat'>4</span> 
     </span>
     <span class='ocr_line' id='line_1_7' title="bbox 198 770 2154 851; baseline 0 -20"><span class='ocrx_word' id='word_1_49' title='bbox 198 770 490 849; x_wconf 81' lang='lat' dir='ltr'><strong>appellati</strong></span> <span class='ocrx_word' id='word_1_50' title='bbox 530 778 701 839; x_wconf 88' lang='lat' dir='ltr'><strong>sunt;</strong></span> <span class='ocrx_word' id='word_1_51' title='bbox 749 770 944 831; x_wconf 86' lang='lat' dir='ltr'><strong>addita</strong></span> <span class='ocrx_word' id='word_1_52' title='bbox 988 780 1049 833; x_wconf 81' lang='lat' dir='ltr'><strong>et</strong></span> <span class='ocrx_word' id='word_1_53' title='bbox 1078 772 1379 834; x_wconf 83' lang='lat' dir='ltr'><strong>&#39;festiuitas</strong></span> <span class='ocrx_word' id='word_1_54' title='bbox 1419 775 1626 834; x_wconf 86' lang='lat' dir='ltr'><strong>matris</strong></span> <span class='ocrx_word' id='word_1_55' title='bbox 1685 773 1928 833; x_wconf 87' lang='lat' dir='ltr'><strong>nomine</strong></span> <span class='ocrx_word' id='word_1_56' title='bbox 1973 780 2154 851; x_wconf 85' lang='lat' dir='ltr'><strong>atque</strong></span> 
     </span>
     <span class='ocr_line' id='line_1_8' title="bbox 195 855 2152 935; baseline 0.001 -20"><span class='ocrx_word' id='word_1_57' title='bbox 195 857 423 934; x_wconf 77' lang='lat' dir='ltr'><strong>ipsiuS,</strong></span> <span class='ocrx_word' id='word_1_58' title='bbox 484 874 637 935; x_wconf 79' lang='lat' dir='ltr'><strong>quae</strong></span> <span class='ocrx_word' id='word_1_59' title='bbox 682 855 979 933; x_wconf 81' lang='lat' dir='ltr'><strong>hodieque</strong></span> <span class='ocrx_word' id='word_1_60' title='bbox 1017 857 1243 918; x_wconf 88' lang='lat' dir='ltr'><strong>Romae</strong></span> <span class='ocrx_word' id='word_1_61' title='bbox 1301 856 1752 935; x_wconf 83' lang='lat' dir='ltr'><strong>religiosissime</strong></span> <span class='ocrx_word' id='word_1_62' title='bbox 1813 856 2152 917; x_wconf 87' lang='lat' dir='ltr'><strong>celebratur</strong></span> 
     </span>
     <span class='ocr_line' id='line_1_9' title="bbox 198 940 2274 1003; baseline -0.002 -2"><span class='ocrx_word' id='word_1_63' title='bbox 198 940 396 1001; x_wconf 84' lang='lat' dir='ltr'><strong>natali</strong></span> <span class='ocrx_word' id='word_1_64' title='bbox 427 942 555 1001; x_wconf 86' lang='lat' dir='ltr'><strong>eius</strong></span> <span class='ocrx_word' id='word_1_65' title='bbox 586 940 701 1001; x_wconf 82' lang='lat' dir='ltr'><strong>(lie.</strong></span> <span class='ocrx_word' id='word_1_66' title='bbox 750 958 927 1002; x_wconf 86' lang='lat' dir='ltr'><strong>causa</strong></span> <span class='ocrx_word' id='word_1_67' title='bbox 956 940 1269 1003; x_wconf 86' lang='lat' dir='ltr'><strong>occidendi</strong></span> <span class='ocrx_word' id='word_1_68' title='bbox 1312 944 1439 1003; x_wconf 89' lang='lat' dir='ltr'><strong>eius</strong></span> <span class='ocrx_word' id='word_1_69' title='bbox 1491 941 1564 1002; x_wconf 97' lang='grc'><strong>31)</strong></span> <span class='ocrx_word' id='word_1_70' title='bbox 1625 941 1756 1002; x_wconf 85' lang='lat' dir='ltr'><strong>aliis</strong></span> <span class='ocrx_word' id='word_1_71' title='bbox 1786 940 1934 1001; x_wconf 87' lang='lat' dir='ltr'><strong>haec</strong></span> <span class='ocrx_word' id='word_1_72' title='bbox 1963 942 2150 1003; x_wconf 81' lang='lat' dir='ltr'><strong>fuisse</strong></span> <span class='ocrx_word' id='word_1_73' title='bbox 2185 948 2222 999; x_wconf 81' lang='lat'>5</span> <span class='ocrx_word' id='word_1_74' title='bbox 2269 992 2274 997; x_wconf 81' lang='lat'><strong>.</strong></span> 
     </span>
     <span class='ocr_line' id='line_1_10' title="bbox 195 1024 2151 1105; baseline 0.002 -20"><span class='ocrx_word' id='word_1_75' title='bbox 195 1024 562 1105; x_wconf 84' lang='lat' dir='ltr'><strong>perhibetur</strong></span> <span class='ocrx_word' id='word_1_76' title='bbox 592 1026 749 1105; x_wconf 88' lang='lat' dir='ltr'><strong>quod</strong></span> <span class='ocrx_word' id='word_1_77' title='bbox 772 1032 966 1089; x_wconf 88' lang='lat' dir='ltr'><strong>mater</strong></span> <span class='ocrx_word' id='word_1_78' title='bbox 997 1029 1124 1089; x_wconf 87' lang='lat' dir='ltr'><strong>eius</strong></span> <span class='ocrx_word' id='word_1_79' title='bbox 1152 1026 1366 1087; x_wconf 87' lang='lat' dir='ltr'><strong>relicto</strong></span> <span class='ocrx_word' id='word_1_80' title='bbox 1389 1025 1546 1087; x_wconf 89' lang='lat' dir='ltr'><strong>bello</strong></span> <span class='ocrx_word' id='word_1_81' title='bbox 1561 1026 1918 1089; x_wconf 88' lang='lat' dir='ltr'><strong>Germanico</strong></span> <span class='ocrx_word' id='word_1_82' title='bbox 1951 1028 2151 1089; x_wconf 81' lang='lat' dir='ltr'><strong>orien-</strong></span> 
     </span>
    </p>

    <p class='ocr_par' dir='ltr' id='par_1_4' title="bbox 112 1110 2224 1445">
     <span class='ocr_line' id='line_1_11' title="bbox 112 1110 2155 1188; baseline 0 -17"><span class='ocrx_word' id='word_1_83' title='bbox 112 1123 169 1163; x_wconf 85' lang='lat'><strong>10</strong></span> <span class='ocrx_word' id='word_1_84' title='bbox 200 1118 334 1171; x_wconf 85' lang='lat' dir='ltr'><strong>tem</strong></span> <span class='ocrx_word' id='word_1_85' title='bbox 366 1111 438 1172; x_wconf 84' lang='lat' dir='ltr'><strong>ad</strong></span> <span class='ocrx_word' id='word_1_86' title='bbox 469 1112 809 1172; x_wconf 85' lang='lat' dir='ltr'><strong>iactantiam</strong></span> <span class='ocrx_word' id='word_1_87' title='bbox 841 1112 933 1173; x_wconf 90' lang='lat' dir='ltr'><strong>sui</strong></span> <span class='ocrx_word' id='word_1_88' title='bbox 976 1111 1161 1174; x_wconf 85' lang='lat' dir='ltr'><strong>uellet</strong></span> <span class='ocrx_word' id='word_1_89' title='bbox 1200 1112 1433 1182; x_wconf 88' lang='lat' dir='ltr'><strong>redire,</strong></span> <span class='ocrx_word' id='word_1_90' title='bbox 1496 1119 1674 1188; x_wconf 85' lang='lat' dir='ltr'><strong>atque</strong></span> <span class='ocrx_word' id='word_1_91' title='bbox 1717 1110 1794 1171; x_wconf 89' lang='lat' dir='ltr'><strong>ob</strong></span> <span class='ocrx_word' id='word_1_92' title='bbox 1835 1110 1952 1172; x_wconf 88' lang='lat' dir='ltr'><strong>hoc</strong></span> <span class='ocrx_word' id='word_1_93' title='bbox 1995 1117 2155 1172; x_wconf 85' lang='lat' dir='ltr'><strong>esset</strong></span> 
     </span>
     <span class='ocr_line' id='line_1_12' title="bbox 193 1195 2224 1260; baseline -0 -3"><span class='ocrx_word' id='word_1_94' title='bbox 193 1199 394 1257; x_wconf 81' lang='lat' dir='ltr'><strong>iratus</strong></span> <span class='ocrx_word' id='word_1_95' title='bbox 426 1197 742 1256; x_wconf 71' lang='lat' dir='ltr'><strong>exercitus</strong></span> <span class='ocrx_word' id='word_1_96' title='bbox 822 1196 927 1257; x_wconf 89' lang='lat' dir='ltr'><strong>sed</strong></span> <span class='ocrx_word' id='word_1_97' title='bbox 956 1195 1105 1259; x_wconf 86' lang='lat' dir='ltr'><strong>haec</strong></span> <span class='ocrx_word' id='word_1_98' title='bbox 1146 1196 1224 1257; x_wconf 91' lang='lat' dir='ltr'><strong>ab</strong></span> <span class='ocrx_word' id='word_1_99' title='bbox 1266 1195 1636 1258; x_wconf 77' lang='lat' dir='ltr'><strong>amatoribus</strong></span> <span class='ocrx_word' id='word_1_100' title='bbox 1663 1196 1967 1257; x_wconf 83' lang='lat' dir='ltr'><strong>Maximini</strong></span> <span class='ocrx_word' id='word_1_101' title='bbox 2012 1196 2154 1260; x_wconf 82' lang='lat' dir='ltr'><strong>ficta</strong></span> <span class='ocrx_word' id='word_1_102' title='bbox 2188 1205 2224 1256; x_wconf 80' lang='grc'>6</span> 
     </span>
     <span class='ocr_line' id='line_1_13' title="bbox 200 1280 2152 1367; baseline 0.001 -25"><span class='ocrx_word' id='word_1_103' title='bbox 200 1288 367 1350; x_wconf 83' lang='lat' dir='ltr'><strong>sunt,</strong></span> <span class='ocrx_word' id='word_1_104' title='bbox 428 1283 530 1361; x_wconf 89' lang='lat' dir='ltr'><strong>qui</strong></span> <span class='ocrx_word' id='word_1_105' title='bbox 588 1280 788 1342; x_wconf 88' lang='lat' dir='ltr'><strong>uideri</strong></span> <span class='ocrx_word' id='word_1_106' title='bbox 817 1281 1173 1353; x_wconf 88' lang='lat' dir='ltr'><strong>noluerunt,</strong></span> <span class='ocrx_word' id='word_1_107' title='bbox 1234 1282 1667 1367; x_wconf 82' lang='lat' dir='ltr'><strong>imperatorem</strong></span> <span class='ocrx_word' id='word_1_108' title='bbox 1725 1280 2014 1365; x_wconf 85' lang='lat' dir='ltr'><strong>optimum</strong></span> <span class='ocrx_word' id='word_1_109' title='bbox 2078 1280 2152 1343; x_wconf 92' lang='lat' dir='ltr'><strong>ab</strong></span> 
     </span>
     <span class='ocr_line' id='line_1_14' title="bbox 200 1362 2149 1445; baseline 0.001 -18"><span class='ocrx_word' id='word_1_110' title='bbox 200 1368 405 1427; x_wconf 81' lang='lat' dir='ltr'><strong>amico</strong></span> <span class='ocrx_word' id='word_1_111' title='bbox 432 1384 543 1427; x_wconf 89' lang='lat' dir='ltr'><strong>suo</strong></span> <span class='ocrx_word' id='word_1_112' title='bbox 570 1367 949 1429; x_wconf 77' lang='lat' dir='ltr'><strong>interfectum</strong></span> <span class='ocrx_word' id='word_1_113' title='bbox 990 1374 1199 1428; x_wconf 86' lang='lat' dir='ltr'><strong>contra</strong></span> <span class='ocrx_word' id='word_1_114' title='bbox 1243 1369 1376 1428; x_wconf 89' lang='lat' dir='ltr'><strong>iura</strong></span> <span class='ocrx_word' id='word_1_115' title='bbox 1421 1366 1678 1428; x_wconf 85' lang='lat' dir='ltr'><strong>humana</strong></span> <span class='ocrx_word' id='word_1_116' title='bbox 1721 1374 1900 1445; x_wconf 82' lang='lat' dir='ltr'><strong>atque</strong></span> <span class='ocrx_word' id='word_1_117' title='bbox 1931 1362 2149 1429; x_wconf 87' lang='lat' dir='ltr'><strong>diuina.</strong></span> 
     </span>
    </p>

    <p class='ocr_par' dir='ltr' id='par_1_5' title="bbox 340 1448 2256 1532">
     <span class='ocr_line' id='line_1_15' title="bbox 340 1448 2256 1532; baseline 0.001 -23"><span class='ocrx_word' id='word_1_118' title='bbox 340 1448 643 1511; x_wconf 76' lang='lat' dir='ltr'><strong>Hactenus</strong></span> <span class='ocrx_word' id='word_1_119' title='bbox 680 1453 1004 1531; x_wconf 86' lang='lat' dir='ltr'><strong>imperium</strong></span> <span class='ocrx_word' id='word_1_120' title='bbox 1034 1470 1092 1531; x_wconf 89' lang='lat' dir='ltr'><strong>p.</strong></span> <span class='ocrx_word' id='word_1_121' title='bbox 1138 1452 1227 1513; x_wconf 88' lang='lat' dir='ltr'><strong>R.-</strong></span> <span class='ocrx_word' id='word_1_122' title='bbox 1254 1471 1394 1513; x_wconf 89' lang='lat' dir='ltr'><strong>eum</strong></span> <span class='ocrx_word' id='word_1_123' title='bbox 1434 1454 1769 1532; x_wconf 88' lang='lat' dir='ltr'><strong>principem</strong></span> <span class='ocrx_word' id='word_1_124' title='bbox 1811 1450 2020 1511; x_wconf 88' lang='lat' dir='ltr'><strong>habuit</strong></span> <span class='ocrx_word' id='word_1_125' title='bbox 2051 1449 2256 1529; x_wconf 86' lang='lat' dir='ltr'><strong>qui64</strong></span> 
     </span>
    </p>

    <p class='ocr_par' dir='ltr' id='par_1_6' title="bbox 116 1535 2223 1957">
     <span class='ocr_line' id='line_1_16' title="bbox 116 1535 2153 1616; baseline 0.002 -19"><span class='ocrx_word' id='word_1_126' title='bbox 116 1548 175 1589; x_wconf 80' lang='lat'><strong>15</strong></span> <span class='ocrx_word' id='word_1_127' title='bbox 206 1535 435 1597; x_wconf 88' lang='lat' dir='ltr'><strong>diutius</strong></span> <span class='ocrx_word' id='word_1_128' title='bbox 464 1537 807 1615; x_wconf 83' lang='lat' dir='ltr'><strong>imperaret,</strong></span> <span class='ocrx_word' id='word_1_129' title='bbox 841 1544 980 1616; x_wconf 85' lang='lat' dir='ltr'><strong>post</strong></span> <span class='ocrx_word' id='word_1_130' title='bbox 1023 1554 1161 1598; x_wconf 90' lang='lat' dir='ltr'><strong>eum</strong></span> <span class='ocrx_word' id='word_1_131' title='bbox 1192 1539 1463 1597; x_wconf 78' lang='lat' dir='ltr'><strong>certatim</strong></span> <span class='ocrx_word' id='word_1_132' title='bbox 1495 1538 1875 1598; x_wconf 86' lang='lat' dir='ltr'><strong>inruentibus</strong></span> <span class='ocrx_word' id='word_1_133' title='bbox 1919 1541 1979 1597; x_wconf 86' lang='lat' dir='ltr'><strong>et</strong></span> <span class='ocrx_word' id='word_1_134' title='bbox 2021 1536 2153 1601; x_wconf 90' lang='lat' dir='ltr'><strong>aliis</strong></span> 
     </span>
     <span class='ocr_line' id='line_1_17' title="bbox 200 1619 2154 1702; baseline 0.002 -20"><span class='ocrx_word' id='word_1_135' title='bbox 200 1619 619 1690; x_wconf 85' lang='lat' dir='ltr'><strong>semestribus,</strong></span> <span class='ocrx_word' id='word_1_136' title='bbox 650 1624 791 1681; x_wconf 62' lang='lat' dir='ltr'><strong>alies</strong></span> <span class='ocrx_word' id='word_1_137' title='bbox 814 1624 1041 1692; x_wconf 84' lang='lat' dir='ltr'><strong>annuis,</strong></span> <span class='ocrx_word' id='word_1_138' title='bbox 1068 1622 1375 1701; x_wconf 85' lang='lat' dir='ltr'><strong>plerisque</strong></span> <span class='ocrx_word' id='word_1_139' title='bbox 1402 1640 1514 1702; x_wconf 89' lang='lat' dir='ltr'><strong>per</strong></span> <span class='ocrx_word' id='word_1_140' title='bbox 1525 1621 1850 1693; x_wconf 88' lang='lat' dir='ltr'><strong>biennium,</strong></span> <span class='ocrx_word' id='word_1_141' title='bbox 1885 1620 1960 1682; x_wconf 83' lang='lat' dir='ltr'><strong>ad</strong></span> <span class='ocrx_word' id='word_1_142' title='bbox 1992 1640 2154 1685; x_wconf 90' lang='lat' dir='ltr'><strong>sum-</strong></span> 
     </span>
     <span class='ocr_line' id='line_1_18' title="bbox 200 1705 2152 1789; baseline -0.001 -18"><span class='ocrx_word' id='word_1_143' title='bbox 200 1724 379 1771; x_wconf 84' lang='lat' dir='ltr'><strong>mum</strong></span> <span class='ocrx_word' id='word_1_144' title='bbox 409 1724 521 1785; x_wconf 89' lang='lat' dir='ltr'><strong>per</strong></span> <span class='ocrx_word' id='word_1_145' title='bbox 551 1706 882 1769; x_wconf 84' lang='lat' dir='ltr'><strong>triennium</strong></span> <span class='ocrx_word' id='word_1_146' title='bbox 912 1705 1348 1787; x_wconf 87' lang='lat' dir='ltr'><strong>imperantibus</strong></span> <span class='ocrx_word' id='word_1_147' title='bbox 1377 1725 1570 1786; x_wconf 87' lang='lat' dir='ltr'><strong>usque</strong></span> <span class='ocrx_word' id='word_1_148' title='bbox 1601 1708 1675 1768; x_wconf 89' lang='lat' dir='ltr'><strong>ad</strong></span> <span class='ocrx_word' id='word_1_149' title='bbox 1709 1726 1812 1769; x_wconf 87' lang='lat' dir='ltr'><strong>eos</strong></span> <span class='ocrx_word' id='word_1_150' title='bbox 1841 1709 2152 1789; x_wconf 83' lang='lat' dir='ltr'><strong>principes</strong></span> 
     </span>
     <span class='ocr_line' id='line_1_19' title="bbox 203 1789 2155 1871; baseline 0.002 -20"><span class='ocrx_word' id='word_1_151' title='bbox 203 1794 316 1869; x_wconf 86' lang='lat' dir='ltr'><strong>qui</strong></span> <span class='ocrx_word' id='word_1_152' title='bbox 365 1789 546 1852; x_wconf 91' lang='lat' dir='ltr'><strong>latius</strong></span> <span class='ocrx_word' id='word_1_153' title='bbox 604 1792 925 1871; x_wconf 90' lang='lat' dir='ltr'><strong>imperium</strong></span> <span class='ocrx_word' id='word_1_154' title='bbox 987 1791 1388 1863; x_wconf 86' lang='lat' dir='ltr'><strong>tetenderunt,</strong></span> <span class='ocrx_word' id='word_1_155' title='bbox 1448 1792 1833 1854; x_wconf 84' lang='lat' dir='ltr'><strong>Aurelianum</strong></span> <span class='ocrx_word' id='word_1_156' title='bbox 1899 1792 2033 1854; x_wconf 84' lang='lat' dir='ltr'><strong>dico</strong></span> <span class='ocrx_word' id='word_1_157' title='bbox 2095 1800 2155 1854; x_wconf 89' lang='lat' dir='ltr'><strong>et</strong></span> 
     </span>
     <span class='ocr_line' id='line_1_20' title="bbox 202 1876 2223 1957; baseline -0 -20"><span class='ocrx_word' id='word_1_158' title='bbox 202 1878 516 1955; x_wconf 67' lang='lat' dir='ltr'><strong>deinceps</strong></span> <span class='ocrx_word' id='word_1_159' title='bbox 588 1876 661 1937; x_wconf 90' lang='lat' dir='ltr'><strong>de</strong></span> <span class='ocrx_word' id='word_1_160' title='bbox 693 1876 925 1955; x_wconf 81' lang='lat' dir='ltr'><strong>quibus,</strong></span> <span class='ocrx_word' id='word_1_161' title='bbox 958 1880 1012 1937; x_wconf 89' lang='lat' dir='ltr'><strong>si</strong></span> <span class='ocrx_word' id='word_1_162' title='bbox 1038 1879 1161 1938; x_wconf 85' lang='lat' dir='ltr'><strong>uita</strong></span> <span class='ocrx_word' id='word_1_163' title='bbox 1192 1877 1686 1957; x_wconf 87' lang='lat' dir='ltr'><strong>subpeditauerit,</strong></span> <span class='ocrx_word' id='word_1_164' title='bbox 1723 1896 1789 1939; x_wconf 89' lang='lat' dir='ltr'><strong>ea</strong></span> <span class='ocrx_word' id='word_1_165' title='bbox 1823 1896 1976 1957; x_wconf 86' lang='lat' dir='ltr'><strong>quae</strong></span> <span class='ocrx_word' id='word_1_166' title='bbox 2008 1896 2150 1940; x_wconf 87' lang='lat' dir='ltr'><strong>con·</strong></span> <span class='ocrx_word' id='word_1_167' title='bbox 2189 1888 2223 1936; x_wconf 80' lang='lat'>2</span> 
     </span>
    </p>

    <p class='ocr_par' dir='ltr' id='par_1_7' title="bbox 120 1960 1127 2042">
     <span class='ocr_line' id='line_1_21' title="bbox 120 1960 1127 2042; baseline 0.001 -20"><span class='ocrx_word' id='word_1_168' title='bbox 120 1974 181 2015; x_wconf 80' lang='lat'><strong>20</strong></span> <span class='ocrx_word' id='word_1_169' title='bbox 210 1966 389 2042; x_wconf 88' lang='lat' dir='ltr'><strong>perta</strong></span> <span class='ocrx_word' id='word_1_170' title='bbox 418 1962 646 2021; x_wconf 86' lang='lat' dir='ltr'><strong>fuerint</strong></span> <span class='ocrx_word' id='word_1_171' title='bbox 675 1960 1127 2040; x_wconf 84' lang='lat' dir='ltr'><strong>publicabimus.</strong></span> 
     </span>
    </p>

    <p class='ocr_par' dir='ltr' id='par_1_8' title="bbox 202 2024 2224 2379">
     <span class='ocr_line' id='line_1_22' title="bbox 340 2024 2224 2128; baseline 0.001 -22"><span class='ocrx_word' id='word_1_172' title='bbox 340 2046 730 2125; x_wconf 86' lang='lat' dir='ltr'><strong>Reprehensa</strong></span> <span class='ocrx_word' id='word_1_173' title='bbox 763 2053 902 2108; x_wconf 86' lang='lat' dir='ltr'><strong>sunt</strong></span> <span class='ocrx_word' id='word_1_174' title='bbox 939 2049 1002 2107; x_wconf 90' lang='lat' dir='ltr'><strong>in</strong></span> <span class='ocrx_word' id='word_1_175' title='bbox 1030 2024 1368 2107; x_wconf 73' lang='lat' dir='ltr'><strong>Alexandro</strong></span> <span class='ocrx_word' id='word_1_176' title='bbox 1399 2047 1576 2108; x_wconf 83' lang='grc'><strong>11333.</strong></span> <span class='ocrx_word' id='word_1_177' title='bbox 1613 2048 1772 2124; x_wconf 88' lang='lat' dir='ltr'><strong>quod</strong></span> <span class='ocrx_word' id='word_1_178' title='bbox 1804 2046 1990 2128; x_wconf 78' lang='lat' dir='ltr'><strong>Syrus</strong></span> <span class='ocrx_word' id='word_1_179' title='bbox 2023 2064 2154 2108; x_wconf 88' lang='lat' dir='ltr'><strong>esse</strong></span> <span class='ocrx_word' id='word_1_180' title='bbox 2187 2058 2224 2107; x_wconf 80' lang='lat'><strong>3</strong></span> 
     </span>
     <span class='ocr_line' id='line_1_23' title="bbox 202 2129 2151 2211; baseline -0.001 -18"><span class='ocrx_word' id='word_1_181' title='bbox 202 2129 471 2201; x_wconf 86' lang='lat' dir='ltr'><strong>nolebat,</strong></span> <span class='ocrx_word' id='word_1_182' title='bbox 504 2130 668 2207; x_wconf 88' lang='lat' dir='ltr'><strong>quod</strong></span> <span class='ocrx_word' id='word_1_183' title='bbox 697 2149 909 2193; x_wconf 85' lang='lat' dir='ltr'><strong>aurum</strong></span> <span class='ocrx_word' id='word_1_184' title='bbox 940 2130 1192 2201; x_wconf 88' lang='lat' dir='ltr'><strong>amabat,</strong></span> <span class='ocrx_word' id='word_1_185' title='bbox 1238 2131 1402 2208; x_wconf 89' lang='lat' dir='ltr'><strong>quod</strong></span> <span class='ocrx_word' id='word_1_186' title='bbox 1433 2133 1971 2211; x_wconf 86' lang='lat' dir='ltr'><strong>suspiciosissimus</strong></span> <span class='ocrx_word' id='word_1_187' title='bbox 2003 2138 2151 2203; x_wconf 87' lang='lat' dir='ltr'><strong>erat,</strong></span> 
     </span>
     <span class='ocr_line' id='line_1_24' title="bbox 204 2213 2147 2297; baseline 0 -20"><span class='ocrx_word' id='word_1_188' title='bbox 204 2215 375 2297; x_wconf 85' lang='lat' dir='ltr'><strong>quod</strong></span> <span class='ocrx_word' id='word_1_189' title='bbox 408 2216 719 2293; x_wconf 82' lang='lat' dir='ltr'><strong>uectigalia</strong></span> <span class='ocrx_word' id='word_1_190' title='bbox 750 2216 937 2278; x_wconf 79' lang='lat' dir='ltr'><strong>multa</strong></span> <span class='ocrx_word' id='word_1_191' title='bbox 964 2216 1340 2287; x_wconf 86' lang='lat' dir='ltr'><strong>inueniebat,</strong></span> <span class='ocrx_word' id='word_1_192' title='bbox 1405 2217 1565 2294; x_wconf 87' lang='lat' dir='ltr'><strong>quod</strong></span> <span class='ocrx_word' id='word_1_193' title='bbox 1605 2236 1670 2277; x_wconf 89' lang='lat' dir='ltr'><strong>se</strong></span> <span class='ocrx_word' id='word_1_194' title='bbox 1699 2217 1978 2295; x_wconf 84' lang='lat' dir='ltr'><strong>Magnum</strong></span> <span class='ocrx_word' id='word_1_195' title='bbox 2008 2213 2147 2278; x_wconf 86' lang='grc' dir='ltr'><strong>Α13-</strong></span> 
     </span>
     <span class='ocr_line' id='line_1_25' title="bbox 204 2299 2156 2379; baseline 0.002 -18"><span class='ocrx_word' id='word_1_196' title='bbox 204 2300 509 2364; x_wconf 83' lang='lat' dir='ltr'><strong>xandrum</strong></span> <span class='ocrx_word' id='word_1_197' title='bbox 540 2299 735 2362; x_wconf 87' lang='lat' dir='ltr'><strong>uideri</strong></span> <span class='ocrx_word' id='word_1_198' title='bbox 790 2300 1047 2371; x_wconf 87' lang='lat' dir='ltr'><strong>uolebat,</strong></span> <span class='ocrx_word' id='word_1_199' title='bbox 1112 2301 1268 2379; x_wconf 85' lang='lat' dir='ltr'><strong>quod</strong></span> <span class='ocrx_word' id='word_1_200' title='bbox 1329 2303 1509 2363; x_wconf 88' lang='lat' dir='ltr'><strong>nimis</strong></span> <span class='ocrx_word' id='word_1_201' title='bbox 1547 2320 1797 2364; x_wconf 86' lang='lat' dir='ltr'><strong>seuerus</strong></span> <span class='ocrx_word' id='word_1_202' title='bbox 1839 2302 1902 2363; x_wconf 92' lang='lat' dir='ltr'><strong>in</strong></span> <span class='ocrx_word' id='word_1_203' title='bbox 1933 2301 2156 2364; x_wconf 79' lang='lat' dir='ltr'><strong>milites</strong></span> 
     </span>
    </p>

    <p class='ocr_par' dir='ltr' id='par_1_9' title="bbox 118 2385 2148 2534">
     <span class='ocr_line' id='line_1_26' title="bbox 118 2385 2148 2503; baseline 0 -56"><span class='ocrx_word' id='word_1_204' title='bbox 118 2398 179 2440; x_wconf 81' lang='lat'><strong>2⁵</strong></span> <span class='ocrx_word' id='word_1_205' title='bbox 210 2394 363 2455; x_wconf 81' lang='lat' dir='ltr'><strong>erat,</strong></span> <span class='ocrx_word' id='word_1_206' title='bbox 442 2385 604 2465; x_wconf 88' lang='lat' dir='ltr'><strong>quod</strong></span> <span class='ocrx_word' id='word_1_207' title='bbox 636 2404 807 2448; x_wconf 85' lang='lat' dir='ltr'><strong>curas</strong></span> <span class='ocrx_word' id='word_1_208' title='bbox 839 2388 914 2449; x_wconf 83' lang='lat' dir='ltr'><strong>de</strong></span> <span class='ocrx_word' id='word_1_209' title='bbox 941 2389 1193 2503; x_wconf 85' lang='lat' dir='ltr'><strong>priuatis</strong></span> <span class='ocrx_word' id='word_1_210' title='bbox 1223 2386 1454 2466; x_wconf 86' lang='lat' dir='ltr'><strong>agebat.</strong></span> <span class='ocrx_word' id='word_1_211' title='bbox 1492 2405 1644 2467; x_wconf 88' lang='lat' dir='ltr'><strong>quae</strong></span> <span class='ocrx_word' id='word_1_212' title='bbox 1675 2389 1872 2449; x_wconf 86' lang='lat' dir='ltr'><strong>omnia</strong></span> <span class='ocrx_word' id='word_1_213' title='bbox 1901 2389 1964 2448; x_wconf 93' lang='lat' dir='ltr'><strong>in</strong></span> <span class='ocrx_word' id='word_1_214' title='bbox 1993 2405 2065 2449; x_wconf 89' lang='lat' dir='ltr'><strong>re</strong></span> <span class='ocrx_word' id='word_1_215' title='bbox 2086 2406 2148 2467; x_wconf 89' lang='lat' dir='ltr'><strong>p.</strong></span> 
     </span>
     <span class='ocr_line' id='line_1_27' title="bbox 205 2472 575 2534; baseline -0.006 -1"><span class='ocrx_word' id='word_1_216' title='bbox 205 2472 575 2534; x_wconf 82' lang='lat' dir='ltr'><strong>instituerat.</strong></span> 
     </span>
    </p>

    <p class='ocr_par' dir='ltr' id='par_1_10' title="bbox 344 2556 2220 2638">
     <span class='ocr_line' id='line_1_28' title="bbox 344 2556 2220 2638; baseline -0.001 -21"><span class='ocrx_word' id='word_1_217' title='bbox 344 2556 485 2638; x_wconf 69' lang='lat' dir='ltr'><strong>Scio</strong></span> <span class='ocrx_word' id='word_1_218' title='bbox 518 2574 665 2617; x_wconf 89' lang='lat' dir='ltr'><strong>sane</strong></span> <span class='ocrx_word' id='word_1_219' title='bbox 692 2556 1013 2637; x_wconf 87' lang='lat' dir='ltr'><strong>plerosque</strong></span> <span class='ocrx_word' id='word_1_220' title='bbox 1044 2574 1298 2635; x_wconf 83' lang='lat' dir='ltr'><strong>negare,</strong></span> <span class='ocrx_word' id='word_1_221' title='bbox 1332 2557 1492 2619; x_wconf 89' lang='lat' dir='ltr'><strong>hunc</strong></span> <span class='ocrx_word' id='word_1_222' title='bbox 1523 2576 1556 2619; x_wconf 91' lang='lat' dir='ltr'><strong>a</strong></span> <span class='ocrx_word' id='word_1_223' title='bbox 1587 2565 1800 2621; x_wconf 86' lang='lat' dir='ltr'><strong>senatu</strong></span> <span class='ocrx_word' id='word_1_224' title='bbox 1830 2558 2148 2622; x_wconf 82' lang='lat' dir='ltr'><strong>Caesarem</strong></span> <span class='ocrx_word' id='word_1_225' title='bbox 2183 2565 2220 2615; x_wconf 78' lang='lat'>4</span> 
     </span>
    </p>

    <p class='ocr_par' dir='ltr' id='par_1_11' title="bbox 0 2641 2152 2723">
     <span class='ocr_line' id='line_1_29' title="bbox 0 2641 2152 2723; baseline -0 -19"><span class='ocrx_word' id='word_1_226' title='bbox 0 2691 3 2712; x_wconf 86' lang='lat'>.</span> <span class='ocrx_word' id='word_1_227' title='bbox 210 2641 584 2722; x_wconf 86' lang='lat' dir='ltr'><strong>appellatum</strong></span> <span class='ocrx_word' id='word_1_228' title='bbox 618 2660 748 2703; x_wconf 89' lang='lat' dir='ltr'><strong>esse</strong></span> <span class='ocrx_word' id='word_1_229' title='bbox 780 2642 886 2703; x_wconf 86' lang='lat' dir='ltr'><strong>sed</strong></span> <span class='ocrx_word' id='word_1_230' title='bbox 916 2660 949 2704; x_wconf 88' lang='lat' dir='ltr'><strong>a</strong></span> <span class='ocrx_word' id='word_1_231' title='bbox 979 2642 1295 2712; x_wconf 86' lang='lat' dir='ltr'><strong>militibus,</strong></span> <span class='ocrx_word' id='word_1_232' title='bbox 1330 2644 1429 2721; x_wconf 92' lang='lat' dir='ltr'><strong>qui</strong></span> <span class='ocrx_word' id='word_1_233' title='bbox 1457 2661 1674 2705; x_wconf 89' lang='lat' dir='ltr'><strong>uerum</strong></span> <span class='ocrx_word' id='word_1_234' title='bbox 1703 2662 1954 2723; x_wconf 87' lang='lat' dir='ltr'><strong>prorsus</strong></span> <span class='ocrx_word' id='word_1_235' title='bbox 1981 2645 2152 2722; x_wconf 85' lang='lat' dir='ltr'><strong>igno-</strong></span> 
     </span>
    </p>

    <p class='ocr_par' dir='ltr' id='par_1_12' title="bbox 0 2717 2155 2807">
     <span class='ocr_line' id='line_1_30' title="bbox 0 2717 2155 2807; baseline 0 -20"><span class='ocrx_word' id='word_1_236' title='bbox 0 2717 7 2806; x_wconf 58' lang='lat' dir='ltr'><strong>l</strong></span> <span class='ocrx_word' id='word_1_237' title='bbox 208 2734 381 2795; x_wconf 88' lang='lat' dir='ltr'><strong>rant;</strong></span> <span class='ocrx_word' id='word_1_238' title='bbox 432 2726 634 2787; x_wconf 86' lang='lat' dir='ltr'><strong>dicere</strong></span> <span class='ocrx_word' id='word_1_239' title='bbox 691 2736 1036 2807; x_wconf 85' lang='lat' dir='ltr'><strong>praeterea,</strong></span> <span class='ocrx_word' id='word_1_240' title='bbox 1098 2743 1219 2789; x_wconf 88' lang='lat' dir='ltr'><strong>non</strong></span> <span class='ocrx_word' id='word_1_241' title='bbox 1278 2726 1440 2789; x_wconf 83' lang='lat' dir='ltr'><strong>hunc</strong></span> <span class='ocrx_word' id='word_1_242' title='bbox 1482 2729 1681 2790; x_wconf 87' lang='lat' dir='ltr'><strong>fuisse</strong></span> <span class='ocrx_word' id='word_1_243' title='bbox 1726 2728 2155 2789; x_wconf 88' lang='lat' dir='ltr'><strong>consobrinum</strong></span> 
     </span>
    </p>

    <p class='ocr_par' dir='ltr' id='par_1_13' title="bbox 0 2810 2318 2894">
     <span class='ocr_line' id='line_1_31' title="bbox 0 2810 2318 2894; baseline -0.001 -21"><span class='ocrx_word' id='word_1_244' title='bbox 0 2821 3 2894; x_wconf 54' lang='grc'><strong>1</strong></span> <span class='ocrx_word' id='word_1_245' title='bbox 128 2824 189 2864; x_wconf 74' lang='lat'><strong>³0</strong></span> <span class='ocrx_word' id='word_1_246' title='bbox 216 2810 610 2889; x_wconf 83' lang='lat' dir='ltr'><strong>Heliogabali.</strong></span> <span class='ocrx_word' id='word_1_247' title='bbox 686 2814 807 2891; x_wconf 86' lang='lat' dir='ltr'><strong>qui,</strong></span> <span class='ocrx_word' id='word_1_248' title='bbox 840 2820 907 2875; x_wconf 88' lang='lat' dir='ltr'><strong>ut</strong></span> <span class='ocrx_word' id='word_1_249' title='bbox 936 2832 1045 2874; x_wconf 91' lang='lat' dir='ltr'><strong>nos</strong></span> <span class='ocrx_word' id='word_1_250' title='bbox 1076 2820 1432 2891; x_wconf 84' lang='lat' dir='ltr'><strong>sequantur,</strong></span> <span class='ocrx_word' id='word_1_251' title='bbox 1493 2813 1814 2876; x_wconf 87' lang='lat' dir='ltr'><strong>historicos</strong></span> <span class='ocrx_word' id='word_1_252' title='bbox 1845 2814 1972 2883; x_wconf 87' lang='lat' dir='ltr'><strong>eius</strong></span> <span class='ocrx_word' id='word_1_253' title='bbox 2000 2819 2151 2873; x_wconf 89' lang='lat' dir='ltr'><strong>tem·</strong></span> <span class='ocrx_word' id='word_1_254' title='bbox 2191 2821 2224 2871; x_wconf 85' lang='lat'>5</span> <span class='ocrx_word' id='word_1_255' title='bbox 2308 2822 2318 2837; x_wconf 63' lang='lat'>⁸</span> 
     </span>
    </p>

    <p class='ocr_par' dir='ltr' id='par_1_14' title="bbox 0 2895 2158 3063">
     <span class='ocr_line' id='line_1_32' title="bbox 0 2895 2158 2976; baseline 0.001 -19"><span class='ocrx_word' id='word_1_256' title='bbox 0 2897 3 2966; x_wconf 68' lang='grc'><strong>1</strong></span> <span class='ocrx_word' id='word_1_257' title='bbox 214 2899 385 2976; x_wconf 89' lang='lat' dir='ltr'><strong>poris</strong></span> <span class='ocrx_word' id='word_1_258' title='bbox 428 2896 632 2975; x_wconf 86' lang='lat' dir='ltr'><strong>legant</strong></span> <span class='ocrx_word' id='word_1_259' title='bbox 674 2905 734 2957; x_wconf 89' lang='lat' dir='ltr'><strong>et</strong></span> <span class='ocrx_word' id='word_1_260' title='bbox 774 2899 1033 2961; x_wconf 82' lang='lat' dir='ltr'><strong>maxime</strong></span> <span class='ocrx_word' id='word_1_261' title='bbox 1071 2897 1415 2969; x_wconf 85' lang='lat' dir='ltr'><strong>Acholium,</strong></span> <span class='ocrx_word' id='word_1_262' title='bbox 1477 2900 1580 2975; x_wconf 86' lang='lat' dir='ltr'><strong>qui</strong></span> <span class='ocrx_word' id='word_1_263' title='bbox 1623 2904 1683 2959; x_wconf 89' lang='lat' dir='ltr'><strong>et</strong></span> <span class='ocrx_word' id='word_1_264' title='bbox 1723 2899 1939 2960; x_wconf 86' lang='lat' dir='ltr'><strong>itinera</strong></span> <span class='ocrx_word' id='word_1_265' title='bbox 1980 2895 2158 2959; x_wconf 88' lang='lat' dir='ltr'><strong>huius</strong></span> 
     </span>
     <span class='ocr_line' id='line_1_33' title="bbox 216 2982 799 3063; baseline 0 -20"><span class='ocrx_word' id='word_1_266' title='bbox 216 2984 513 3062; x_wconf 86' lang='lat' dir='ltr'><strong>principis</strong></span> <span class='ocrx_word' id='word_1_267' title='bbox 544 2982 799 3063; x_wconf 86' lang='lat' dir='ltr'><strong>scripsit.</strong></span> 
     </span>
    </p>
   </div>
   <div class='ocr_carea' id='block_1_3' title="bbox 219 3166 2206 3579">
    <p class='ocr_par' dir='ltr' id='par_1_15' title="bbox 219 3166 2206 3579">
     <span class='ocr_line' id='line_1_34' title="bbox 320 3166 2164 3237; baseline 0 -18"><span class='ocrx_word' id='word_1_268' title='bbox 320 3170 355 3235; x_wconf 77' lang='grc'>8</span> <span class='ocrx_word' id='word_1_269' title='bbox 376 3172 517 3219; x_wconf 79' lang='lat' dir='ltr'><strong>nata</strong></span> <span class='ocrx_word' id='word_1_270' title='bbox 540 3168 645 3219; x_wconf 90' lang='lat' dir='ltr'><strong>BP</strong></span> <span class='ocrx_word' id='word_1_271' title='bbox 780 3170 843 3219; x_wconf 85' lang='lat'><strong>11</strong></span> <span class='ocrx_word' id='word_1_272' title='bbox 874 3170 1015 3222; x_wconf 82' lang='lat' dir='ltr'><strong>haec</strong></span> <span class='ocrx_word' id='word_1_273' title='bbox 1048 3169 1298 3221; x_wconf 79' lang='lat' dir='ltr'><strong>aliamat.</strong></span> <span class='ocrx_word' id='word_1_274' title='bbox 1322 3166 1397 3219; x_wconf 88' lang='lat' dir='ltr'><strong>B¹</strong></span> <span class='ocrx_word' id='word_1_275' title='bbox 1545 3172 1610 3221; x_wconf 86' lang='lat'><strong>13</strong></span> <span class='ocrx_word' id='word_1_276' title='bbox 1641 3168 1900 3237; x_wconf 77' lang='lat' dir='ltr'><strong>humana]</strong></span> <span class='ocrx_word' id='word_1_277' title='bbox 1937 3185 2164 3223; x_wconf 81' lang='lat' dir='ltr'><strong>romana.</strong></span> 
     </span>
     <span class='ocr_line' id='line_1_35' title="bbox 219 3235 2162 3301; baseline 0.002 -15"><span class='ocrx_word' id='word_1_278' title='bbox 219 3235 391 3287; x_wconf 85' lang='lat' dir='ltr'><strong>BPM</strong></span> <span class='ocrx_word' id='word_1_279' title='bbox 548 3238 613 3287; x_wconf 78' lang='lat'><strong>16</strong></span> <span class='ocrx_word' id='word_1_280' title='bbox 639 3238 1007 3290; x_wconf 72' lang='lat' dir='ltr'><strong>sementribus</strong></span> <span class='ocrx_word' id='word_1_281' title='bbox 1031 3236 1163 3290; x_wconf 83' lang='lat' dir='ltr'><strong>BP¹</strong></span> <span class='ocrx_word' id='word_1_282' title='bbox 1309 3237 1436 3289; x_wconf 78' lang='lat' dir='ltr'><strong>aliis</strong></span> <span class='ocrx_word' id='word_1_283' title='bbox 1460 3254 1554 3292; x_wconf 82' lang='lat' dir='ltr'><strong>om.</strong></span> <span class='ocrx_word' id='word_1_284' title='bbox 1577 3237 1856 3301; x_wconf 54' lang='lat' dir='ltr'><strong>BPssadd.</strong></span> <span class='ocrx_word' id='word_1_285' title='bbox 1881 3236 1960 3290; x_wconf 79' lang='lat'><strong>1²³</strong></span> <span class='ocrx_word' id='word_1_286' title='bbox 2097 3240 2162 3289; x_wconf 82' lang='grc'><strong>17</strong></span> 
     </span>
     <span class='ocr_line' id='line_1_36' title="bbox 220 3304 2206 3374; baseline 0.003 -21"><span class='ocrx_word' id='word_1_287' title='bbox 220 3304 739 3370; x_wconf 82' lang='lat' dir='ltr'><strong>imperantibusque</strong></span> <span class='ocrx_word' id='word_1_288' title='bbox 765 3304 838 3357; x_wconf 82' lang='lat' dir='ltr'><strong>ad</strong></span> <span class='ocrx_word' id='word_1_289' title='bbox 861 3306 968 3358; x_wconf 91' lang='lat' dir='ltr'><strong>BP</strong></span> <span class='ocrx_word' id='word_1_290' title='bbox 1098 3309 1165 3359; x_wconf 83' lang='lat'><strong>22</strong></span> <span class='ocrx_word' id='word_1_291' title='bbox 1190 3307 1608 3373; x_wconf 78' lang='lat' dir='ltr'><strong>suspiciosimus</strong></span> <span class='ocrx_word' id='word_1_292' title='bbox 1632 3305 1708 3357; x_wconf 72' lang='lat' dir='ltr'><strong>P1</strong></span> <span class='ocrx_word' id='word_1_293' title='bbox 1845 3305 1914 3359; x_wconf 80' lang='lat'><strong>24</strong></span> <span class='ocrx_word' id='word_1_294' title='bbox 1934 3305 2046 3357; x_wconf 84' lang='lat' dir='ltr'><strong>uiri</strong></span> <span class='ocrx_word' id='word_1_295' title='bbox 2067 3320 2165 3358; x_wconf 89' lang='lat' dir='ltr'><strong>uo·</strong></span> <span class='ocrx_word' id='word_1_296' title='bbox 2203 3373 2206 3374; x_wconf 15' lang='lat'><em>⁷</em></span> 
     </span>
     <span class='ocr_line' id='line_1_37' title="bbox 221 3370 2052 3443; baseline 0.003 -24"><span class='ocrx_word' id='word_1_297' title='bbox 221 3370 379 3423; x_wconf 78' lang='lat' dir='ltr'><strong>lebat</strong></span> <span class='ocrx_word' id='word_1_298' title='bbox 400 3370 503 3421; x_wconf 79' lang='lat' dir='ltr'><strong>B1·</strong></span> <span class='ocrx_word' id='word_1_299' title='bbox 612 3376 681 3425; x_wconf 81' lang='lat'><strong>25</strong></span> <span class='ocrx_word' id='word_1_300' title='bbox 706 3374 773 3424; x_wconf 87' lang='lat' dir='ltr'><strong>de</strong></span> <span class='ocrx_word' id='word_1_301' title='bbox 798 3375 920 3425; x_wconf 79' lang='lat' dir='ltr'><strong>add.</strong></span> <span class='ocrx_word' id='word_1_302' title='bbox 947 3374 992 3426; x_wconf 76' lang='lat' dir='ltr'><strong><em>S</em></strong></span> <span class='ocrx_word' id='word_1_303' title='bbox 1113 3376 1369 3442; x_wconf 75' lang='lat' dir='ltr'><strong>priuatas</strong></span> <span class='ocrx_word' id='word_1_304' title='bbox 1391 3375 1464 3427; x_wconf 86' lang='lat' dir='ltr'><em>M</em></span> <span class='ocrx_word' id='word_1_305' title='bbox 1589 3377 1658 3428; x_wconf 77' lang='lat'><strong>28</strong></span> <span class='ocrx_word' id='word_1_306' title='bbox 1675 3377 1897 3443; x_wconf 78' lang='lat' dir='ltr'><strong>ignorat</strong></span> <span class='ocrx_word' id='word_1_307' title='bbox 1921 3371 2052 3426; x_wconf 75' lang='grc' dir='ltr'><strong>ΒΡ1</strong></span> 
     </span>
     <span class='ocr_line' id='line_1_38' title="bbox 225 3440 2164 3543; baseline 0.003 -55"><span class='ocrx_word' id='word_1_308' title='bbox 225 3441 288 3489; x_wconf 87' lang='lat'><strong>31</strong></span> <span class='ocrx_word' id='word_1_309' title='bbox 312 3440 521 3491; x_wconf 83' lang='lat' dir='ltr'><strong>itinera.</strong></span> <span class='ocrx_word' id='word_1_310' title='bbox 532 3440 698 3493; x_wconf 83' lang='lat' dir='ltr'><strong>BPM</strong></span> <span class='ocrx_word' id='word_1_311' title='bbox 718 3442 914 3494; x_wconf 75' lang='lat' dir='ltr'><strong>intima</strong></span> <span class='ocrx_word' id='word_1_312' title='bbox 924 3444 1139 3509; x_wconf 69' lang='lat' dir='ltr'><strong>Lipsius</strong></span> <span class='ocrx_word' id='word_1_313' title='bbox 1162 3460 1248 3509; x_wconf 83' lang='lat' dir='ltr'><strong>ep.</strong></span> <span class='ocrx_word' id='word_1_314' title='bbox 1273 3451 1403 3499; x_wconf 79' lang='lat' dir='ltr'><strong>cent.</strong></span> <span class='ocrx_word' id='word_1_315' title='bbox 1423 3444 1499 3495; x_wconf 89' lang='lat' dir='ltr'><strong>II</strong></span> <span class='ocrx_word' id='word_1_316' title='bbox 1517 3446 1654 3497; x_wconf 69' lang='lat' dir='ltr'><strong>misc.</strong></span> <span class='ocrx_word' id='word_1_317' title='bbox 1667 3448 1733 3497; x_wconf 85' lang='grc'><strong>18</strong></span> <span class='ocrx_word' id='word_1_318' title='bbox 1757 3460 1850 3543; x_wconf 66' lang='lat' dir='ltr'><strong>ego</strong></span> <span class='ocrx_word' id='word_1_319' title='bbox 1873 3442 2164 3495; x_wconf 83' lang='lat' dir='ltr'><strong>Acholium</strong></span> 
     </span>
     <span class='ocr_line' id='line_1_39' title="bbox 227 3506 1462 3579; baseline 0.008 -24"><span class='ocrx_word' id='word_1_320' title='bbox 227 3509 285 3556; x_wconf 79' lang='lat' dir='ltr'><strong>et</strong></span> <span class='ocrx_word' id='word_1_321' title='bbox 308 3506 580 3563; x_wconf 78' lang='lat' dir='ltr'><strong>interiora</strong></span> <span class='ocrx_word' id='word_1_322' title='bbox 602 3509 907 3563; x_wconf 82' lang='lat' dir='ltr'><strong>Alexandri</strong></span> <span class='ocrx_word' id='word_1_323' title='bbox 928 3513 1203 3579; x_wconf 66' lang='lat' dir='ltr'><strong>scripsisse</strong></span> <span class='ocrx_word' id='word_1_324' title='bbox 1226 3514 1462 3565; x_wconf 63' lang='lat' dir='ltr'><strong>eaistt&#39;mo</strong></span> 
     </span>
    </p>
   </div>
   <div class='ocr_carea' id='block_1_4' title="bbox 299 3594 1757 3666">
    <p class='ocr_par' dir='ltr' id='par_1_16' title="bbox 299 3594 1757 3666">
     <span class='ocr_line' id='line_1_40' title="bbox 299 3594 1757 3666; baseline 0.005 -6"><span class='ocrx_word' id='word_1_325' title='bbox 299 3624 511 3664; x_wconf 73' lang='lat' dir='ltr'><strong>scum.</strong></span> <span class='ocrx_word' id='word_1_326' title='bbox 539 3626 688 3665; x_wconf 70' lang='grc'><strong>11131.</strong></span> <span class='ocrx_word' id='word_1_327' title='bbox 712 3628 844 3666; x_wconf 69' lang='lat' dir='ltr'><strong>Avo.</strong></span> <span class='ocrx_word' id='word_1_328' title='bbox 888 3614 933 3666; x_wconf 93' lang='grc' dir='ltr'><strong>Ι.</strong></span> <span class='ocrx_word' id='word_1_329' title='bbox 1679 3594 1757 3659; x_wconf 79' lang='grc'><strong>18</strong></span> 
     </span>
    </p>
   </div>
  </div>
 </body>
</html>
