2517 3884
2207 0 2290 13 ,,,,,,,

395 153 517 219 116
995 159 1339 221 TREBELLlI
1382 160 1725 219 POLLIONlS

389 327 538 387 tanti
579 326 693 387 fuit
732 326 967 387 ardoris
1007 325 1079 386 ad
1123 325 1316 386 studia
1360 324 1625 387 Romana
1668 335 1734 389 ut
1763 326 1937 389 breui
1968 336 2340 391 consecutus

392 428 545 488 quae
574 413 983 472 insinuauerat
1003 413 1429 488 grammaticus
1456 430 1589 473 esse
1610 411 1860 485 dicatur,
1892 415 2163 493 potuisse
2189 416 2339 493 quin

393 498 571 559 etiam
601 515 905 558 summum
937 495 1285 557 Latinorum
1317 495 1625 559 rhetorem
1657 498 1875 559 facere.

1134 797 1144 803 ,
1185 712 1521 778 cEsts

287 880 374 947 29
519 887 838 965 Occupatis
870 884 1136 964 partibus
1165 884 1485 948 Gallicanis
1516 886 1936 956 orientalibus,
1970 888 2117 965 quin
2148 889 2332 949 etiam
2386 902 2419 943 5

390 972 567 1035 Ponti
595 971 986 1033 Thraciarum
1019 982 1080 1031 et
1111 970 1353 1049 lllyrici,
1400 972 1542 1033 dum
1584 971 1887 1035 Gallienus
1916 975 2243 1052 popinatur
2273 980 2335 1035 ct

390 1057 618 1119 balneis
649 1076 718 1117 ac
747 1056 1067 1117 lenonibus
1109 1057 1357 1135 deputat
1396 1058 1607 1125 uitam,
1651 1058 1779 1117 Al'ri
1817 1076 2057 1135 qnoque
2087 1064 2337 1132 auctore

389 1142 558 1219 Vibio
599 1144 910 1212 Passieno,
965 1159 1075 1221 pro
1120 1141 1367 1201 consule
1410 1143 1671 1210 Africae,
1727 1149 1787 1202 et
1835 1142 2020 1203 Fabio
2073 1143 2333 1221 Pompo-

391 1230 596 1298 niano,
643 1227 795 1288 duce
826 1228 1032 1287 limitis
1065 1225 1297 1306 Libyci,
1343 1226 1577 1287 Celsum
1609 1228 2033 1305 imperatorem
2066 1228 2335 1308 appella-

323 1320 355 1371 2
391 1320 613 1375 uerunt
645 1308 1000 1391 peplo'deae
1031 1310 1320 1373 Caelestis
1350 1320 1645 1373 ornatum.
1688 1312 1785 1372 hic
1815 1314 2085 1392 priuatus
2116 1332 2189 1373 ex
2224 1314 2332 1378 tri·
2361 1326 2420 1368 ιο

389 1397 566 1459 bunis
606 1399 669 1458 in
709 1398 907 1459 Africa
949 1398 1181 1475 positus
1222 1398 1285 1456 in
1327 1398 1485 1474 agris
1526 1399 1651 1457 suis
1683 1397 1957 1465 uiuebat,
1999 1398 2108 1459 sed
2142 1416 2211 1459 ea
2240 1400 2336 1460 iu-

389 1484 548 1543 stitia
582 1490 641 1543 et
671 1483 947 1562 corporis
969 1480 1375 1559 magnitudine
1402 1490 1466 1541 ut
1488 1481 1701 1559 dignus
1724 1482 2035 1543 uideretur
2052 1484 2331 1562 imperio.

323 1576 356 1626 3
392 1583 578 1645 quare
610 1576 848 1627 creatus
877 1584 988 1645 per
1009 1566 1306 1641 quandam
1340 1565 1672 1634 mulierem,
1708 1566 2033 1629 Gallienam
2066 1570 2332 1637 nomine,

390 1650 810 1712 consobrinam
855 1650 1137 1719 Gallieni,
1197 1652 1457 1730 septimo
1511 1652 1748 1730 imperii
1792 1652 1887 1711 die
1927 1654 2335 1731 interemptus

391 1743 482 1796 est
511 1744 690 1813 atque
721 1735 870 1798 adeo
905 1736 1083 1796 etiam
1115 1738 1273 1796 inter
1308 1736 1595 1796 obscuros
1629 1738 1937 1815 principes
1969 1740 2065 1798 uix
2098 1736 2333 1801 relatus
2362 1748 2419 1792 15

320 1829 354 1879 4
391 1826 496 1881 est.
564 1840 788 1899 corpus
833 1822 962 1881 eius
993 1838 1026 1881 a
1057 1820 1307 1881 canibus
1347 1830 1761 1896 consumptum
1802 1830 1895 1882 est
1925 1821 2331 1892 SiccensihuS,

389 1908 493 1983 qui
536 1904 806 1967 Gallieno
850 1906 1025 1966 fidem
1070 1914 1495 1975 seruauerant,
1539 1906 2032 1985 perurgentibus,
2079 1914 2141 1967 et
2171 1924 2334 1969 nouo

387 1986 641 2053 iniuriae
672 2008 894 2069 genere
936 1993 1131 2069 imago
1162 1994 1224 2051 iu
1257 2010 1497 2051 crucem
1529 1990 1758 2052 sublata
1792 1990 2163 2071 persultante
2195 1991 2330 2053 uul-

387 2093 483 2155 go,
518 2079 687 2155 quasi
715 2076 1033 2157 patibulo
1017 2094 1148 2157 lpse
1181 2076 1390 2138 Celsus
1422 2075 1731 2137 uideretur
1760 2076 2006 2138 adfixus,

1155 2274 1561 2341 ΖΕΝΟΒΙΑ
2360 2294 2415 2335 zo

287 2440 374 2509 30
517 2447 774 2508 Omnis
757 2466 872 2509 iarn
905 2404 1297 2525 consumptus
1340 2454 1430 2507 est
1470 2447 1684 2526 pudor.
1730 2450 1781 2508 si
1816 2446 2055 2525 quidem
2092 2449 2337 2527 fatigata

385 2550 456 2593 re
497 2551 556 2611 p.
604 2550 674 2592 eo
720 2550 910 2612 usque
957 2526 1317 2611 peruentum
1374 2539 1464 2593 est
1516 2540 1582 2593 ut
1634 2532 1903 2595 Gallieno
1958 2536 2335 2610 nequissime

319 2624 352 2674 2
387 2625 602 2695 agente
633 2618 857 2697 optime
890 2620 1065 2677 etiam
1099 2617 1314 2677 mulien
1318 2636 1383 2677 es
1413 2619 1796 2696 impeiQaient
1856 2626 1916 2679 et
1946 2619 2189 2695 quidem
2224 2638 2331 2698 pe-

384 2704 627 2781 regrina
660 2704 866 2771 etiam,
911 2704 1150 2763 nomine
1181 2700 1470 2771 Zenobia,
1517 2702 1590 2761 (le
1634 2722 1748 2781 qua
1794 2702 1979 2763 multa
2021 2705 2136 2763 iam
2169 2704 2334 2765 (licta

387 2797 554 2855 sunt.
580 2804 754 2865 .quae
795 2806 860 2848 se
903 2788 976 2847 de
1008 2788 1455 2865 Cleopatrarum
1499 2787 2099 2864 Ptolemaeorumque
2141 2797 2330 2866 gente
2360 2800 2414 2845 25

384 2874 651 2938 iactaret,
687 2883 821 2951 post
850 2872 1186 2933 Odenatum
1219 2879 1495 2934 maritum
1529 2872 1819 2951 imperiali
1850 2873 2055 2950 sagulo
2081 2876 2331 2951 perfuso

385 2974 495 3037 per
523 2976 794 3029 umeros»,
841 2957 1042 3019 habitu
1077 2958 1323 3020 Didonis
1367 2966 1616 3030 ornata„
1650 2957 1981 3018 diademate
2014 2960 2189 3018 etiam
2224 2978 2329 3019 ac·

386 3049 591 3121 cepto,
651 3045 894 3104 nomine
950 3043 1209 3104 liliorum
1263 3044 1661 3105 llerenniani‘
1684 3052 1744 3105 et.
1796 3042 2051 3105 Timolai
2100 3043 2331 3105 diutius

521 3213 554 3259 3
577 3208 855 3261 rethorem
877 3211 982 3260 ΒΡ
1112 3213 1145 3261 5
1169 3212 1533 3278 occupatibus
1561 3212 1608 3261 Β
1732 3212 1763 3261 6
1789 3212 2092 3262 traciarum
2116 3210 2221 3261 BP

385 3278 417 3327 8
441 3277 594 3326 uiuio
617 3277 722 3327 BP
864 3282 896 3330 9
921 3279 1189 3331 limitibus
1218 3280 1265 3330 B
1424 3280 1579 3330 libici
1607 3280 1707 3330 BP
1861 3284 1923 3331 10
1948 3278 2108 3346 deae]
2139 3279 2249 3331 dea
2272 3278 2329 3329 B

388 3342 457 3393 de
481 3344 532 3393 P
673 3347 740 3395 20
765 3348 997 3397 zenouia
1027 3348 1072 3396 B
1217 3351 1285 3397 24
1310 3348 1452 3397 enim
1480 3348 1581 3397 ΒΡ
1600 3366 1678 3397 am
1722 3348 1789 3398 M
1806 3349 1975 3398 etiam
1998 3351 2151 3411 scrip.
2148 3350 2191 3397 ἰ

385 3410 497 3461 iam
521 3410 694 3461 multa
721 3412 786 3463 M
936 3418 1002 3465 25
1029 3415 1432 3481 cleopetrarum
1460 3417 1519 3466 M
1561 3414 1633 3479 (1⁰2
1660 3416 1710 3465 P
1730 3432 1764 3466 a
1786 3418 1935 3479 prius
1966 3419 2020 3465 in
2050 3432 2155 3467 rus.
2164 3416 2183 3479 )

386 3477 782 3545 ptolemeorum
806 3496 947 3545 quae
975 3482 1076 3533 BP
1206 3487 1271 3535 27
1301 3484 1461 3535 donis
1484 3484 1599 3535 BP
1604 3485 1647 3535 21
1668 3502 1757 3535 em.
1786 3484 1829 3533 S
1964 3488 2089 3535 orta.
2112 3481 2195 3555 Βι
