2517 3884
386 207 516 272 220
1119 212 1271 268 AELI
1312 211 1645 268 LAMPRIDII

393 379 659 450 lectuliS,
693 387 758 441 ut
791 398 824 440 a
854 378 1114 458 pedibus
1145 385 1311 440 utres
1340 395 1450 456 per
1481 395 1703 456 pueros
1736 377 1805 438 ad
1839 378 2171 439 reflandum
2214 380 2338 458 spi-

321 472 355 518 4
390 467 573 526 ritum
607 464 1008 525 soluerentur.
1081 464 1143 523 in
1183 463 1439 524 mimicis
1483 461 1791 524 adulteriis
1834 482 1901 524 ea
1945 481 2097 541 quae
2138 463 2339 524 solent

325 555 358 603 5
394 549 672 610 simulato
705 549 835 609 fieri
870 549 1024 608 effici
1055 547 1126 608 ad
1157 566 1369 608 uerum
1401 549 1589 607 iussit.
1652 551 2003 610 meretrices
2036 567 2067 608 a
2099 547 2335 626 lenoni-

323 640 356 687 6
392 634 506 696 bus
537 635 767 694 cunctis
795 633 1052 694 redemit
1083 651 1263 712 saepe
1297 641 1357 693 et
1384 634 1744 694 manumisit.
1800 652 1936 694 cum
1969 635 2127 694 inter
2157 632 2331 694 fabu-

390 719 482 782 las
511 721 774 799 priuatas
805 737 1004 779 sermo
1026 725 1198 778 ’esset
1227 724 1430 787 ortuS,
1474 717 1681 796 quanti
1723 717 1992 778 herniosi
2024 736 2158 778 esse
2190 737 2329 796 pos·
2386 733 2413 771 5

391 813 531 866 sent
561 806 619 866 in
653 803 804 864 urbe
835 803 1042 872 Roma,
1076 805 1251 864 iussit
1284 821 1493 863 omnes
1518 805 1713 863 notari
1744 821 1966 880 eosque
1991 803 2061 864 ad
2089 801 2335 864 balneas

380 909 534 952 -suas
567 887 850 950 exhibere
895 895 954 948 et
997 907 1132 948 cum
1175 888 1366 948 isdem
1408 887 1581 972 lauit,
1638 887 1941 948 nonnullis
1994 890 2170 948 etiam
2222 885 2331 948 ho-

326 983 356 1030 7
394 975 600 1035 nestiS.
661 973 1022 1052 gladiatores
1053 979 1190 1033 ante
1223 974 1567 1052 conuiuium
1599 980 1935 1051 pugnantes
1978 973 2093 1033 sibi
2138 978 2195 1032 et
2224 990 2333 1052 py-

321 1065 357 1114 8
393 1067 520 1120 ctas
550 1059 900 1138 frequenter
929 1059 1218 1118 exhibuit.
1264 1059 1475 1118 strauit
1504 1056 1616 1116 sibi
1647 1057 1971 1118 triclinium
2002 1059 2067 1117 in
2095 1055 2331 1118 summo

386 1141 621 1204 lusorio
654 1150 731 1213 et,
765 1143 908 1203 dum
938 1143 1292 1222 pranderet,
1338 1144 1547 1202 noxios
1580 1149 1638 1201 et
1678 1145 2030 1203 uenationes
2071 1142 2185 1203 sibi
2230 1159 2329 1201 ex·
2363 1157 2413 1194 ω

325 1237 360 1285 9
395 1225 607 1290 hibuit.
670 1229 946 1307 parasitis
975 1229 1036 1287 in
1070 1227 1329 1288 secunda
1359 1245 1565 1287 mensa
1596 1246 1775 1306 saepe
1821 1246 2057 1289 ceream
2100 1245 2327 1296 cenam,

393 1332 576 1392 saepe
607 1313 1100 1391 ligneam,-saepe
1133 1312 1489 1380 eburneam,
1524 1311 1842 1388 aliquando
1872 1312 2145 1381 fictilem,
2178 1331 2330 1372 non·

393 1417 722 1477 numquam
758 1397 858 1458 uel
899 1415 1299 1458 marmoream
1342 1395 1442 1457 uel
1473 1395 1765 1475 lapideam
1812 1397 2107 1466 exhibuit,
2153 1398 2235 1458 ita
2266 1405 2334 1456 ut

393 1485 592 1543 omnia
624 1481 742 1542 illis
775 1481 1203 1542 exhiberentur
1239 1481 1494 1541 uidenda
1524 1481 1598 1540 de
1630 1482 1867 1543 diuersa
1900 1483 2147 1542 materia
2178 1500 2333 1560 quae

389 1566 521 1646 ipse
555 1565 820 1634 cenabat,
857 1584 989 1625 cum
1023 1572 1252 1627 tantum
1282 1565 1561 1625 biberent
1590 1585 1701 1644 per
1731 1566 1961 1644 singula
2001 1566 2230 1628 fercula
2274 1573 2331 1627 et
2360 1578 2411 1618 15

391 1669 623 1719 manus,
659 1654 825 1726 quasi
857 1649 1278 1718 comedissent,
1314 1648 1599 1709 lauarent.

287 1725 376 1789 26
522 1735 762 1795 Primus
791 1734 1194 1794 Romanorum
1227 1732 1559 1793 holoserica
1592 1740 1763 1793 ueste
1788 1752 1931 1794 usus
1956 1735 2165 1802 fertur,
2195 1754 2331 1796 cum

391 1821 511 1880 iam
539 1819 882 1879 subsericae
912 1820 973 1878 in
1009 1837 1120 1878 usu
1142 1826 1373 1878 essent.
1430 1817 1751 1878 linteamen
1784 1816 1971 1878 lotum
2001 1835 2331 1896 numquam

323 1905 355 1952 2
391 1906 605 1982 attigit,
637 1903 944 1967 mendicos
975 1901 1182 1964 dicens
1215 1904 1315 1978 qui
1346 1900 1543 1962 linteis
1573 1901 1710 1962 lotis
1734 1909 2062 1964 uterentur.
2108 1903 2331 1965 dalma-

389 1991 608 2071 ticatus
637 1991 700 2048 in
730 1987 973 2068 publico
1003 1995 1141 2066 post
1169 2005 1378 2047 cenam
1423 2005 1601 2065 saepe
1644 1989 1806 2049 uisus
1850 1995 1969 2058 est,
2016 1987 2327 2066 Gurgitem
2356 2003 2409 2042 20

391 2073 644 2136 Fabium
691 2081 748 2134 et
791 2073 1142 2153 Scipionem·
1177 2090 1242 2132 se
1286 2071 1622 2150 appellans,
1668 2073 1827 2151 quod
1872 2091 2007 2133 cum
2052 2091 2120 2132 ea
2161 2082 2329 2134 ueste

395 2167 556 2220 esset
585 2178 720 2219 eum
751 2177 866 2238 qua
886 2157 1114 2218 ‘Fabius
1145 2164 1205 2217 et
1235 2155 1547 2218 Cornelius
1592 2175 1623 2216 a
1652 2157 2002 2237 parentibus
2034 2157 2104 2218 ad
2138 2161 2324 2218 corri-

391 2245 621 2322 gendos
651 2257 867 2303 mores‘
895 2242 1313 2303 adulescentes
1356 2243 1417 2301 in
1449 2241 1754 2320 publicum
1802 2252 2002 2303 essent.
2030 2243 2321 2320 producti.

321 2335 356 2383 3
393 2344 602 2388 omnes
633 2329 707 2386 de
739 2330 898 2387 circo
942 2326 1018 2386 de
1047 2325 1285 2386 theatro
1326 2325 1400 2386 de
1436 2326 1629 2386 stadio
1676 2335 1734 2386 et
1766 2327 2038 2388 omnibus
2079 2326 2227 2388 locis
2270 2337 2328 2387 et

391 2411 625 2471 balneis
653 2412 1008 2472 meretrices
1040 2410 1277 2488 collegit
1306 2412 1367 2469 in
1399 2410 1577 2471 aedes
1606 2409 1877 2488 publicas
1920 2418 1979 2471 et
2019 2411 2177 2490 apud
2226 2431 2325 2473 eas
2352 2426 2406 2466 25

391 2497 732 2556 contionem
765 2494 971 2555 habuit
1003 2497 1172 2570 quasi
1203 2494 1551 2564 militarem,
1598 2495 1805 2556 dicens
1851 2515 1950 2556 eas
1993 2495 2321 2561 conmilito-

391 2598 503 2641 nes
545 2580 990 2658 disputauitque
1033 2579 1106 2638 de
1150 2578 1475 2656 generibus
1522 2578 1889 2641 schematum
1942 2588 2002 2641 et
2053 2581 2324 2660 uolupta-

318 2671 356 2720 4
393 2671 540 2728 tum.
607 2664 876 2725 adhibuit
917 2666 980 2727 in
1027 2663 1127 2723 tali
1169 2667 1459 2724 contione·
1488 2670 1694 2743 postea
1735 2665 1981 2726 lenones
2027 2666 2326 2726 exsoletos

390 2749 972 2827 undiquefconectos
1005 2756 1064 2809 et
1094 2747 1605 2831 luxuriosissimos
1647 2750 1927 2828 puerulos
1960 2756 2019 2812 et
2047 2752 2317 2811 iuuenes

321 2841 356 2892 5
395 2843 454 2896 et
498 2853 634 2896 cum
688 2835 760 2896 ad
803 2836 1156 2895 meretrices
1201 2834 1479 2895 muliebri
1522 2843 1738 2895 ornatu
1781 2837 2178 2914 processisset
2221 2854 2323 2914 pa·
2352 2849 2403 2888 30

385 2919 531 3000 pilla
557 2923 768 2991 eiecta,
802 2921 889 2980 ad
918 2919 1212 2980 exsoletos
1243 2919 1447 2980 habitu
1476 2937 1802 2998 puerorum
1827 2922 1925 2999 qui
1956 2922 2325 2999 prostituun-

481 3124 513 3172 2
536 3123 780 3174 inimicis
802 3124 906 3173 BP
925 3123 984 3174 in
1007 3123 1152 3172 mim.
1179 3121 1415 3188 Scaliger
1516 3125 1549 3172 3
1574 3121 1865 3172 simulatos
1886 3121 1991 3171 BP
2098 3123 2134 3170 4
2160 3137 2324 3172 cune-

378 3193 473 3240 tas
495 3189 538 3240 S
674 3193 706 3242 5
731 3197 939 3256 quanto
963 3190 1042 3240 B¹
1189 3190 1436 3240 hirneosi
1465 3189 1563 3239 BP
1594 3206 1711 3240 exe.
1860 3191 1891 3238 6
1917 3187 2122 3254 notari]
2150 3191 2204 3239 in
2227 3191 2278 3239 P
2300 3194 2325 3238 t

374 3261 431 3307 in
454 3274 562 3308 ras.
704 3262 733 3310 7
757 3260 972 3310 hisdem
996 3257 1101 3308 BP
1144 3293 1148 3297 Α
1233 3259 1267 3307 8
1293 3259 1475 3322 pictas
1498 3257 1668 3308 BPM
1764 3259 1796 3308 9
1825 3257 2077 3307 exhibuit
2102 3273 2194 3308 om.
2222 3255 2329 3306 BP

373 3341 446 3376 an
463 3341 567 3390 pro
593 3326 700 3376 sibi
724 3335 802 3378 est
822 3327 1139 3378 scribendum
1159 3325 1343 3376 'uidit-,P
1369 3325 1705 3376 Mommsenus
1726 3341 1826 3390 pro
1848 3325 1955 3375 sibi
1978 3327 2223 3388 proponit
2242 3325 2324 3374 ibi

482 3395 546 3444 10
571 3394 754 3458 pictas
782 3395 883 3444 BP
1017 3397 1080 3444 12
1105 3408 1514 3456 nonnumquam
1540 3395 1711 3442 etiam
1733 3393 1803 3442 M
1944 3393 2007 3442 18
2034 3392 2323 3442 subserica

375 3461 446 3511 M
578 3463 641 3511 19
667 3461 832 3513 lineis
855 3462 907 3512 B
1043 3465 1110 3512 23
1135 3461 1517 3512 aduliscentes
1539 3460 1645 3509 BP
1778 3461 1845 3519 26
1873 3459 2020 3526 quisi
2042 3459 2147 3508 BP
2255 3462 2323 3510 28

373 3527 567 3580 leones
589 3528 751 3579 B¹P¹
891 3531 954 3580 31
981 3529 1055 3578 ad
1077 3531 1200 3579 add.
1235 3529 1453 3578 Vrsinus
