2517 3884
335 175 419 241 36
1020 177 1151 234 IVLI
1192 175 1563 236 CAPITOLINI

235 353 240 360 '
339 352 500 418 tiam,
548 349 785 409 iuuenis
829 349 1115 408 uirtutem
1157 354 1334 422 atque
1379 344 1767 405 constantiam
1813 341 1952 403 laeti
1995 344 2267 423 experia-

272 448 305 496 8
343 454 493 496 mus,
505 441 542 465 “
615 433 756 501 Post
797 431 946 493 haec
996 429 1224 492 litteras
1262 429 1407 508 legit
1437 429 1911 498 Gordianorum,
1974 427 2043 488 ad
2092 446 2264 490 sena-

274 535 306 582 9
343 528 469 581 tum
531 527 590 580 et
647 518 716 580 ad
780 536 844 580 se
902 517 1132 577 missas.
1235 522 1382 576 tunc
1413 514 1767 576 adclamauit
1816 520 2089 584 senatus:
2150 513 2266 583 „Di

336 604 512 666 uobis
542 605 782 682 gratias.
858 601 1093 663 liberati
1133 599 1206 662 ab
1247 599 1519 660 hostibus
1562 617 1785 668 sumus,
1844 599 1895 659 si
1924 599 2163 679 penitus
2194 597 2263 658 li-

337 691 638 754 beremur.
736 688 1119 749 Maximinum
1181 677 1415 747 hostem
1460 702 1669 745 omnes
1716 684 2066 749 iudicamus
2141 685 2263 744 Ma·
2320 699 2346 740 5

237 791 302 842 10
336 777 622 836 ximinum
685 791 824 834 cum
881 772 1002 833 filio
1063 771 1154 832 dis
1213 771 1427 831 inferis
1469 770 1853 831 deuouemuS.
1932 768 2265 830 Gordianos

334 863 635 938 Augustos
677 857 1064 939 appellamus·
1139 855 1473 918 Gordianos
1513 857 1817 936 principes
1860 855 2260 932 agnoscimus

334 948 733 1025 imperatores
765 944 838 1004 de
893 949 1101 1004 senatu
1131 942 1190 1001 di
1221 948 1611 1016 conseruent,
1655 942 2049 1020 imperatores
2093 939 2262 1000 nohi-

335 1030 426 1091 les
455 1033 716 1092 uictores
746 1028 1088 1097 uideamus,
1122 1029 1519 1107 imperatores
1550 1031 1789 1086 nostros
1818 1025 2007 1086 Roma
2040 1024 2259 1086 uideat.

332 1115 538 1176 hostes
570 1113 842 1194 publicos
874 1115 979 1190 qui
1010 1113 1315 1181 occiderit,
1348 1113 1684 1190 praemium
1715 1118 2027 1171 meretur.‘
2290 1128 2342 1168 ιο

237 1207 316 1270 12
463 1202 618 1264 Dicit
647 1199 848 1261 Iunius
861 1197 1106 1267 CorduS‚
1139 1199 1383 1259 tacitum
1415 1203 1656 1258 senatus
1688 1194 2026 1256 consultum
2057 1195 2260 1257 fuisse.

336 1286 493 1364 quod
527 1284 701 1363 quale
734 1287 812 1346 sit
842 1290 945 1345 aut
976 1301 1162 1361 quare
1193 1285 1277 1343 sic
1310 1281 1699 1362 appellatum,
1734 1279 1907 1341 breui
1938 1297 2261 1360 exponam:
2300 1345 2313 1350 ,

267 1391 298 1438 2
338 1373 581 1432 omnino
626 1368 968 1449 exemplum
1014 1376 1253 1429 senatus
1298 1367 1552 1428 consulti
1604 1368 1766 1427 taciti
1807 1384 1929 1427 non
1972 1364 2131 1427 aliud
2176 1371 2281 1426 est'

335 1456 532 1526 hodie,
568 1471 746 1532 quam
770 1471 888 1531 quo
919 1460 1118 1515 uestra
1151 1453 1467 1528 clementia
1500 1453 1839 1512 conuocatis
1871 1451 1944 1512 ad
1974 1452 2265 1512 interiora

333 1539 656 1602 maioribus
689 1557 756 1600 ea
788 1539 1048 1619 disponit
1072 1555 1222 1615 quae
1253 1556 1376 1597 non
1406 1545 1544 1598 sunt
1575 1537 1850 1597 omnibus
1879 1535 2259 1616 publicanda.
2290 1551 2345 1592 15

336 1626 410 1685 de
441 1624 658 1704 quibus
689 1623 966 1685 adiurare
999 1624 1176 1684 etiam
1207 1622 1431 1692 soletis,
1476 1639 1553 1682 ne
1598 1623 1731 1699 quis
1774 1629 1910 1683 ante
1941 1639 2071 1683 rem
2104 1640 2265 1702 com·

265 1733 298 1782 3
333 1709 554 1789 pletam
617 1710 934 1789 quicquam
993 1707 1090 1770 uel
1144 1707 1343 1768 audiat
1385 1705 1488 1767 uel
1524 1706 1860 1785 intellegat.
1938 1706 2101 1768 hunc
2160 1725 2264 1766 au-

337 1804 455 1856 tem
487 1812 719 1855 morem
749 1793 907 1873 apud
947 1799 1188 1854 ueteres
1231 1793 1621 1853 necessitates
1656 1791 1929 1872 publicae
1973 1810 2290 1872 reppere-

333 1887 502 1950 runt,
551 1886 647 1949 ut,
699 1880 750 1941 si
797 1879 954 1939 forte
986 1877 1178 1958 aliqua
1213 1879 1305 1938 uis
1336 1872 1409 1938 ab
1440 1875 1709 1938 hostibus
1739 1878 2079 1946 inmineret,
2115 1894 2266 1955 quae

333 1971 577 2044 cogeret
605 1963 705 2024 uel
727 1963 971 2024 humilia
1003 1970 1240 2043 captare
1266 1962 1511 2023 consilia
1534 1960 1633 2024 uel
1656 1961 1849 2042 aliqua
1874 1964 2259 2032 constituere,
2290 1979 2345 2018 20

333 2067 487 2128 quae
519 2068 642 2110 non
671 2051 841 2128 prius
872 2056 1182 2128 oporteret
1214 2048 1330 2109 dici
1362 2065 1539 2126 quam
1572 2047 1755 2117 effici,
1802 2047 1899 2108 uel
1940 2050 1992 2108 si
2036 2047 2268 2108 nollent

331 2136 403 2196 ad
438 2137 662 2196 amicos
695 2133 890 2213 aliqua
921 2152 1307 2214 permanare,
1351 2139 1589 2194 senatus
1632 2132 1969 2200 consultum
2016 2134 2265 2196 tacitum

274 2223 278 2228 ’
331 2221 520 2289 fieret,
565 2222 648 2280 ita
677 2227 744 2280 ut
773 2237 894 2280 non
937 2219 1168 2280 scribae
1199 2237 1321 2280 non
1354 2220 1516 2279 serui
1548 2217 1772 2296 publici
1802 2236 1921 2279 non
1953 2217 2267 2286 censuales

330 2305 448 2373 illis
480 2303 711 2366 actibus
750 2305 1140 2372 interessent,
1185 2312 1495 2365 senatores
1538 2304 1917 2382 exciperent,
1954 2309 2266 2364 senatores

333 2391 602 2450 omnium
635 2389 828 2449 officia
858 2387 1226 2450 censualium
1257 2387 1715 2466 scribarumque
1747 2386 2128 2467 conplerent,
2182 2407 2260 2448 ne
2290 2402 2345 2442 25

263 2499 298 2547 4
333 2473 473 2554 quid
515 2475 671 2535 forte
712 2473 1088 2552 proderetur.
1140 2475 1361 2536 factum
1420 2479 1511 2535 est
1554 2491 1699 2551 ergo
1742 2479 1985 2534 senatus
2016 2472 2263 2534 consul-

331 2568 457 2620 tum
490 2561 753 2628 tacitum,
787 2578 863 2619 ne
893 2577 994 2620 res
1024 2559 1098 2620 ad
1127 2559 1513 2620 Maximinum
1542 2560 1909 2638 perueniret.
1948 2589 1953 2595 ·

234 2656 312 2722 13
461 2643 580 2718 Sed
611 2645 810 2705 statim
841 2643 961 2713 illa,
993 2652 1059 2704 ut
1089 2663 1153 2704 se
1183 2643 1405 2704 habent
1429 2643 1737 2705 hominum
1763 2651 2017 2712 mentes,
2052 2661 2265 2704 eorum

232 2745 244 2752 ·
331 2729 636 2792 dumtaxat
697 2729 798 2807 qui
858 2728 1236 2800 erubescunt,
1297 2747 1406 2809 per
1444 2747 1509 2789 se
1560 2747 1629 2789 ea
1672 2747 1792 2790 non
1837 2729 2265 2809 agnosciquae

330 2817 539 2885 sciunt,
575 2823 633 2876 et
664 2815 767 2892 qui
789 2813 1044 2874 humiles
1070 2832 1133 2875 se
1156 2821 1387 2893 putant,
1422 2815 1480 2874 si·
1496 2817 1811 2876 commissa
1844 2831 1962 2874 non
1985 2812 2261 2893 prodant,

331 2903 528 2961 omnia
588 2902 863 2979 conperit
903 2899 1291 2970 Maximinus,
1352 2901 1431 2960 ita
1492 2908 1556 2961 ut
1618 2899 1957 2979 exemplum
2018 2907 2266 2960 senatus

2296 2827 2349 2867 8

465 3036 492 3084 1
521 3035 869 3098 experiamur
889 3035 952 3084 M
1086 3037 1119 3084 3
1143 3033 1405 3084 clamauit
1430 3033 1593 3085 BPM
1616 3032 1956 3084 adclamauit
1978 3034 2170 3100 scripse·
2184 3081 2191 3086 .

327 3103 362 3151 4
387 3102 468 3152 sic
491 3102 783 3154 Mommsen.
933 3104 964 3152 6
989 3101 1321 3152 deuocemus
1344 3103 1449 3153 BP
1590 3104 1654 3152 10
1678 3103 1980 3154 merebitur
2003 3102 2068 3152 M
2203 3104 2267 3153 11

328 3169 442 3220 istu
466 3168 517 3218 B
542 3169 706 3219 istutt
729 3168 810 3219 ΡΒ
833 3173 886 3220 in
907 3186 1016 3220 ras.
1051 3170 1210 3220 istud
1228 3171 1299 3220 M
1321 3170 1571 3221 'tacitum
1590 3173 1783 3236 scripsi
1825 3168 1905 3220 Ρ3
1927 3173 2110 3221 inserit
2126 3171 2271 3221 taci-

331 3240 449 3285 tum
472 3243 591 3302 post
616 3241 844 3288 senatus
871 3237 1182 3288 consultum
1320 3241 1383 3288 12
1410 3238 1601 3302 quales
1625 3238 1707 3288 ita
1732 3238 1855 3289 utB
1880 3239 1955 3288 sit
1980 3237 2055 3288 P3
2080 3241 2133 3289 in
2156 3254 2269 3290 raa.

467 3306 532 3354 13
558 3305 812 3355 consultu
837 3305 888 3354 B
1027 3307 1091 3356 14
1116 3306 1263 3370 quod
1286 3306 1454 3356 BPM
1472 3322 1562 3360 em.
1592 3305 1633 3356 S
1769 3308 1833 3358 19
1858 3321 2019 3371 quem
2041 3306 2146 3357 BP

329 3373 394 3420 20
418 3371 512 3421 uel
537 3378 760 3436 cogeret
784 3375 850 3424 M
981 3375 1047 3422 22
1073 3389 1393 3438 permanere
1419 3372 1471 3423 B
1595 3375 1660 3424 26
1686 3376 1807 3440 quit
1830 3374 1881 3423 B
2004 3377 2069 3424 27
2098 3376 2273 3425 eitum

328 3437 456 3556 ξΡῙ
484 3439 641 3502 (corr.
667 3439 793 3556 Pyt
904 3442 970 3491 28
993 3440 1089 3490 ille
1115 3441 1283 3491 BPM
1300 3458 1389 3494 em.
1416 3442 1667 3508 Eyssenlz.
1805 3442 2079 3493 haberent
2102 3441 2176 3493 B¹

366 3510 393 3555 1
419 3507 684 3558 maximus
