2517 3884
334 169 464 236 230
1037 173 1212 232 AELII
1255 173 1588 232 LAMPRIDII

269 357 303 404 3
337 344 400 404 in
428 341 662 424 litteras
689 341 880 411 misit,
927 341 1385 420 grammaticum
1413 340 1478 404 iu
1510 339 1702 420 patria
1745 338 2043 402 Graecum
2072 339 2278 402 Neho-

335 447 496 498 nem,
528 427 835 490 rhetorem
867 426 1276 506 Serapionem,
1307 424 1731 505 philosophum
1764 423 2105 495 Stilionem,
2151 425 2276 488 Ro-

337 532 472 576 mae
513 514 931 592 grammaticos
973 511 1331 573 Scaurinum
1373 510 1649 572 Scaurini
1692 510 1908 581 filium,
1960 510 2280 573 doctorem

339 597 832 668 celeberrimum,
884 596 1160 658 rhetores
1212 595 1431 658 Iulium
1479 596 1859 658 Frontinum·
1883 603 1945 656 et
1983 595 2283 660 Baebium

337 683 704 746 Macrianum
749 690 808 744 et
848 680 1063 744 Iulium
1094 681 1489 752 Granianum,
1534 682 1705 742 cuius
1746 680 2044 760 hodieque
2076 680 2277 744 decla·
2333 697 2358 740 5

269 783 304 832 4
338 776 533 831 matae
575 770 870 830 feruntur.
943 767 1050 828 sed
1088 765 1152 828 in
1181 766 1409 827 Latinis
1452 783 1575 828 non
1606 765 1859 827 multum
1891 767 2178 846 profecit,
2211 773 2285 828 ut

339 873 414 916 ex
457 852 726 914 eiusdem
768 851 1137 913 orationibus
1177 857 1460 932 apparet,
1508 868 1653 928 quas
1700 853 1763 912 in
1814 857 2027 912 senatu
2067 850 2280 914 habuit
2346 923 2349 925 Α

337 937 440 1000 uel
467 940 532 999 in
563 935 937 999 contionibus
969 934 1180 1018 [quas]
1213 936 1371 1016 apud
1404 935 1625 996 milites
1655 934 1755 998 uel
1779 936 1938 1015 apud
1959 935 2274 1016 populum,
2328 932 2334 938 ’

337 1041 452 1084 nec
479 1023 655 1084 ualde
695 1023 918 1086 amauit
947 1020 1215 1083 Latinam
1256 1021 1595 1082 facundiam
1634 1021 1739 1088 sed
1783 1023 2006 1084 amauit
2044 1021 2276 1082 littera-

339 1115 434 1170 tos
461 1107 736 1170 homines
769 1106 1176 1177 uehementer,
1211 1124 1315 1167 eos
1346 1106 1523 1167 etiam
1551 1105 1984 1176 reformidans,
2020 1123 2097 1167 ne
2129 1106 2276 1187 quid
2304 1124 2353 1163 ιο
2416 1159 2425 1164 ,
2506 1153 2509 1160 .

272 1207 304 1255 5
339 1193 413 1256 de
443 1211 510 1254 se
539 1211 818 1275 asperum
849 1192 1202 1254 scriberent.
1238 1191 1499 1268 denique
1531 1207 1679 1268 quos
1709 1190 1920 1269 dignos
1951 1190 2025 1252 ad
2055 1191 2116 1252 id
2143 1209 2279 1252 esse

338 1277 612 1351 uidebat,
645 1275 878 1357 singula
916 1294 1220 1356 quaeque,
1267 1294 1421 1356 quae
1448 1275 1691 1356 publice
1724 1283 1785 1336 et
1822 1276 2108 1355 priuatim
2137 1293 2279 1354 age·

339 1362 475 1434 bat,
508 1382 574 1425 se
601 1366 736 1443 ipso
767 1362 1022 1424 docente
1053 1362 1296 1423 uolebat
1324 1359 1665 1429 addiscere,
1717 1363 1771 1422 si
1810 1362 1967 1422 forte
2007 1362 2124 1440 ipsi
2156 1377 2281 1421 non

341 1449 699 1517 adfuissent,
737 1465 959 1528 eosque
991 1447 1262 1527 petebat,
1293 1454 1388 1517 ut,
1424 1448 1475 1508 si
1505 1464 1653 1508 uera
1684 1452 1917 1518 essent,
1948 1447 2014 1506 in
2042 1443 2280 1508 litteras

337 1535 664 1594 mitterent.
1798 1557 1803 1562 -
2310 1548 2358 1590 15

263 1619 308 1682 4
462 1618 784 1680 Dominum
827 1633 894 1678 se
935 1613 1222 1696 appellari
1257 1616 1469 1675 uetuit.
1542 1614 1827 1693 epistulas
1870 1614 1943 1676 ad
1990 1633 2057 1677 se
2106 1614 2287 1696 quasi

339 1702 414 1764 ad
447 1703 749 1782 priuatum
779 1699 964 1762 scribi
991 1701 1164 1761 iussit
1194 1706 1438 1760 seruato
1472 1706 1699 1760 tantum
1730 1701 1973 1760 nomine
2015 1701 2283 1778 impera-

271 1802 304 1851 2
341 1789 508 1849 toris.
569 1803 837 1865 gemmas
879 1785 955 1846 de
985 1781 1390 1846 calciamentis
1433 1789 1493 1844 et
1536 1784 1807 1845 uestibus
1847 1782 2013 1853 tulit,
2058 1784 2286 1861 quibus

339 1891 486 1934 usus
515 1871 712 1933 fuerat
740 1868 1183 1950 Heliogabalus.
1225 1875 1415 1940 ueste,
1448 1874 1515 1930 ut
1546 1875 1607 1929 et
1633 1869 1935 1949 pingitur,
1969 1868 2104 1930 alba
2132 1888 2285 1933 usus

273 1974 306 2022 3
342 1965 434 2019 est
463 1975 578 2018 nec
605 1964 828 2026 aurata,
860 1954 1134 2034 paenulis
1164 1956 1437 2034 togisque
1467 1953 1903 2016 communibus
1960 1971 2099 2014 cum
2131 1957 2281 2015 ami·
2304 1973 2359 2015 κο

341 2044 426 2104 cis
456 2049 577 2104 tam
605 2042 976 2104 familiariter
1005 2040 1156 2102 uixit
1183 2047 1251 2102 ut
1282 2040 1618 2102 communis
1650 2047 1807 2100 esset
1838 2040 1894 2099 ei
1923 2055 2105 2117 saepe
2135 2057 2284 2101 con-

341 2146 571 2199 sessuS,
621 2127 741 2188 iret
791 2125 868 2188 ad
909 2127 1190 2194 conuiuia
1231 2140 1475 2196 eorum,
1523 2124 1753 2201 aliquos
1795 2131 1998 2186 autem
2026 2123 2284 2186 haberet

341 2213 668 2274 cotidianos
703 2213 899 2274 'etiam
953 2229 1078 2272 non
1136 2216 1415 2280 uocatos,
1471 2209 1834 2272 salutaretur
1898 2226 2047 2271 uero
2106 2210 2283 2288 quasi

339 2316 497 2359 unus
529 2315 560 2357 e
592 2297 972 2358 senatoribus
1001 2301 1243 2376 patente
1282 2295 1419 2356 uelo
1462 2292 1985 2356 admissionalibus
2026 2297 2282 2358 remotis

343 2391 444 2444 aut
472 2381 616 2444 solis
644 2383 698 2442 is
730 2383 834 2459 qui
862 2381 1120 2442 ministri
1171 2380 1245 2441 ad
1297 2381 1461 2441 fores
1512 2380 1781 2464 fuerant,
1837 2376 1963 2414 *⁴¹*
2014 2378 2276 2441 salutare
2304 2398 2359 2439 25

443 2552 473 2600 1
509 2549 794 2602 Nehonem
825 2548 894 2598 M
1023 2549 1056 2598 2
1088 2546 1495 2615 serapinionem
1524 2546 1577 2596 Β
1625 2545 1856 2610 (lineola
1886 2564 2001 2614 sup.
2038 2563 2068 2598 e
2098 2553 2287 2612 postea

341 2617 503 2682 eras.)
664 2616 989 2681 filosophum
1011 2616 1114 2666 BP
1272 2619 1303 2668 3
1329 2616 1605 2666 scarinum
1625 2615 1731 2664 BP
1750 2632 1866 2668 exc.
2004 2617 2040 2666 4
2061 2615 2288 2666 bebium

343 2687 445 2738 BP
466 2701 581 2738 exc.
608 2685 672 2736 M
805 2687 838 2736 5
861 2683 1144 2736 Macrinus
1169 2685 1232 2734 M
1369 2684 1649 2734 orationes
1676 2682 2021 2734 declamatae
2044 2683 2195 2734 P⁸M

342 2757 374 2804 6
399 2753 616 2822 proficit
639 2753 692 2804 B
715 2751 860 2805 exc-¹
995 2755 1025 2804 '1
1053 2767 1160 2817 qua
1183 2757 1386 2803 senatu
1408 2747 1533 2801 BP'1
1562 2767 1679 2804 exc.
1705 2767 1847 2816 quae
1874 2756 1931 2802 et
1954 2750 2032 2800 ΡΒ
2171 2753 2203 2803 8
2227 2753 2287 2804 in

229 2877 242 2888 ,
345 2840 438 2874 om.
464 2822 568 2873 BP
588 2838 706 2874 exc.
847 2835 984 2886 quas
1011 2823 1178 2872 delent·
1315 2822 1378 2870 10
1405 2819 1576 2869 etiam
1602 2822 1753 2870 ortos
1776 2819 1999 2872 reform.
2024 2816 2110 2868 Bi
2223 2821 2284 2868 11
2372 2875 2375 2880 ,

346 2906 442 2941 eos
469 2891 635 2956 digno
661 2890 902 2941 addesco
927 2889 1042 2940 uid.
1067 2889 1172 2938 BP
1191 2886 1329 2939 exc!
1380 2887 1548 2954 digna
1573 2886 1864 2938 addiscere
1891 2884 2035 2938 exc.2
2084 2901 2179 2938 eos
2206 2886 2289 2936 di-

346 2973 486 3024 gnos
511 2959 710 3010 adesse
744 2957 978 3009 iubebat
1011 2957 1079 3007 M
1105 2973 1195 3007 em.
1225 2955 1348 3009 Obr.
1503 2957 1566 3005 12
1602 2955 1862 3021 publicae
1898 2955 2165 3021 priuatim
2187 2955 2291 3003 BP

345 3025 485 3078 eoec.¹
513 3026 883 3091 priuatimque
910 3026 977 3075 M
995 3023 1138 3078 exc.²
1170 3023 1391 3092 publice
1420 3028 1476 3074 et
1501 3024 1641 3088 priu.
1667 3025 1858 3088 scripsi
2018 3023 2083 3073 14
2110 3037 2287 3087 eoque

346 3093 450 3144 BP
469 3093 608 3144 cccc.1
632 3096 700 3145 M
729 3109 906 3160 eaque
931 3093 998 3144 M
1015 3110 1105 3143 em.
1134 3093 1175 3143 S
1288 3151 1291 3154 ⁴
1313 3093 1377 3140 16
1402 3092 1564 3156 quasi
1587 3091 1849 3156 priuatim
1872 3088 1952 3140 Β1
2114 3093 2178 3140 21
2206 3091 2289 3140 eis

346 3161 599 3226 Eyssenh.
761 3165 826 3212 22
851 3163 962 3212 iret
988 3166 1046 3212 et
1069 3161 1137 3211 M
1270 3160 1493 3210 cenniui
1515 3157 1567 3208 B
1591 3176 1705 3212 eoec.
1732 3159 1957 3209 conuiui
1980 3156 2058 3208 Ρι
2222 3160 2287 3208 23

349 3229 601 3280 cotianos
623 3227 751 3279 ΒΡ1
777 3246 893 3280 exc.
922 3229 1266 3280 cottidianos
1288 3226 1430 3279 P³V
1428 3227 1535 3291 (M)
1560 3227 1679 3278 mihi
1712 3227 1979 3278 conuiuas
2013 3234 2104 3277 aut
2126 3229 2289 3276 inter-

345 3299 531 3348 cidi-sse
554 3298 758 3347 uidetur
781 3304 870 3347 aut
889 3313 989 3362 pro
1015 3297 1269 3348 cotianos
1291 3297 1651 3360 reponendum.
1742 3299 1979 3345 uocatus
2003 3296 2054 3344 P
2074 3303 2111 3348 t.
2136 3293 2286 3344 Iord.

447 3364 517 3415 24
534 3364 613 3426 lle
637 3366 690 3415 P
711 3379 770 3414 es
795 3364 934 3418 εεεο.ι
961 3364 1029 3415 de
1055 3366 1116 3414 M
1230 3366 1299 3415 25
1320 3364 1408 3430 his
1430 3363 1596 3413 BPV
1610 3363 1703 3413 hia
1728 3363 1791 3414 M
1905 3367 2007 3414 aut
2031 3363 2182 3414 fores
2204 3359 2287 3410 Βι

446 3435 676 3483 lacunam
695 3433 993 3498 siqnificaui.
1050 3447 1174 3483 cum
1197 3436 1369 3482 antea
1401 3433 1522 3482 add.
1547 3431 1825 3496 Eynact‘us,
1850 3447 1962 3481 mea
1984 3439 2153 3482 tamen
2173 3445 2287 3481 sen-

348 3503 508 3551 tentia
529 3503 680 3566 plura
702 3501 900 3561 desunt,
922 3501 1196 3551 minimum.-
1222 3499 1655 3560 remanentibus,
1681 3513 1805 3548 cum
1829 3501 2016 3550 antea.
