2517 3884
535 171 887 229 conmonvs
930 170 1323 230 ΑΝΤοΝΙΝνε.
1410 173 1466 231 o.
1514 135 1720 232 6-a.⁸
1991 168 2082 234 95
2190 180 2194 184 ·

145 345 336 407 uerat,
374 345 539 398 esset
568 338 831 404 occisus,
878 355 1155 399 neceam
1184 347 1314 400 tum
1341 337 1629 401 inuidiam
1671 338 1898 420 populo
1939 359 2070 402 sae-

147 424 337 484 uiente
370 421 739 484 Commodus
770 424 932 484 ferre
962 423 1274 502 potuisset,
1306 422 1470 502 plebi
1499 423 1572 484 ad
1601 442 1859 503 poenam
1887 425 2071 488 dona·

147 517 236 569 tus
265 517 373 568 est.
440 525 582 568 cnm
614 509 793 570 etiam
819 504 1177 586 Apolaustus
1208 507 1424 588 aliique
1465 507 1664 570 liberti
1709 509 1886 571 aulici
1913 512 2072 590 pari-
2110 523 2151 572 2

149 601 235 654 ter
258 593 613 672 interempti
643 600 801 654 sunt.
863 592 1153 655 Cleander
1189 595 1350 654 inter
1387 601 1592 654 'cetera
1635 596 1812 655 etiam
1855 613 2074 658 coneu—
2109 609 2154 658 a

106 694 128 734 5
151 677 309 740 binas
354 679 487 740 eius
527 678 972 757 >constuprauit,
1026 675 1103 738 de
1147 678 1370 757 quihus
1419 677 1576 740 filies
1619 683 1912 760 suscepit,
1971 681 2106 759 qui·

148 772 275 843 post
318 765 453 824 eius
492 763 805 832 interitum
846 779 985 823 cum
1038 762 1330 824 matrilms
1377 764 1728 844 interempti
1777 774 1934 827 sunt.
2005 768 2074 826 in
2109 779 2156 826 42-

150 851 309 910 cuius
338 847 543 910 locum
570 847 839 909 Iulianus
880 855 939 909 et
966 845 1235 926 Regillus
1267 848 1575 930 subrogati
1613 857 1769 911 sunt.
1835 867 1986 928 quos
2014 859 2077 912 et

146 936 299 1013 ipsos
329 942 544 1013 postea
565 935 789 1012 poenis
816 933 1049 994 adfecit.
1125 933 1219 993 his
1265 935 1482 995 occisis·
1517 935 1822 996 interemit
1865 936 2069 998 Serui-
2110 949 2154 998 5

148 1018 284 1079 lium
318 1028 378 1079 et
408 1017 653 1080 Dulium
682 1017 917 1079 Silanos
947 1035 1085 1078 cum
1116 1019 1262 1088 suis,
1294 1035 1434 1080 mox
1466 1020 1709 1082 Antium
1739 1020 1974 1100 Lupum
2017 1028 2078 1081 et

86 1119 127 1158 ιο
148 1104 459 1166 Petronios
508 1103 932 1164 Mamertinum
984 1111 1045 1163 et
1104 1103 1320 1166 Suram
1371 1103 1681 1184 filiumque
1740 1105 2078 1166 Mamertini

149 1191 508 1250 Antoninum
540 1203 614 1249 ex
644 1206 855 1251 sorore
886 1205 995 1248 sua
1023 1189 1313 1266 genitum.
1371 1196 1429 1248 et
1457 1197 1596 1268 post
1627 1207 1732 1250 eos
1762 1207 1868 1250 sex
1901 1189 2075 1251 simul
2111 1204 2152 1253 6

152 1293 215 1334 ex
244 1271 595 1336 consulibus
625 1273 844 1336 Allium
873 1273 1165 1342 Fuscum,
1200 1272 1464 1334 Caelium
1507 1273 1800 1344 Felicem,
1847 1274 2073 1335 Lucce-

148 1361 263 1420 ium
294 1349 691 1436 Torquatum,
724 1358 1001 1419 Larcium
1031 1358 1474 1437 Eurupianum,
1508 1357 1809 1420 Valerium
1841 1360 2074 1420 Bassia·-

147 1463 301 1514 num,
337 1443 709 1506 Pactuleium
738 1443 1021 1521 Magnum
1052 1461 1188 1504 cum
1220 1445 1346 1504 suis
1387 1451 1564 1520 atque
1606 1445 1669 1504 in
1699 1445 1834 1505 Asia
1877 1443 2076 1524 Sulpi·
2113 1459 2150 1508 ’τ

82 1543 125 1582 15
146 1531 263 1590 ium
323 1529 608 1591 Crassum
650 1547 763 1608 pro
794 1527 1041 1590 consule
1072 1533 1133 1589 et
1160 1527 1377 1590 Iulium
1408 1528 1732 1590 Proculum
1773 1547 1911 1590 cum
1952 1531 2078 1591 suis
2184 1533 2187 1536 '

150 1614 576 1691 Claudiumque
617 1612 925 1674 Lucanum
970 1612 1350 1675 consularem
1405 1621 1463 1674 et
1503 1613 1926 1676 consobrinam
1969 1631 2077 1693 pa-

148 1702 250 1760 tris
289 1701 383 1760 sui
424 1699 767 1761 Faustinam
808 1699 1063 1760 Anniam
1102 1699 1167 1758 in
1209 1697 1428 1760 Achaia
1481 1708 1540 1759 et
1591 1699 1738 1767 alios
1787 1701 2071 1760 infinitos.

150 1784 551 1846 destinauerat
580 1790 643 1844 et
670 1781 817 1844 alios
850 1790 1131 1860 quattuor
1162 1782 1373 1844 decem
1403 1783 1699 1854 occidere,
1733 1803 1869 1846 cum
1911 1803 2073 1847 sum·
2111 1799 2156 1849 8

148 1878 281 1948 ptus
310 1871 447 1930 eius
479 1869 643 1930 uires
670 1867 925 1929 Romani
954 1869 1195 1947 imperii
1212 1869 1530 1929 sustinere
1558 1887 1686 1930 non·
1709 1875 1975 1948 possent.

81 1968 127 2007 20
269 1955 438 2016 Inter
467 1952 617 2015 haec
647 1953 1011 2015 Commodus
1042 1960 1253 2013 senatu
1285 1953 1536 2022 ridente,
1571 1971 1706 2014 cum
1737 1954 2076 2016 adulterum
2110 1954 2158 2018 8

147 2041 351 2101 matris
390 2037 703 2100 consulem
745 2038 1145 2116 designasset,
1189 2037 1522 2117 appellatus
1579 2045 1669 2098 est
1709 2038 1884 2106 Pius;
1941 2055 2078 2098 cum

148 2124 465 2186 occidisset
495 2125 863 2193 Perennem,
896 2121 1227 2203 appellatus
1258 2130 1351 2182 est
1377 2121 1548 2184 Felix
1588 2124 1747 2183 inter
1787 2122 2078 2202 plurimas
2115 2135 2144 2180 1

146 2210 359 2272 caedes
388 2209 717 2270 multorum
748 2210 987 2278 ciuium,
1023 2209 1194 2285 quasi
1212 2207 1451 2285 quidam
1475 2223 1672 2270 nouus
1695 2205 1872 2288 Sylla.
1916 2207 2074 2268 idem
2113 2227 2154 2274 2

147 2294 511 2356 Commodus
529 2341 546 2364 ,
576 2293 681 2357 ille
708 2292 880 2363 Pius,
922 2292 1023 2353 ille
1053 2292 1249 2363 Felix,
1295 2292 1540 2354 finxisse
1571 2294 1750 2354 etiam
1771 2291 2076 2374 *quandam

73 2395 120 2434 2⁵
146 2387 355 2441 contra
387 2398 453 2440 se
483 2379 959 2440 coniurationem
990 2377 1227 2448 dicitur,
1259 2384 1330 2438 ut
1357 2378 1579 2438 multos
1611 2377 1930 2439 occideret.
1967 2395 2078 2438 nee
2114 2397 2156 2446 3·

144 2464 255 2526 alia
285 2463 407 2526 ulla
440 2465 557 2526 fuit
584 2463 839 2526 defectio
869 2470 1110 2542 praeter
1138 2462 1487 2533 Alexandri,
1531 2465 1634 2540 qui
1675 2472 1880 2542 postea
1923 2479 1988 2523 se
2019 2471 2080 2522 et

144 2569 284 2611 suos
326 2549 659 2619 interemit,
706 2556 764 2609 et
794 2550 1023 2609 sororis
1053 2547 1336 2609 Lucillae.
1399 2547 1730 2627 appellatus
1774 2555 1864 2610 est
1903 2547 2074 2609 Com·
2112 2568 2156 2616 4-

142 2635 358 2696 modus
414 2636 596 2696 etiam
638 2633 1001 2694 Brittanicus
1044 2633 1117 2696 ab
1160 2632 1598 2704 adulatoribuS,
1646 2651 1783 2694 cum
1825 2633 2079 2694 Brittani

146 2723 323 2782 etiam
366 2720 795 2798 imperatorem
835 2726 1047 2780 contra
1104 2735 1243 2778 eum
1288 2717 1536 2797 diligere
1576 2717 1896 2781 noluerint.
1973 2735 2076 2794 ap·
2114 2738 2156 2786 5

80 2818 121 2857 ³0
144 2805 401 2882 pellatus
433 2811 526 2865 est
556 2804 734 2864 etiam
763 2803 1067 2865 Romanus
1086 2793 1417 2873 Hercules,
1449 2802 1608 2882 quod
1639 2804 1800 2864 feras
1826 2801 2077 2862 Lanuuii

142 2892 201 2950 in
246 2888 691 2970 amphitheatro
734 2888 1071 2950 occidisset.
1147 2896 1278 2949 erat
1317 2890 1475 2949 enim
1517 2886 1665 2950 haec
1703 2887 1790 2948 illi
1821 2903 2075 2948 consue-

242 3095 274 3144 2
302 3091 459 3158 plebi
480 3082 1017 3158 poenamadonatus
1038 3091 1091 3140 B
1226 3093 1259 3142 3
1290 3089 1600 3142 aiolaustus
1629 3089 1797 3140 BPM
1931 3089 1963 3140 8
1987 3104 2085 3154 pe-

146 3161 229 3210 nis
252 3159 379 3211 ΒΡι
527 3162 559 3210 9
585 3159 835 3210 Duilium
862 3160 903 3210 0
1038 3163 1102 3210 10
1127 3159 1331 3224 syriam
1354 3159 1406 3208 B
1441 3173 1622 3222 syram
1646 3158 1760 3208 PM
1894 3158 1956 3206 12
1993 3171 2081 3207 ce·

148 3227 279 3278 lium
300 3228 357 3278 B
496 3230 559 3278 13
586 3228 912 3292 erupianum
935 3225 1039 3277 BP
1173 3230 1237 3278 14
1260 3227 1642 3277 Pactumeium
1669 3227 1711 3277 0
1833 3227 1898 3276 19
1921 3225 2088 3275 uiriis

144 3295 263 3345 BP¹
288 3296 477 3346 imi-iis
499 3293 573 3346 P²
592 3295 811 3346 iniuriis
834 3295 902 3346 M
919 3312 1009 3346 em.
1045 3295 1166 3346 Vra.
1302 3295 1372 3345 >20
1398 3295 1816 3353 semettridente
1840 3291 1962 3342 BP¹
1997 3308 2086 3343 se·

146 3369 257 3414 met
282 3365 548 3422 tradente
558 3363 697 3413 P²M
718 3369 919 3414 semett
944 3365 1111 3414 delent
1132 3379 1203 3413 ex
1225 3377 1348 3412 uoce
1375 3367 1574 3412 senatu
1596 3363 1674 3414 his
1694 3365 1894 3426 scripta
1919 3368 2088 3412 ortum

145 3437 464 3484 existumans
486 3433 557 3495 ef.
582 3427 613 3498 S
638 3435 671 3482 9
806 3433 871 3482 27
896 3436 953 3481 et
976 3445 1067 3482 om.
1092 3431 1197 3480 BP
1303 3431 1368 3480 28
1391 3430 1763 3481 brittannicae
1785 3431 1837 3479 P
1943 3428 2088 3478 brit-

142 3501 310 3550 tanni
333 3501 386 3551 P
517 3501 583 3553 29
609 3500 855 3567 deligere
880 3500 947 3550 M
1076 3501 1145 3552 30
1166 3497 1450 3549 lanuuium
1473 3497 1639 3550 BPM
