2517 3884
933 146 1333 241 PRAEFAT103
1774 120 1779 122 ’
1996 148 2107 204 xm

323 283 425 342 Lv‘
448 285 691 342 eiusdem
721 283 930 358 probus
1280 335 1286 341 .
1505 348 1511 356 ,

301 372 417 427 LVI
449 371 692 429 eiusdem
723 368 913 425 firmus
942 360 1257 432 saturninus
1288 362 1561 442 proculus:
1583 375 1639 422 et
1668 367 1914 427 bonosus

281 455 421 512 LVII
454 454 697 531 eiusdem
727 471 886 511 carus
917 455 1174 510 eharinus
1207 461 1263 508 et
1292 452 1643 513 numerianus

283 541 494 598 Deinde
525 538 896 614 sequebantur
924 537 1074 595 uitae
1106 538 1258 612 ipsae
1302 538 1490 594 eodem
1522 536 1711 593 ordine
1745 553 1855 610 quo
1886 538 1943 592 in
1976 554 2105 593 con·

163 636 354 700 spectu
386 631 737 681 enumeratae
760 631 930 679 erant.
956 640 1118 696 quem
1143 622 1389 690 ordinem
1414 614 1771 693 Richterus7),
1799 623 1925 696 quia
1954 623 2109 695 prior

165 715 280 767 eius
324 727 462 784 pars
506 709 766 765 abhorret
796 727 827 764 a
859 701 1170 782 temporum
1217 708 1447 772 ratione,
1491 723 1621 763 casu
1663 707 1737 762 ita
1771 713 2107 763 ortumesse

167 797 395 857 censuit,
429 803 494 851 ut
525 793 739 866 singula
772 791 903 848 folia
933 793 1140 848 codicis
1173 792 1473 865 archetypi,
1500 793 1555 846 in
1581 808 1690 864 quo
1714 792 1861 846 uitae
1884 799 2106 848 seruato
2167 824 2171 828 ·

169 889 476 954 temporum
521 877 712 935 ordine
756 885 939 932 essent
980 876 1298 951 dispositae,
1342 876 1553 937 diuolsa
1597 884 1792 949 postea
1835 875 1974 933 falso
2017 895 2107 934 co-

169 973 540 1022 necterentur.
573 963 825 1036 equidem
872 968 1050 1019 tamen
1093 959 1287 1018 adduci
1330 977 1443 1016 non
1473 977 1717 1034 possum,
1762 970 1824 1016 ut
1862 962 2109 1018 recedam

171 1051 230 1106 ab
261 1067 326 1106 ea
359 1050 650 1109 sententia,
684 1063 842 1120 quam
873 1046 979 1101 iam
1011 1046 1067 1101 in
1097 1045 1330 1102 historia
1357 1046 1543 1102 critica
1557 1065 1611 1120 p.
1636 1049 1704 1098 14
1718 1063 1800 1119 sq.
1820 1048 2109 1121 proposui.

171 1151 286 1191 nam
319 1133 519 1189 Iuliani
550 1141 608 1188 et
634 1131 816 1188 Albini
850 1131 1068 1206 quidem
1103 1133 1252 1187 uitae
1286 1147 1395 1204 quo
1428 1147 1557 1186 casu
1588 1130 1711 1188 loca
1740 1147 1837 1186 sua
1869 1147 2111 1188 commu-

173 1220 430 1282 tauerint,
468 1218 698 1282 nescio,
761 1217 855 1272 sed
913 1216 1244 1272 relicuarum
1306 1215 1513 1271 ordinis
1576 1233 1697 1272 esse
1755 1217 1891 1272 haec
1949 1233 2112 1273 causa

173 1305 408 1366 uidetur,
454 1303 604 1376 quod
645 1302 692 1357 is
733 1301 826 1376 qui
857 1302 953 1357 has
988 1302 1128 1356 uitas
1158 1317 1271 1356 uno
1304 1317 1537 1373 corpore
1579 1300 1877 1362 coniunxit,
1922 1317 2110 1374 quam·

175 1405 329 1463 quam
371 1389 430 1443 in
471 1389 793 1443 uniuersum
836 1394 1144 1460 temporum
1175 1387 1443 1442 rationem
1475 1393 1699 1441 secutus
1731 1393 1831 1446 est,
1862 1401 1972 1442 non
2004 1385 2113 1444 dis-

179 1475 336 1529 traxit
378 1490 518 1546 quas
559 1471 665 1526 iam
697 1472 750 1526 in
780 1486 950 1526 unum
981 1470 1184 1543 corpus
1215 1469 1462 1526 redactas
1502 1471 1789 1526 inuenerat
1828 1471 1973 1526 uitas
2003 1473 2111 1527 An-

177 1559 489 1614 toninorum
533 1554 792 1615 Caracalli
831 1555 997 1611 Getae
1037 1553 1378 1629 Heliogabali
1418 1555 1727 1610 Diadumeni
1770 1573 1889 1611 cum
1930 1556 2109 1630 Opilio

177 1650 344 1716 patre.
388 1658 453 1698 ex
496 1641 584 1697 his
613 1657 748 1696 uero
780 1641 1137 1697 Diadumenus
1169 1648 1224 1696 et
1254 1639 1465 1714 Opilius
1496 1640 1745 1714 quamuis
1777 1648 1903 1696 ante
1932 1639 2113 1698 Helio·

179 1727 427 1800 gabalum
453 1741 685 1799 regnum
709 1725 1096 1793 obtinuissent,
1130 1725 1356 1782 extremi
1380 1734 1507 1780 sunt
1531 1723 1804 1788 collocati,
1839 1727 1981 1799 quod
1999 1727 2113 1782 Dia-

179 1814 441 1868 dumenus
471 1809 618 1868 filius
641 1828 706 1866 ex
729 1811 1020 1884 scriptoris
1039 1809 1399 1884 opinione(ef.
1417 1810 1577 1866 Macr.
1592 1814 1643 1868 5.
1662 1813 1743 1866 10.
1767 1810 1979 1884 Heliog.
1996 1815 2043 1866 3.
2057 1811 2111 1884 9)

179 1898 485 1953 Antoninus
504 1895 710 1953 nothus
735 1902 853 1951 erat
876 1895 1108 1968 ideoque
1132 1893 1353 1952 relicuis
1376 1895 1794 1969 postponendus
1821 1911 1941 1952 esse
1962 1896 2113 1952 uide-

179 1983 349 2043 batur,
381 1989 542 2056 pater
565 1997 700 2038 uero
724 1996 838 2035 non
869 1979 996 2052 quia
1019 1981 1319 2054 imperator
1346 1979 1452 2036 fuit
1483 1980 1577 2035 sed
1609 1980 1733 2054 quia
1763 1988 1922 2054 pater
1944 1983 2114 2037 Anto·

182 2067 288 2125 nini
331 2067 470 2127 fuit,
499 2066 607 2122 hoc
647 2071 883 2138 corpore
925 2071 1178 2138 receptus
1214 2071 1300 2120 est
1333 2063 1425 2134 (cf.
1457 2064 1602 2120 Diad.
1636 2063 1706 2135 7).
1765 2074 1985 2140 praeter
2015 2067 2113 2122 has

183 2169 308 2208 uero
337 2151 502 2213 uitaS,
537 2167 676 2223 quae
706 2149 852 2205 inter
881 2166 942 2223 se
973 2148 1204 2205 consilio
1230 2149 1464 2222 quodam
1488 2149 1728 2222 digestae
1752 2159 1899 2212 sunt,
1925 2167 2114 2206 omnes

183 2237 252 2290 ita
277 2237 494 2310 positae
525 2241 654 2290 sunt
681 2242 746 2289 ut
775 2243 1090 2308 temporum
1119 2231 1320 2290 rationi
1351 2218 1740 2308 respondeant.

301 2321 476 2377 Porro
509 2319 566 2374 in
605 2318 782 2375 medio
823 2318 966 2375 libro
1007 2317 1303 2393 conplures
1348 2321 1739 2392 quaterniones
1771 2322 1989 2376 omuino
2022 2321 2113 2376 de-

184 2407 428 2478 periisse,
471 2421 568 2460 eos
610 2406 702 2478 qui
747 2401 1138 2460 antecedebant
1178 2420 1309 2460 casu
1350 2404 1503 2460 falsis
1546 2403 1682 2462 locis
1710 2407 1927 2478 positos
1970 2405 2115 2461 ordi-

187 2505 417 2563 nemque
457 2489 835 2564 perturbatum
879 2505 1020 2550 esse,
1064 2496 1180 2544 tum
1223 2505 1362 2562 quae
1393 2491 1565 2563 prima
1597 2499 1749 2546 erant
1778 2489 1910 2546 solia
1940 2495 2113 2566 partis

187 2576 408 2630 alterius
453 2582 690 2641 seruata,
733 2572 920 2630 multis
962 2569 1171 2631 lacunis
1213 2572 1618 2630 mutila.fuisse
1649 2577 1753 2632 iam
1785 2593 1953 2650 supra
1980 2577 2113 2642 dixi?

184 2677 324 2720 mus,
373 2675 552 2732 neque
605 2677 746 2732 opus
799 2657 905 2713 erit
944 2657 1050 2714 hoc
1091 2659 1214 2715 loco
1249 2659 1428 2714 fusius
1470 2659 1537 2714 de
1583 2676 1644 2715 ea
1684 2654 2113 2736 transpositione

185 2759 367 2817 agere,
407 2759 525 2812 cum
567 2760 684 2799 eam
725 2760 841 2798 rem
885 2745 989 2798 iam
1031 2745 1087 2798 in
1129 2743 1256 2799 hist.
1290 2746 1408 2800 crit.
1442 2747 1582 2817 p.29
1598 2762 1717 2820 sqq.
1750 2749 2109 2821 exposuerim.

190 2832 372 2901 itaque
413 2845 534 2884 eum
576 2845 742 2884 uerus
786 2827 920 2884 ordo
964 2844 1028 2884 ex
1070 2829 1206 2884 hoce
1249 2828 1497 2904 exemplo
1542 2839 1925 2903 cognoscatur,
1978 2833 2113 2889 satis

194 2911 360 2969 haheo
389 2912 963 2975 breuitersindicasse,
995 2929 1104 2987 quo
1137 2914 1329 2970 ordine
1360 2914 1561 2988 singuli
1597 2918 1987 2989 quaterniones
2020 2935 2111 2976 co-

194 2998 322 3054 dicis
351 2997 645 3072 archetypi
666 3000 810 3054 inter
850 3013 972 3056 sese
1015 2999 1385 3062 cohaererent,
1430 3017 1552 3056 cum
1584 2999 1736 3057 codd.
1768 3001 1825 3056 B
1854 3009 1910 3058 et
1944 3002 1998 3058 P
2023 3002 2113 3062 de·
2210 3071 2213 3074 ⁴

195 3083 561 3140 scriberentur
574 3103 586 3138 :

195 3285 588 3294 ——-—-—-—-———-——·—-

322 3437 378 3504 7)
407 3438 617 3500 ,Ueber
640 3435 726 3486 die
753 3436 1064 3502 Scriptores
1089 3435 1355 3488 historiae
1374 3436 1675 3504 Aug-usta&
1700 3439 1758 3488 in
1782 3439 2109 3492 mus.Rhen.

202 3522 320 3557 nou.
343 3505 452 3557 VII
475 3522 527 3570 p.
556 3508 621 3556 28
659 3519 776 3568 sqq.
