2517 3884
760 213 1171 269 AVRELIANVS
1280 214 1333 268 C.
1382 218 1521 267 12-
1537 220 1611 270 15.
2034 210 2158 273 147,

227 381 490 458 cipere.“
569 381 708 440 Post
759 380 906 439 haec
950 380 1248 439 Valeriani
1290 380 1445 440 dicta
1488 380 1847 441 Aurelianus
1890 384 2154 443 surrexit
2177 380 2255 443 14

223 473 402 541 atque
446 465 518 525 ad
561 483 774 525 manus
806 466 1054 525 accessit
1083 482 1265 542 agens
1294 468 1514 542 gratias
1547 465 1897 525 militaribus
1927 466 2147 537 uerbis,

224 567 375 626 quae
431 551 676 629 propria
739 556 796 609 et
855 551 980 627 ipsa
1043 548 1391 627 adponenda
1453 550 1716 611 decreui.
1802 550 2151 611 Aurelianus

222 634 397 694 dixit:
447 634 564 703 „Et
607 652 750 711 ego,
815 634 1053 693 domine
1095 633 1437 711 Valeriane,
1498 636 1825 713 imperator
1872 638 2146 712 Auguste,
2188 645 2218 691 2

169 738 195 777 5
223 718 360 778 ideo
407 727 620 779 cuncta
664 721 809 789 feci,
855 719 991 779 ideo
1036 718 1284 778 uulnera
1330 722 1625 797 patienter
1657 722 1893 797 excepi,
1926 721 2062 781 ideo
2096 729 2152 781 et

223 820 410 881 equos
459 812 516 865 et
557 805 900 865 coniuratos
942 822 1109 863 meos
1151 802 1371 863 lassaui
1414 810 1479 863 ut
1520 801 1667 864 mihi
1698 806 1917 881 gratias
1949 813 2154 883 ageret

219 907 320 947 res
349 907 408 966 p.
445 895 504 948 et
547 890 910 948 conscientia
981 906 1128 947 mea.
1195 896 1254 947 at
1298 897 1364 948 tu
1409 888 1545 967 plus
1585 889 1791 949 fecisti.
1856 908 1963 967 ago
2008 908 2151 968 ergo
2188 899 2219 945 3

219 974 444 1049 gratias
488 972 736 1033 bonitati
778 979 916 1033 tuae
963 980 1022 1033 et
1067 974 1293 1051 accipio
1338 972 1741 1041 consulatum,
1804 992 1983 1051 quem
2027 974 2148 1035 das.

221 1058 370 1117 deus
409 1058 585 1118 faciat
647 1066 704 1117 et
747 1058 896 1117 deus
927 1064 1153 1126 certUS,
1203 1065 1269 1117 ut
1314 1065 1372 1116 et
1403 1066 1646 1118 senatus
1689 1058 1761 1117 de
1804 1079 1899 1118 me
1942 1061 2028 1119 sic
2057 1062 2147 1120 iu-

139 1162 191 1200 10
221 1142 448 1201 dicet.“
506 1142 833 1219 Agentibus
864 1144 1044 1219 igitur
1075 1144 1294 1219 gratias
1327 1142 1601 1202 omnibus
1633 1143 2150 1203 circumstantibus
2186 1150 2218 1196 4

223 1226 422 1305 leius
454 1227 715 1299 Crinitus
775 1228 1036 1287 surrexit
1095 1234 1273 1303 atque
1330 1226 1443 1287 hac
1503 1228 1772 1287 oratione
1836 1246 1977 1288 usus
2031 1237 2147 1287 est:

221 1310 432 1389 „Apud
467 1313 722 1371 maiores
752 1320 1012 1380 nostroS,
1042 1311 1353 1371 Valeriane
1385 1314 1663 1388 Auguste,
1700 1312 1857 1388 quod
1892 1319 1950 1371 et
1981 1314 2145 1371 fami·
2187 1320 2217 1367 5

219 1394 334 1455 liae
349 1414 516 1455 meae
549 1397 802 1455 amicum
829 1416 896 1457 ac
927 1398 1239 1473 proprium
1266 1398 1395 1463 suit,
1442 1396 1513 1455 ab
1541 1398 1782 1475 optimis
1812 1397 2149 1475 quibusque

217 1481 280 1539 in
313 1479 565 1539 filiorum
600 1480 794 1540 locum
827 1482 1137 1541 fortissimi
1190 1482 1306 1540 uiri
1358 1500 1597 1559 semper
1641 1482 1813 1540 electi
1855 1490 2020 1550 sunt,
2088 1490 2150 1541 ut

137 1583 190 1621 15
223 1564 315 1624 uel
348 1573 734 1625 senescentes
763 1565 1018 1625 familias
1064 1564 1159 1625 uel
1204 1567 1361 1625 fetus
1394 1568 1788 1626 matrimoniis
1818 1567 1935 1625 iam
1970 1566 2149 1626 cadu-

220 1668 320 1708 cos
382 1650 733 1709 substitutae
793 1650 1126 1709 fecunditas
1189 1650 1375 1729 prolis
1434 1660 1695 1711 ornaret.
1774 1650 1887 1710 hoc
1947 1652 2145 1727 igitur,
2185 1659 2216 1705 6

219 1734 375 1812 quod
409 1735 693 1800 Cocceius
725 1734 924 1794 Nerua
952 1736 1016 1793 iu
1047 1735 1305 1795 Traiano
1349 1735 1715 1813 adoptando,
1754 1736 1911 1811 quod
1946 1735 2147 1813 leius

217 1818 508 1879 Traianus
557 1819 618 1877 in
662 1818 991 1887 Hadriano,
1067 1820 1221 1895 quod
1266 1818 1601 1879 Hadrianus
1642 1821 1701 1878 in
1746 1822 2045 1879 Antonino
2090 1827 2150 1878 et

219 1904 406 1962 ceteri
439 1904 721 1980 deinceps
751 1904 1056 1981 proposita
1100 1904 1481 1980 suggestione
1514 1905 1819 1969 fecerunt,
1864 1905 1925 1962 in
1970 1903 2144 1963 adro-

134 2006 187 2043 20
216 1988 410 2063 gando
440 1986 788 2055 Aureliano,
835 2006 1012 2065 quem
1047 1987 1190 2047 mihi
1222 1988 1507 2047 uicarium
1540 1988 1745 2047 iudicii
1774 1989 1859 2047 tui
1890 1989 2145 2047 auctori-

216 2079 334 2130 tate
365 2073 576 2139 fecisti,
613 2072 819 2133 censui
851 2088 981 2131 esse
1014 2071 1415 2131 referendum.
1493 2072 1631 2131 iube
1663 2073 1875 2149 igitur,
1918 2080 1983 2131 ut
2015 2072 2145 2148 lege
2184 2080 2211 2128 7

215 2164 450 2234 agatur,
495 2157 686 2235 sitque
717 2156 1075 2217 Aurelianus
1107 2155 1285 2215 heres
1318 2174 1627 2215 sacrorum
1661 2158 1917 2216 nominis
1950 2163 2008 2216 et
2038 2155 2144 2216 bo-

215 2260 426 2301 norum
471 2242 771 2319 totiusque
813 2242 960 2300 iuris
1004 2239 1171 2319 leio
1215 2240 1440 2312 Crinito
1486 2242 1601 2301 iam
1647 2239 1947 2301 consulari
1989 2242 2141 2308 uir0,

213 2327 341 2403 ipse
386 2331 646 2385 actutum
689 2334 745 2383 te
785 2326 980 2385 iudice
1025 2324 1421 2400 consularis.“
1494 2325 1760 2402 Longum
1807 2332 1896 2385 est
1926 2333 2139 2385 cuncta
2169 2321 2248 2383 15

131 2426 185 2465 25
215 2417 549 2488 pertexere.
628 2427 760 2470 nam
797 2417 856 2469 et
887 2417 1050 2471 actae
1083 2418 1221 2469 sunt
1244 2411 1469 2471 Crinito
1501 2430 1533 2471 a
1556 2410 1867 2471 Valeriano
1896 2412 2141 2487 gratiae,

215 2502 275 2553 et
306 2493 576 2572 adoptio,
619 2502 684 2553 ut
713 2494 967 2563 solebat,
1013 2495 1274 2573 impleta.
1352 2495 1623 2565 Memini,
1670 2498 1857 2555 mein
1890 2496 2141 2574 quodam
2180 2504 2211 2549 2

216 2578 371 2638 libro
413 2577 642 2638 Graeco
691 2578 935 2656 legisse,
1000 2580 1160 2655 quod
1225 2580 1535 2639 tacendum
1582 2599 1711 2640 esse
1746 2598 1862 2639 non
1896 2580 2139 2647 credidi,

130 2715 148 2729 .
212 2663 556 2723 mandatum
592 2681 722 2722 esse
755 2664 978 2725 Crinito
1027 2683 1058 2723 a
1096 2664 1441 2733 Valeriano,
1476 2671 1540 2723 ut
1574 2664 1929 2725 Aurelianus
1960 2664 2143 2741 adop-

214 2754 470 2815 taretur,
531 2746 756 2807 idcirco
799 2750 1122 2827 praecipue
1169 2746 1326 2827 quod
1374 2766 1600 2826 pauper
1658 2755 1843 2815 esset3
1892 2747 1996 2807 sed
2030 2747 2143 2806 hoc

129 2849 182 2888 30
209 2833 273 2893 in
305 2832 502 2891 medio
533 2831 988 2911 relinquendum
1019 2840 1184 2910 puto,

340 2917 413 2976 Et
454 2918 737 2993 quoniam
783 2918 1062 2995 superius
1105 2915 1415 2995 epistolam
1461 2918 1665 2994 posui,
1711 2933 1824 2991 qua
1869 2924 2143 2993 sumptus
2181 2926 2213 2972 3

208 3000 530 3062 Aureliano
577 3001 650 3060 ad
697 3001 1068 3061 consulatum
1113 3000 1341 3060 delatus
1386 3010 1503 3083 est,
1568 3017 1755 3077 quare
1811 3002 2139 3078 posuerim,

206 3104 338 3146 rem
373 3087 541 3163 quasi
565 3085 860 3155 friuolam,
897 3085 1295 3161 eloquendum
1321 3086 1557 3163 putaui:
1593 3085 1849 3145 uidimus
1870 3086 2142 3163 proxime
2179 3093 2213 3140 4

208 3170 585 3231 consulatum
617 3170 783 3230 Furii
799 3170 1036 3245 ⁶Placidi
1080 3176 1240 3231 tanto
1276 3168 1499 3229 ambitu
1538 3171 1599 3229 in
1633 3172 1793 3230 circo
1825 3170 2047 3229 editum
2080 3178 2145 3229 ut

122 3272 177 3311 85
206 3274 332 3315 non
363 3254 629 3334 praemia
662 3256 789 3315 dari
821 3256 1040 3332 aurigis
1073 3250 1176 3315 sed
1209 3255 1567 3332 patrimonia
1599 3254 1970 3323 uiderentur,
2008 3274 2140 3315 cum

343 3392 374 3439 2
400 3388 728 3439 militalibus
750 3390 801 3439 B
938 3392 970 3440 6
997 3386 1335 3453 coniuratos]
1366 3389 1681 3439 cantherios
1704 3393 1834 3455 woly.
1979 3392 2008 3439 7
2039 3406 2142 3453 ego

201 3456 371 3507 BPM
509 3459 540 3507 8
569 3458 752 3522 accipi
775 3455 859 3507 B1
998 3460 1062 3508 10
1087 3458 1301 3522 gratias
1326 3473 1417 3509 om.
1445 3456 1521 3505 P¹
1652 3460 1713 3507 19
1738 3457 2143 3521 intadrogando

201 3523 276 3573 B¹
302 3524 699 3589 interrogando
725 3526 792 3575 M
921 3529 985 3575 33
1011 3525 1268 3575 fribolum
1292 3524 1395 3573 BP
1530 3524 1891 3589 eloquendam
1914 3524 2082 3573 BPM

1554 3607 1687 3669 10*
