2517 3884
417 213 503 278 20
1135 217 1264 274 IVLI
1309 216 1654 274 CAPITOLIN
1658 217 1678 273 1

420 387 703 466 indignus
762 386 1027 448 bonitate
1085 384 1208 446 filii.
1288 385 1502 464 quibus
1559 387 1811 446 mortuis
1870 387 2081 464 ingens
2134 385 2364 446 laetitia

354 485 386 532 2
423 471 896 553 prouincialium,
943 471 1114 532 dolor
1145 470 1537 549 grauissimus
1566 469 1984 533 barbarorum.
2061 470 2165 532 sed
2197 470 2359 530 mili-

424 565 514 620 tes
543 558 872 619 intersectis
901 555 1156 636 publicis
1197 555 1472 617 hostibus
1502 559 1731 635 recepti
1761 563 1902 616 sunt
1929 556 2003 617 ab
2036 555 2361 636 oppidanis

422 651 723 721 roganteS,
769 650 828 703 et
867 644 1128 721 primum
1167 643 1249 703 ita
1279 649 1345 702 ut
1376 649 1511 702 ante
1541 642 1831 719 imagines
1863 643 2101 703 Maximi
2132 649 2191 702 et
2222 642 2361 702 Bal-

418 728 546 790 bini
587 735 646 789 et
677 727 962 788 Gordiani
1003 727 1356 796 adorarent,
1420 745 1555 788 cum
1585 745 1795 788 omnes
1826 727 2125 798 dicerent,
2187 728 2358 807 prio·
2432 746 2462 786 5

241 847 260 876 ·.
353 828 385 876 3
420 811 886 875 resGordianos
916 814 980 874 in
1009 813 1155 874 deos
1196 811 1435 878 relatos.
1510 819 1648 890 post
1680 811 1795 875 hoc
1825 814 2037 892 ingens
2070 831 2143 873 ex
2171 814 2360 890 Aqui-

421 900 534 962 leia
565 907 930 959 commeatus
956 900 1022 960 in
1053 906 1279 966 castra,
1314 915 1465 978 quae
1495 897 1848 959 laborabant
1878 899 2059 966 same,
2094 915 2361 976 propere

418 983 724 1057 traductus
753 985 1116 1062 refectisque
1147 983 1431 1044 mnitibus
1463 983 1575 1042 alia
1606 983 1700 1043 die
1734 983 1805 1044 ad
1832 985 2175 1045 contionem
2206 1001 2357 1043 uen-

418 1078 546 1131 tum
577 1077 698 1139 est,
761 1077 821 1129 et
863 1088 1070 1132 omnes
1111 1071 1175 1129 in
1205 1069 1444 1129 Maximi
1485 1075 1544 1129 et
1573 1067 1808 1130 Balbini
1838 1068 2023 1129 uerba
2055 1069 2356 1138 iurarunt,

419 1155 751 1216 Gordianos
780 1156 1014 1234 priores
1045 1155 1216 1215 diuos
1246 1151 1635 1234 appellantes,
2398 1174 2459 1212 ιο

345 1253 380 1300 4
541 1240 669 1302 Dici
696 1241 797 1300 uix
826 1247 1036 1318 potest,
1071 1246 1289 1320 quanta
1318 1239 1543 1300 laetitia
1570 1239 1770 1309 fuerit,
1806 1258 1940 1300 cum
1964 1237 2213 1300 Romam
2245 1257 2361 1318 per

413 1325 642 1387 Italiam
673 1335 848 1404 caput
879 1326 1180 1386 Maximini
1211 1326 1491 1394 ferretur,
1528 1324 1981 1408 occurrentibus
2014 1326 2249 1385 cunctis
2284 1325 2361 1384 ad

347 1425 379 1473 5
413 1411 692 1489 gaudium
751 1410 1076 1489 publicum.
1152 1411 1227 1470 Et
1267 1411 1555 1471 Maximus
1610 1409 1882 1486 quidem,
1949 1427 2126 1490 quem
2185 1409 2361 1470 multi

414 1497 791 1575 Puppienum
820 1503 1061 1574 putant,
1097 1495 1254 1574 apud
1287 1495 1635 1556 Rauennam
1686 1495 1909 1556 bellum
1961 1493 2214 1574 parabat
2243 1513 2359 1574 per

414 1581 848 1641 Germanorum
871 1580 1085 1641 auxilia
1117 1590 1294 1660 atque
1324 1581 1408 1641 ibi
1439 1582 1727 1660 conperit,
1767 1583 2145 1642 consensisse
2178 1599 2356 1640 exer·
2396 1600 2455 1639 15

413 1667 598 1726 citum
629 1665 744 1726 sibi
774 1674 832 1742 et
863 1664 1106 1744 collegis
1138 1666 1287 1736 suiS,
1323 1667 1552 1727 occisos
1584 1674 1779 1726 autem
1812 1685 1945 1727 esse
1976 1666 2351 1727 Maximinos

347 1765 378 1812 6
416 1767 600 1829 quare
632 1752 832 1812 statim
857 1750 1116 1812 dimissis
1142 1751 1579 1812 Germanorum
1610 1751 1858 1822 auxiliis,
1892 1770 2043 1830 quae
2070 1751 2184 1812 sibi
2209 1769 2353 1813 con-

411 1845 506 1896 tra
545 1835 782 1897 hostem
822 1844 1170 1916 parauerat,
1231 1836 1482 1897 Romam
1530 1837 1825 1898 laureatas
1882 1837 2111 1898 litteras
2168 1837 2351 1906 misit,

413 1939 562 1998 quae
591 1923 655 1982 in
697 1920 908 1982 urbem
939 1923 1242 2000 ingentem
1272 1920 1556 1983 laetitiam
1585 1923 1889 1991 fecerunt,
1922 1924 2005 1984 ita
2047 1929 2111 1982 ut
2141 1939 2355 1983 omnes

411 2025 522 2088 per
554 2025 686 2069 aras
719 2015 778 2068 et
806 2005 1028 2086 templa
1059 2013 1118 2068 et
1147 2005 1365 2068 sacella
1398 2015 1457 2067 et
1484 2007 1615 2068 loca
1646 2006 1926 2086 religiosa
1956 2008 2177 2086 gratias
2210 2023 2351 2086 age·
2388 2025 2447 2065 20

346 2108 376 2156 7
413 2098 569 2152 rent.
644 2090 930 2153 Balbinus
960 2100 1178 2161 autem,
1211 2091 1391 2153 homo
1427 2092 1689 2154 timidior
1720 2099 1932 2153 natura
1967 2101 2025 2154 et
2056 2094 2176 2170 qui,
2214 2111 2355 2154 cum

410 2177 715 2238 Maximini
773 2195 993 2238 nomen
1041 2177 1301 2247 audiret,
1367 2179 1541 2238 etiam
1573 2185 1892 2247 tremeret,
1954 2177 2356 2239 hecatomben

409 2262 552 2322 fecit
581 2263 875 2341 iussitque
916 2281 1022 2342 per
1067 2281 1277 2324 omnes
1323 2263 1593 2323 ciuitates
1623 2281 1769 2343 pare
1802 2263 2091 2324 sacrificio
2122 2263 2350 2343 suppli-

344 2365 376 2413 8
413 2349 554 2407 cari.
633 2346 852 2408 deinde
882 2348 1168 2410 Maximus
1199 2347 1450 2408 Romam
1488 2349 1654 2408 uenit
1695 2355 2083 2428 senatumque
2111 2349 2349 2426 ingres-

411 2450 513 2492 sus
587 2433 734 2491 actis
793 2432 910 2493 sibi
980 2434 1188 2510 gratiis
1259 2435 1600 2493 contionem
1668 2432 1906 2503 habuit,
1970 2441 2145 2513 atque
2205 2423 2351 2494 inde
2386 2452 2441 2491 25

410 2517 474 2576 in
502 2516 792 2578 Palatium
847 2535 980 2578 cum
1013 2516 1263 2579 Balbino
1318 2526 1377 2577 et
1408 2516 1710 2579 Gordiano
1761 2521 2027 2581 uictores
2071 2537 2136 2578 se
2177 2537 2351 2580 rece·

407 2608 648 2679 perunt.
1585 2647 1589 2651 .

306 2684 392 2750 25
539 2687 798 2748 Interest
827 2689 1000 2756 scire,
1037 2686 1212 2765 quale
1243 2694 1487 2748 senatus
1518 2686 1855 2749 consultum
1891 2689 2072 2749 fuerit
2116 2688 2214 2749 uel
2247 2692 2357 2768 qui

410 2771 538 2833 dies
580 2772 775 2842 urbiS‚
843 2792 979 2834 cum
1039 2780 1128 2833 est
1168 2774 1474 2834 nuntiatus
1518 2774 1913 2853 interemptus
1954 2775 2347 2835 Maximinus:

342 2870 374 2917 2
410 2859 525 2918 iam
556 2859 816 2936 primum
845 2859 928 2937 is,
962 2859 1064 2937 qui
1096 2876 1168 2918 ex
1201 2857 1569 2935 Aquileiensi
1597 2858 1847 2920 Romam
1880 2861 2100 2921 missus
2125 2860 2349 2930 fuerat,
2385 2877 2437 2916 30

546 3013 573 3058 1
597 3008 827 3058 laeticia
852 3011 954 3059 BI’
1108 3012 1142 3059 4
1168 3010 1367 3073 antelss
1388 3012 1439 3060 P
1462 3010 1607 3074 (fort.
1634 3027 1667 3060 a
1693 3011 1853 3076 eras.)
2015 3011 2192 3061 albini
2216 3011 2350 3064 BP¹

545 3081 574 3127 7
598 3076 857 3128 laborant
882 3078 984 3127 BP
1123 3075 1158 3143 p
1175 3079 1279 3128 BP
1322 3080 1589 3144 praetorii
1614 3079 1680 3128 M
1721 3093 1954 3144 propere
1976 3080 2170 3144 scripsi
2321 3085 2356 3132 8

407 3144 682 3209 fectisque
710 3144 760 3193 B
807 3146 1132 3210 fecistisque
1157 3148 1208 3196 P
1251 3147 1526 3212 fessisque
1552 3147 1619 3196 M
1660 3147 1997 3212 refectisque
2020 3150 2213 3212 scripsi

409 3213 518 3262 ada
544 3214 618 3261 P*
757 3219 962 3264 uentus
984 3213 1088 3264 BP
1232 3216 1293 3264 11
1321 3231 1470 3265 roma
1494 3215 1597 3265 BP
1758 3218 1818 3265 12
1847 3216 2023 3266 fertur
2046 3215 2217 3266 BPM

411 3282 474 3330 13
502 3296 664 3344 quam
687 3281 738 3330 B
901 3285 966 3333 14
997 3284 1299 3333 rabennam
1321 3283 1426 3333 BP
1585 3286 1647 3333 15
1682 3283 1889 3334 auxilia
1923 3285 2017 3348 qui
2050 3285 2146 3334 ubi
2180 3283 2360 3336 BPM

407 3347 618 3398 auxilia
643 3353 812 3414 atque
836 3350 916 3401 ibi
945 3352 1136 3416 scripsi
1294 3354 1356 3402 17
1392 3367 1561 3417 quare
1586 3367 1679 3402 om.
1708 3352 1774 3402 M
1928 3353 1993 3402 22
2030 3354 2359 3404 ecatonben

407 3416 512 3465 BP
645 3419 708 3467 23
733 3433 898 3482 pares
923 3419 1120 3469 afrieio
1144 3419 1196 3468 B
1219 3419 1390 3484 paris]
1412 3418 1655 3470 sacifieio
1679 3422 1730 3469 P
1753 3419 1827 3484 (ci
1850 3423 1903 3471 in
1924 3420 2056 3483 ras)
2219 3437 2357 3487 sup-

408 3483 605 3548 plicari
631 3484 900 3535 sacrificio
926 3488 990 3536 M
1145 3489 1211 3537 25
1245 3489 1384 3537 attis
1410 3488 1517 3538 sibi
1541 3489 1753 3553 gratias
1774 3488 1878 3539 BP
2033 3490 2100 3538 28
2133 3489 2358 3541 fuerint

410 3551 536 3602 BP¹
676 3555 741 3603 29
768 3552 854 3602 die
882 3553 984 3602 BP
1091 3557 1157 3606 30
1179 3555 1267 3605 his
1290 3555 1394 3605 BP
1414 3557 1463 3605 is
1488 3557 1715 3606 nuntius
1740 3585 1803 3592 —
1831 3573 1897 3607 ex
1920 3558 2022 3620 Aq.
2046 3557 2186 3607 urbe
2212 3557 2364 3610 P³M
