2517 3884
671 175 1044 249 ANTo‘Nlnvs
1090 179 1250 250 P1VS'.
1314 192 1369 249 c,
1408 197 1641 250 10—13.
2048 163 2134 254 43

200 365 310 418 tate
341 357 451 418 sed
481 357 770 419 modestia
804 366 861 419 et
873 361 1162 436 grauitate
1178 362 1531 439 conpressit.
1568 361 1730 422 Intra
1746 360 1928 422 urbes
1955 381 2126 442 sepe·
2165 369 2197 420 3

196 443 286 504 liri
317 451 589 522 mortuos
619 443 830 504 uetuit.
865 451 1163 522 sumptum
1195 445 1546 506 muneribus
1567 444 1931 523 gladiatoriis
1955 448 2127 508 insti·

195 529 314 588 tuit.
339 526 777 589 uehicularium
793 545 1032 590 cursum
1054 548 1286 591 summa
1299 529 1603 608 diligentia
1617 529 1971 593 subleuauit.
1998 550 2127 593 om-

193 615 353 674 nium
371 629 522 690 quae
533 615 720 691 gessit
733 620 793 673 et
805 615 866 674 in
881 621 1091 674 senatu
1115 623 1175 674 et
1201 633 1311 694 per
1327 614 1517 676 edicta
1528 617 1823 676 rationem
1837 615 2120 676 reddidit.

146 710 173 750 5
313 698 484 758 Perit
511 715 666 759 anno
699 700 1197 777 septuagensimo,
1232 699 1336 759 sed
1370 701 1539 777 quasi
1570 698 1926 762 adulescens
1961 700 2191 762 desi-*4

194 783 428 843 deratus
461 790 569 842 est.
639 801 804 843 mors
835 789 1036 843 autem
1069 785 1198 844 eius
1228 783 1363 844 talis
1405 785 1589 845 fuisse
1622 794 1929 862 narratur:
1986 804 2123 846 cum

192 867 468 946 Alpinum
500 884 740 928 caseum
769 869 832 928 in
865 886 1008 929 cena
1044 867 1265 929 edisset
1295 868 1558 938 auidiuS,
1603 876 1778 930 nocte
1809 872 2124 931 reiectauit

192 961 364 1030 atque
397 951 510 1013 alia
541 951 637 1012 die
667 950 837 1014 febre
867 961 1202 1014 commotus
1235 961 1340 1013 est.
1379 955 1551 1014 tertia
1582 953 1697 1024 die,
1724 973 1859 1014 cum
1892 973 1955 1015 se
1986 972 2121 1033 gra·
2162 964 2194 1013 5

190 1039 316 1098 uari
362 1037 626 1106 uideret,
685 1036 886 1098 Marco
935 1039 1234 1099 Antonino
1286 1055 1417 1098 rem
1476 1037 1776 1117 publicam
1829 1046 1887 1100 et
1939 1039 2123 1102 filiam

125 1137 168 1176 ιο
191 1121 604 1201 praesentibus
651 1122 972 1200 praefectis
1023 1122 1467 1185 commendauit
1518 1123 1963 1201 Fortunamque
2018 1143 2121 1185 au-

187 1225 368 1276 ream,
401 1208 644 1293 quaein
665 1206 942 1268 cubiculo
974 1209 1315 1286 principum
1349 1209 1491 1286 poni
1522 1207 1770 1276 solebat,
1806 1209 2122 1270 transferri

187 1291 256 1353 ad
288 1309 427 1352 eum
457 1293 657 1362 iussit,
691 1294 929 1369 signum
960 1292 1200 1353 tribuno
1231 1293 1705 1369 aequanimitatis
1737 1291 1900 1353 dedit
1941 1299 2119 1370 atque
2156 1303 2191 1352 6

187 1379 264 1437 ita
296 1393 632 1438 conuersus
663 1379 832 1454 quasi
862 1376 1182 1446 dormiret,
1217 1378 1494 1455 spiritum
1526 1375 1783 1438 reddidit
1814 1375 1971 1456 apud
2003 1377 2117 1438 Lo-

184 1464 355 1522 rium.
425 1459 716 1522 alienatus
757 1463 818 1521 in
863 1461 1019 1522 febri
1060 1461 1208 1521 nihil
1239 1461 1400 1523 aliud
1432 1479 1611 1540 quam
1641 1461 1716 1522 de-
1746 1479 1815 1521 re
1852 1481 1909 1541 p.
1947 1469 2007 1522 et
2040 1462 2114 1523 de
2152 1473 2182 1521 7

117 1559 163 1600 15
185 1548 234 1608 is
263 1543 508 1624 regibus
537 1545 748 1626 quibus
778 1545 1148 1608 irascebatur
1177 1545 1457 1626 loquutus
1502 1553 1608 1608 est.
1672 1548 1970 1626 priuatum
2012 1567 2114 1626 pa·
2154 1557 2187 1606 8

183 1631 530 1692 trimonium
561 1630 714 1692 filiae
744 1631 1011 1709 reliquit.
1075 1639 1433 1692 testamento
1474 1639 1673 1692 autem
1719 1649 1928 1692 omnes
1973 1651 2118 1693 suos

182 1716 392 1794 legatis
420 1714 653 1776 idoneis
685 1724 1045 1795 prosecutus
1080 1724 1186 1778 est.

305 1801 446 1862 Fuit
487 1808 716 1862 statura
761 1799 990 1862 eleuata
1035 1802 1311 1862 decorus
1376 1801 1479 1862 sed
1524 1819 1660 1862 cum
1702 1809 1861 1862 esset
1901 1801 2115 1880 longus
2140 1795 2220 1860 13

181 1894 239 1946 et
269 1903 456 1946 senex
485 1887 1058 1963 incuruareturque,
1107 1884 1337 1947 tiliaciis
1379 1885 1595 1947 tabufis
1637 1887 1697 1946 in
1728 1894 1973 1966 pectore
2004 1905 2113 1965 po·

111 1983 158 2023 2⁰
181 1972 308 2030 sitis
337 1968 716 2041 fasciabatur,
764 1981 831 2032 ut
860 1979 1062 2032 rectus
1092 1971 1418 2032 incederet.
1486 1989 1669 2031 senex
1708 1973 2114 2040 etiam,.ante-
2152 1977 2184 2026 2

180 2073 357 2133 quam
414 2053 770 2116 salutatores
828 2057 1132 2126 uenirent,
1183 2073 1411 2135 panem
1454 2057 1680 2116 siccum
1733 2055 1990 2116 comedit
2042 2055 2117 2116 ad

178 2139 602 2202 sustentandas
644 2141 826 2202 uires.
887 2141 1001 2202 fuit
1039 2157 1189 2202 uoce
1229 2158 1413 2201 rauca
1478 2147 1537 2201 et
1578 2158 1796 2202 sonora
1850 2157 1987 2200 cum
2028 2141 2116 2200 io-

177 2224 522 2286 candidate.

307 2313 354 2370 A
385 2317 598 2370 senatu
641 2309 814 2370 diuus
861 2317 952 2371 est
993 2308 1325 2389 appellatus
1370 2311 1599 2370 cunctis
1642 2311 1913 2370 certatim
1946 2309 2111 2370 adni-
2149 2317 2183 2364 3

105 2405 152 2445 2⁵
175 2394 462 2465 tentibuS,
497 2413 632 2455 cum
663 2413 874 2456 omnes
906 2396 1038 2456 eius
1067 2396 1350 2474 pietatem
1383 2393 1764 2455 clementiam
1807 2396 2113 2472 ingenium

175 2479 630 2541 sanctimoniam
672 2479 1001 2540 laudarent.
1066 2479 1291 2541 decreti
1337 2481 1517 2540 etiam
1569 2487 1709 2540 sunt
1751 2497 1960 2540 omnes
2002 2479 2112 2540 ho-

173 2582 360 2626 nores
392 2565 497 2644 qui
527 2565 768 2644 optimis
799 2564 1170 2644 principibus
1201 2573 1337 2624 ante
1369 2562 1548 2625 delati
1581 2570 1735 2624 sunt.
1802 2565 2022 2625 meruit
2054 2571 2113 2624 et
2149 2571 2185 2618 4

173 2648 480 2710 flaminem
513 2656 572 2710 et
601 2650 904 2710 circenses
932 2659 992 2710 et
1020 2649 1311 2728 templum
1346 2656 1404 2709 et
1434 2648 1666 2710 sodales
1679 2649 2113 2710 Antoninianos

175 2733 464 2810 solusque
517 2735 786 2795 omnium
839 2752 1029 2814 prope
1082 2735 1423 2813 principum
1466 2752 1717 2812 prorsus
1768 2735 1897 2794 sine
1950 2732 2113 2794 ciuili

101 2827 150 2868 ³⁰
173 2821 470 2897 sanguine
501 2826 564 2879 et
590 2817 821 2888 hostili,
867 2826 1152 2897 quantum
1197 2819 1267 2880 ad
1303 2837 1366 2879 se
1396 2821 1591 2899 ipsum
1623 2819 1915 2898 pertinet,
1949 2818 2115 2878 ‘uixit

173 2911 234 2963 et
261 2905 370 2982 qui
400 2905 518 2964 rite
549 2910 930 2983 comparetur
953 2904 1200 2974 Numae,
1235 2905 1405 2965 cuius
1428 2903 1769 2964 felicitatem
1797 2904 2111 2981 pietatem-

171 3005 292 3066 que
327 2996 387 3050 et
417 2990 802 3050 securitatem
833 2990 1309 3067 cerimoniasque
1340 3007 1580 3070 semper
1612 2987 1888 3048 obtinuit.

272 3143 310 3190 4
335 3155 503 3204 quam
526 3137 658 3191 BP¹
683 3138 750 3204 (e.
777 3139 874 3203 1²³)
1000 3118 1047 3189 '4
1081 3140 1232 3190 dicta
1258 3139 1362 3190 BP
1496 3141 1525 3190 ‘1
1553 3112 1741 3189 eengd.
1769 3138 1819 3189 Β
1868 3154 2043 3189 caena.
2070 3139 2124 3188 P

275 3209 310 3258 8
335 3207 522 3258 frebre
548 3205 668 3257 BP¹
808 3211 870 3257 12
897 3211 1176 3272 signatum
1198 3208 1303 3257 BP
1422 3209 1483 3257 13
1509 3223 1657 3272 apun
1682 3205 1804 3258 BP¹
1945 3209 2007 3256 15
2031 3206 2121 3256 his

171 3274 346 3326 BPM
481 3277 545 3325 19
580 3275 1013 3340 incumaturque
1039 3275 1090 3325 B
1126 3293 1193 3325 an
1225 3276 1699 3340 incarnatusque?
1839 3274 2119 3324 tiliaticiis

171 3341 342 3394 BPM
479 3344 546 3393 29
573 3343 692 3394 sine
719 3360 810 3394 om.
837 3343 941 3393 BP
1049 3346 1112 3394 31
1142 3349 1294 3393 recte
1320 3342 1382 3392 M
1496 3342 1616 3393 uita
1642 3343 1897 3393 antonini
1920 3343 2000 3406 pii
2026 3355 2119 3389 ex-

171 3409 351 3524 plicit.
403 3411 608 3476 incipit
631 3411 805 3462 marci
829 3411 1084 3474 antonini
1117 3411 1432 3477 philosophi
1466 3411 1712 3461 eiusdem
1746 3410 1869 3460 iulii
1903 3408 2117 3472 capito-

193 3478 275 3527 ini
305 3478 410 3528 BP
