2517 3884
917 170 1147 229 CARVS.
1237 170 1291 260 C,
1335 173 1504 224 2-4,
1961 209 1962 212 η
2045 160 2169 225 217

235 336 478 399 Claudio
528 335 1015 416 longinquitatem
1065 337 1304 414 imperii
1354 353 1561 396 amans
1611 335 1967 395 uarietatum
2018 352 2171 394 sem-
2226 336 2237 346 ‘

231 440 345 502 per
379 429 436 482 et
466 439 655 502 prope
686 423 920 482 inimica
951 422 1189 483 fortuna
1219 421 1497 482 iustitiae.
1533 421 1616 480 sic
1650 418 2173 480 enimAurelianus
2210 427 2240 476 7

172 535 177 538 >
235 508 472 568 occisus
515 515 621 576 est,
677 508 764 568 sic
793 503 1034 566 Tacitus
1065 505 1431 584 absumptus,
1465 507 1552 566 sic
1581 504 1817 565 Probus
1848 522 2073 572 caesus,
2108 512 2175 563 ut

237 597 538 671 appareat,
601 589 747 652 nihil
786 597 906 650 tam
949 598 1182 668 gratum
1225 595 1359 650 esse
1400 591 1695 658 fortunae,
1762 606 1941 665 quam
1994 595 2059 649 ut
2104 605 2172 648 ea

183 690 210 731 5
237 693 391 754 quae
435 683 574 736 sunt
614 677 674 736 in
716 673 973 754 publicis
1005 674 1234 736 actibus
1268 681 1595 735 euentuum·
1618 674 1907 736 uarietate
1936 680 2170 747 muten-

234 769 355 822 tur.
403 761 506 820 sed
541 777 828 836 quorsum
851 759 1070 820 talibus
1085 759 1371 837 querellis
1386 770 1442 820 et
1466 766 1802 838 temporum
1818 757 2053 820 casibus
2070 757 2171 817 ‹le-
2207 763 2241 813 8

235 847 534 906 tinemur?
572 846 886 906 ueniamus
916 844 989 906 ad
1003 845 1239 914 Carum,
1272 843 1558 913 medium,
1589 852 1655 903 ut
1676 845 1756 904 ita
1780 843 2049 911 dixerim,
2085 843 2173 902 ui·

235 949 370 991 rum
425 938 484 990 et
545 931 705 990 inter
755 929 950 990 bonos
993 931 1182 1006 magis
1223 947 1401 1008 quam
1442 930 1599 989 inter
1639 928 1829 988 malos
1869 929 2175 1008 principes

237 1013 672 1076 conlocandum
724 1022 784 1075 et
825 1013 1003 1094 longe
1045 1012 1386 1083 meliorem,
1451 1015 1501 1074 si
1546 1012 1824 1073 Carinum
1874 1030 1999 1078 non
2036 1009 2173 1072 reli-

155 1115 208 1155 ιο
239 1101 464 1178 quisset
505 1098 810 1163 heredem.
1734 1161 1745 1168 ,
1891 1093 1908 1104 ‘

140 1195 146 1199 ’
366 1184 408 1244 C
429 1203 460 1244 a
479 1186 548 1244 ri
575 1186 764 1262 patria
797 1186 882 1244 sic
914 1183 1190 1261 ambigue
1221 1201 1254 1242 a
1285 1183 1589 1262 plerisque
1621 1181 1910 1260 proditur,
1948 1191 2009 1241 ut
2031 1197 2175 1259 prae
2204 1171 2251 1235 4

237 1285 469 1330 summa
499 1270 785 1330 uarietate
817 1269 1018 1329 dicere
1048 1285 1363 1344 nequeam,
1401 1284 1553 1345 quae
1574 1265 1677 1326 illa
1709 1283 1853 1326 uera
1886 1265 1980 1324 sit.
2015 1265 2171 1325 One·
2210 1272 2241 1320 2

238 1355 422 1414 simus
465 1355 642 1422 enim,
665 1351 790 1431 'qui
835 1353 1283 1431 diligentissime
1325 1355 1511 1414 uitam
1541 1350 1723 1412 Probi
1764 1350 2023 1428 scripsit,
2056 1347 2174 1408 Ro-

239 1455 372 1498 mae
410 1437 580 1498 illum
627 1446 685 1498 et
727 1445 928 1498 natum
974 1446 1034 1499 et
1074 1437 1373 1501 eruditum
1418 1437 1521 1498 sed
1564 1435 1915 1515 Illyricianis
1956 1451 2173 1512 paren-

161 1522 402 1584 15.tibus
441 1521 628 1582 fuisse
673 1521 994 1583 contendit.
1081 1521 1185 1582 sed
1218 1521 1438 1583 Fabius
1470 1521 1857 1600 Ceryllianus,
1893 1520 1996 1595 qui
2024 1525 2173 1578 tem·
2210 1527 2244 1575 3

235 1625 386 1687 pora
442 1606 575 1668 Cari
629 1607 826 1670 Carini
887 1615 946 1668 et
989 1607 1338 1668 Numeriani
1392 1606 1783 1668 solertissime
1824 1611 2189 1688 persecutus-

241 1695 350 1761 est,
397 1710 594 1770 neque
635 1691 860 1752 Romae
901 1690 1006 1753 sed
1049 1694 1110 1752 in
1154 1691 1397 1772 Illyrico
1438 1693 1729 1770 genitum,
1784 1706 1980 1769 neque
2024 1689 2175 1748 Pan-

233 1777 435 1836 noniis
487 1777 593 1837 sed
635 1777 852 1838 Poenis
891 1776 1259 1856 parentibus·
1290 1777 1513 1837 adserit
1542 1783 1763 1837 natum.
1797 1777 1859 1833 in
1893 1771 2173 1851 epheme·
2210 1782 2245 1830 4

179 1913 182 1916 ,
235 1859 369 1922 ride
401 1861 653 1940 quadam
685 1861 904 1938 legisse
929 1863 1189 1929 memini,
1225 1860 1956 1922 CarumMediolanensem
1972 1858 2173 1925 fuisse,

158 1959 212 2002 20·
241 1945 346 2006 sed
389 1963 502 2007 auo
543 1947 662 2004 iuri
708 1945 1102 2021 Aquileiensis
1148 1947 1407 2005 ciuitatis
1447 1947 1760 2004 insertum.
1823 1943 1969 2019 ipse,
2019 1939 2177 2019 quod
2212 1951 2245 2000 5

239 2031 447 2106 negari
476 2025 598 2089 n'on
621 2034 840 2106 potest,
875 2036 940 2088 ut
971 2027 1217 2107 epistula
1251 2030 1380 2088 eius
1409 2028 1648 2097 indicat,
1684 2043 1862 2103 quam
1891 2043 2001 2103 pro
2034 2041 2175 2107 con-

240 2111 370 2173 sule
408 2112 480 2173 ad
511 2111 771 2188 legatum
803 2129 978 2172 suum
1007 2112 1277 2189 scripsit,
1324 2128 1457 2172 cum
1490 2129 1625 2171 eum
1668 2111 1739 2171 ad
1784 2109 1942 2170 bona
1972 2107 2174 2168 horta-

239 2204 412 2256 retur
443 2196 656 2266 officia,
691 2195 994 2256 Romanus
1022 2195 1153 2256 uult
1183 2195 1403 2256 uideri.

368 2279 635 2360 Epistula
667 2279 828 2342 Cari:
2218 2287 2250 2336 6
2278 2309 2286 2316 ·

160 2414 214 2456 25
284 2399 561 2469 „Marcus
590 2397 867 2461 Aurelius
897 2415 1008 2476 pro
1041 2398 1283 2459 consule
1316 2397 1553 2459 Ciliciae
1578 2397 1747 2458 lunio
1779 2397 1973 2474 legato
2006 2415 2129 2456 suc.

368 2518 622 2578 Maiores
662 2519 872 2587 nostri,
915 2517 1167 2578 Romani
1206 2516 1293 2577 illi
1332 2518 1658 2596 principeS,
1702 2517 1764 2575 in
1801 2515 2012 2592 legatis
2044 2532 2175 2577 cre-

242 2602 412 2662 andis
451 2601 566 2662 hac
608 2604 700 2662 usi
741 2608 878 2663 sunt
921 2601 1351 2664 consuetudine
1382 2611 1449 2663 ut
1476 2619 1715 2664 morum
1746 2619 1993 2661 suorum
2042 2617 2196 2678 spe-t

241 2688 434 2748 cimen
477 2703 588 2764 per
635 2704 738 2747 eos
779 2687 1167 2748 ostenderent
1197 2687 1417 2764 quibus
1446 2705 1573 2746 rem
1606 2684 1906 2764 publicam
1939 2681 2175 2760 delega-

241 2770 403 2831 bant.
484 2787 594 2847 ego
649 2787 816 2840 uero,
879 2773 930 2831 si
969 2773 1051 2832 ita
1091 2790 1211 2832 non
1266 2777 1442 2840 esset,
1503 2769 1675 2830 aliter
1717 2787 1839 2829 non
1878 2769 2174 2836 fecissem,
2213 2777 2244 2826 7

378 3009 406 3056 1
443 3005 875 3071 longiquitatem
904 3004 1009 3055 BP
1173 3021 1345 3071 prope
1382 3010 1441 3057 et
1474 3019 1689 3070 semper
1722 3004 1825 3053 BP
1872 3017 2089 3068 semper
2122 3006 2179 3053 et

239 3090 412 3141 prope
435 3075 630 3138 scripsi
672 3137 682 3146 ·
764 3075 795 3123 2
821 3069 924 3138 sic]
952 3071 1015 3122 fit
1039 3071 1166 3122 BP¹
1197 3072 1265 3137 (c.
1291 3071 1394 3136 P³)
1510 3075 1541 3122 6
1568 3086 1827 3137 quossum
1847 3071 1900 3121 B
2038 3073 2069 3120 9
2092 3085 2179 3120 re-

235 3141 534 3206 linquisset
556 3140 664 3191 BP
819 3143 881 3190 11
909 3140 1040 3192 Cari
1062 3142 1349 3192 maiusculis
1370 3143 1465 3191 litt.
1492 3145 1761 3192 exaratum
1783 3141 1837 3190 in
1854 3138 1961 3189 BP
2113 3141 2177 3188 ut

238 3208 906 3329 ssrssefflnipssiaffissssissffi
928 3208 1034 3258 BP
1047 3225 1129 3327 1⁶³?
1131 3245 1143 3258 ·
1173 3207 1826 3328 ἓέἓοᾼῑέἓιῃφὲἳῗὲἒῖ
1845 3206 1976 3325 ἐξ,
1999 3221 2090 3323 B?
2093 3206 2178 3324 {¹1²1}

239 3359 348 3394 auo
377 3345 416 3396 G
549 3345 694 3396 iuria
720 3359 806 3408 aq.
831 3343 938 3394 BP
1069 3293 1193 3409 ipge
1219 3359 1277 3394 se
1302 3343 1407 3403 BP
1548 3345 1613 3396 25
1638 3343 1907 3394 manslius
1930 3341 2179 3392 ualerius

237 3411 342 3463 BP
363 3429 451 3465 em.
484 3414 524 3463 0
659 3411 841 3462 cilicio
863 3409 917 3462 B
1061 3413 1128 3463 28
1155 3410 1464 3478 diligebant
1487 3410 1591 3461 BP
1724 3413 1790 3462 29
1814 3425 1925 3461 non
1949 3417 2069 3460 ante
2093 3423 2179 3458 es-

237 3482 328 3530 set
353 3496 444 3531 om.
470 3479 554 3530 B¹
653 3513 658 3520 ι
