2517 3884
373 168 494 233 136
583 174 922 232 TREBELLll
964 172 1305 229 POLLIONIS
1348 166 1683 227 CLAvmvS.
1770 171 2089 229 C.17.18

303 351 336 399 6
373 340 581 401 decem
613 339 911 421 clamydes
939 340 1071 399 ueri
1101 337 1343 399 luminis
1372 336 1643 399 limbatas
1672 336 1839 405 duas,
1867 344 2074 397 uestes
2104 336 2299 397 diuer-

371 443 466 485 sas
509 424 800 491 sedecim,
863 423 1054 484 albam
1099 422 1495 491 subsericam,
1556 420 1957 501 paragaudem
2002 423 2301 482 triuncem

370 526 576 578 unam,
619 526 830 569 zancas
857 508 933 567 de
963 509 1186 569 nostris
1213 507 1523 568 Parthicas
1562 508 1723 585 paria
1767 508 1908 577 tria,
1954 505 2302 583 singiliones

372 592 778 654 Dalmatenses
817 592 1054 662 decem,
1119 591 1449 673 clamydem
1495 590 1887 652 Dardanicam
1936 590 2303 652 mantuelem

373 696 570 745 unam,
603 676 914 755 paenulam
945 676 1335 758 Illyricianam
1356 695 1553 745 unam,
1588 674 2077 737 bardocucullum
2097 694 2299 743 unum,

305 774 334 821 7
371 764 606 823 cucutia
650 760 856 823 uillosa
897 761 1042 831 duo,
1098 762 1295 823 oraria
1336 756 1683 823 Sarabdena
1724 767 2041 837 quattuor:
2090 778 2303 821 aureos

373 845 716 907 Valerianos
765 854 1008 907 centum
1063 847 1518 925 quinquaginta,
1578 848 1828 906 trientes
1882 844 2305 905 Saloninianos

371 937 742 991 trecentos.“

272 1012 351 1077 18
498 1014 718 1075 Habuit
757 1022 816 1075 et
855 1022 1096 1077 senatus
1145 1014 1395 1083 iudicia,
1456 1016 1801 1094 priusquam
1855 1012 1929 1074 ad
1980 1015 2305 1093 imperium

371 1100 743 1178 perueniret,
805 1100 1084 1177 ingentia.
1165 1118 1301 1160 nam
1344 1118 1480 1161 cum
1524 1106 1682 1159 esset
1724 1099 2055 1159 nuntiatum
2074 1104 2095 1168 ,'
2134 1098 2307 1159 illum
2336 1113 2389 1152 ιο

371 1202 505 1245 cum
537 1181 835 1245 Marciano
865 1186 1098 1245 fortiter
1130 1190 1337 1245 contra
1372 1191 1581 1262 gentes
1611 1186 1670 1243 in
1703 1182 1933 1263 illyrico
1964 1182 2305 1253 dimicasse,

303 1282 332 1329 2
371 1268 724 1331 adclamauit
753 1277 1024 1330 senatus:
1059 1268 1328 1339 „Claudi,
1362 1268 1483 1329 dux
1512 1270 1855 1339 fortissime,
1888 1266 2145 1328 haueasl
2178 1270 2305 1329 uir·

370 1354 596 1413 tutibus
626 1355 762 1421 tuis,
795 1354 1100 1414 deuotioni
1129 1356 1292 1415 tuae!
1338 1352 1582 1415 Claudio
1618 1360 1867 1413 statuam
1902 1370 2113 1413 omnes
2143 1352 2307 1413 dica-

217 1471 221 1475 ·
301 1453 333 1501 3
369 1456 519 1499 mus,
555 1437 860 1499 Claudium
887 1438 1192 1499 consulem
1217 1456 1429 1499 omues
1451 1439 1742 1517 cupimus.
1778 1439 1881 1517 qui
1906 1444 2065 1498 amat
2087 1454 2217 1497 rem
2244 1457 2301 1519 p.

370 1524 457 1582 sic
497 1524 644 1599 agit,
688 1523 792 1598 qui
845 1530 1000 1583 amat
1040 1525 1347 1602 principes
1388 1525 1475 1583 sic
1516 1525 1662 1601 agit,
1707 1523 1927 1601 antiqui
1971 1521 2191 1583 milites
2220 1524 2308 1583 sic
2334 1535 2388 1576 15

371 1614 642 1683 egerunt.
698 1606 934 1667 felicem
965 1614 1043 1675 te,
1078 1606 1299 1675 Claudi,
1336 1608 1555 1667 iudicio
1585 1608 1943 1686 principum,
1974 1606 2213 1667 felicem
2246 1614 2307 1667 te

368 1690 692 1751 uirtutibus
723 1692 858 1760 tuiS,
891 1690 1200 1751 consulem
1232 1698 1309 1758 te,
1348 1693 1715 1771 praefectum
1757 1700 1835 1751 te.
1899 1692 2075 1757 uiuas
2106 1690 2308 1771 Valeri

300 1792 331 1838 4
370 1775 674 1835 statueris
706 1792 738 1835 a
771 1777 1108 1853 principe.“
1161 1776 1433 1853 Longum
1468 1783 1557 1837 est
1586 1783 1703 1836 tam
1739 1775 1920 1837 multa
1952 1792 2131 1854 quam
2175 1794 2303 1836 me-

370 1860 488 1919 ruit
517 1861 612 1919 uir
639 1858 740 1919 ille
771 1859 1178 1939 perscribere:
1241 1880 1429 1921 unum
1472 1866 1668 1921 tamen
1702 1867 1903 1923 tacere
1930 1876 2055 1921 non
2088 1860 2301 1930 (leben,

368 1944 524 2023 quod
567 1943 737 2004 illum
781 1951 841 2003 et
869 1952 1110 2005 senatus
1139 1952 1196 2005 et
1223 1945 1481 2025 populus
1526 1953 1585 2005 et
1620 1953 1755 2005 ante
1796 1946 2119 2023 imperium
2152 1953 2210 2005 et
2239 1948 2303 2005 in
2328 1960 2389 1999 20

368 2030 621 2107 imperio
654 2036 712 2087 et
741 2036 879 2107 post
904 2029 1223 2108 imperium
1268 2032 1354 2091 sic
1388 2030 1593 2091 dilexit
1620 2037 1686 2090 ut
1715 2032 1857 2090 satis
1888 2038 2149 2099 constet,
2195 2048 2301 2090 ne-

368 2131 484 2192 que
515 2112 837 2173 Traianum
877 2130 1074 2192 neque
1117 2116 1448 2177 Antoninos
1488 2132 1686 2191 neque
1728 2132 2087 2231 quemquam
2121 2114 2303 2175 alium

310 2228 316 2234 ·
366 2198 696 2276 principem
727 2199 816 2259 sic
847 2206 1126 2259 amatum.

505 2384 532 2430 1
561 2381 826 2433 clamides
851 2382 932 2433 Βί
1067 2398 1202 2435 uero
1229 2383 1307 2433 B¹
1416 2384 1692 2449 lymbatas
1717 2385 1820 2435 BP
1968 2387 1999 2434 2
2027 2384 2205 2434 decim
2226 2382 2301 2433 B¹

367 2447 610 2499 sedecim
634 2449 716 2499 Bt
851 2455 882 2501 3
916 2453 1092 2503 notris
1126 2453 1376 2533 partiens
1398 2451 1473 2501 P¹
1604 2456 1665 2503 11
1701 2453 1983 2503 macriano
2006 2452 2111 2501 BP
2122 2452 2202 2502 ¹M

369 2518 430 2565 12
454 2516 666 2567 habeas
689 2518 854 2569 BPM
996 2522 1058 2570 17
1084 2520 1265 2569 nicias
1287 2520 1391 2569 BP
1521 2520 1769 2571 ualariae
1794 2520 1845 2569 B
1870 2521 2115 2571 ualeriae
2140 2518 2302 2583 P(M)

367 2601 455 2637 c.m
485 2584 526 2634 0
684 2587 749 2637 20
775 2591 832 2635 et
855 2594 974 2636 ante
1000 2602 1124 2651 pop.
1151 2602 1244 2639 om.
1272 2586 1375 2636 BP
1522 2594 1579 2637 et
1604 2595 1721 2638 ante
1746 2592 1877 2639 ante
1904 2604 1998 2640 om.
2025 2588 2092 2638 M
2232 2590 2305 2637 23

365 2650 612 2716 explicit
639 2652 875 2704 treuelli.
904 2653 1179 2719 pollionis.
1210 2654 1388 2705 diuus,
1418 2654 1683 2706 claudius.
1711 2656 1813 2705 BP
1870 2668 1889 2676 ”

2505 1932 2515 2279 4
