2517 3884
78 881 82 1022 i

973 171 1369 228 PRAEFATIO.
1976 174 2136 230 xxxi

175 324 242 382 Ρ.
281 315 350 366 14
389 324 444 362 ιι.
475 315 543 366 22
573 309 654 366 ed.
688 323 838 366 meae
869 305 946 384 (p.
980 311 1046 364 13
1083 327 1138 366 u.
1171 313 1236 362 27
1260 309 1343 365 ed.
1367 273 1571 382 Berol.)
1598 282 1835 382 superne
1864 325 1935 366 m.
1959 326 2062 381 pr.

276 400 345 449 14
475 400 536 450 31
980 397 1053 446 14
1214 399 1248 447 4
1602 393 1829 451 fulmine
1860 411 1931 450 m.
1954 410 2057 465 pr.

270 485 344 534 14
473 483 537 534 31
985 481 1048 532 14
1215 483 1248 532 5
1607 477 1847 535 dicidens
1876 496 1949 533 m.
1978 496 2075 550 pr.

272 569 341 619 15
474 569 541 619 25
980 567 1047 616 14
1177 567 1245 618 28
1597 562 2065 620 famamosissimis

272 738 342 790 16
473 737 542 788 26
980 737 1043 786 15
1173 735 1241 786 28
1590 731 1861 789 rutundos
1892 750 1964 788 m.
1992 750 2087 804 pr.

269 823 342 874 17
509 824 544 870 4
977 820 1044 872 16
1211 822 1244 871 5
1598 834 1741 874 anno
1777 825 1894 875 toto
1936 835 2010 875 m.
2029 835 2133 890 pr.

1603 902 1745 974 (toto
1772 919 2002 959 annom.
2018 918 2134 960 sec.

1598 1007 1687 1035 =
1712 985 1852 1060 PM)

272 1077 338 1128 17
509 1078 538 1127 7
979 1075 1046 1126 16
1210 1075 1244 1126 8
1594 1072 1913 1129 rethoribns

273 1163 340 1213 17
476 1162 541 1212 14
915 1152 919 1156 ’
982 1159 1046 1211 16
1177 1159 1244 1208 14
1593 1157 1849 1213 rethores

273 1247 342 1298 18
509 1244 543 1296 6
980 1245 1045 1295 17
1211 1243 1246 1294 6
1599 1241 2135 1298 iactantantissimus

274 1331 342 1382 18
473 1329 540 1381 23
978 1329 1042 1379 17
1173 1330 1241 1378 22
1593 1325 1903 1383 dirueretur

271 1415 337 1465 21
476 1413 541 1464 16
977 1412 1046 1463 20
1175 1413 1242 1462 12
1594 1409 1805 1467 fasiono
1836 1427 1909 1466 m.
1913 1428 2033 1483 pr

271 1503 341 1550 22
473 1499 536 1550 31
981 1497 1045 1548 21
1177 1497 1245 1550 26
1596 1494 1891 1569 pletorium

270 1581 468 1637 deinde
498 1580 637 1636 saiso
669 1579 979 1655 adscriptae
1011 1587 1140 1636 sunt
1171 1580 1335 1636 haece
1360 1581 1666 1654 scripturae
1690 1581 1931 1637 eiusdem
1958 1581 2151 1636 uitae:⁴

178 1686 237 1741 p.
275 1666 561 1741 15,10(p.
595 1669 676 1729 14,
708 1664 761 1738 4)
805 1667 862 1721 in
904 1666 961 1721 B
1009 1664 1153 1722 clare
1195 1665 1459 1738 scriptum
1490 1673 1593 1727 est,
1638 1659 1989 1740 geometrici,
2022 1682 2133 1723 non

275 1753 624 1823 ,geometrae'
1797 1741 1807 1750 '

180 1855 240 1910 p.
274 1839 357 1899 15,
390 1840 456 1889 27
489 1834 562 1909 (p.
597 1837 680 1900 15,
715 1835 764 1906 l)
797 1835 1090 1898 ,catalium’
1121 1850 1232 1891 non
1264 1833 1570 1902 ,cattilium’

273 1924 361 1984 20,
391 1919 510 1994 25(
597 1923 680 1982 19,
711 1919 798 1992 21)
830 1917 1280 1982 μῃαωθηοὶειοτε
1313 1936 1423 1976 non
1454 1919 1889 1990 ,numenclatori’

271 2009 360 2068 25,
391 2004 510 2078 21(
595 2004 1039 2079 24,12),ridiga’
1072 2021 1102 2060 a
1132 2023 1216 2078 pr.
1248 2021 1339 2066 m„
1372 2019 1483 2060 non
1507 2003 1737 2078 ,rigiga2

183 2091 356 2148 etiam
397 2090 557 2164 plura
598 2106 733 2146 uero
773 2097 868 2147 aut
907 2089 1048 2146 falso
1093 2097 1186 2146 aut
1219 2091 1441 2146 omnino
1482 2105 1593 2145 non
1645 2097 1865 2145 enotata
1917 2091 2132 2146 suntin

78 2189 80 2196 ·
182 2173 472 2232 uolumine
501 2173 696 2238 altero.

322 2257 470 2325 Quae
512 2274 636 2314 cum
667 2274 754 2314 res
786 2258 862 2315 ita
893 2245 952 2314 se
983 2257 1247 2315 haherent
1289 2261 1345 2314 in
1376 2258 1567 2316 codice
1597 2258 1666 2320 B,
1700 2273 1860 2332 quem
1891 2258 2133 2316 editores

115 2365 122 2370 ·
184 2343 570 2401 Berolinenses
600 2345 658 2400 in
677 2344 813 2416 ipsis
833 2343 1072 2418 plagulis
1095 2343 1439 2417 corrigendis
1469 2350 1596 2399 ante
1628 2343 1819 2400 oculos
1843 2343 2132 2406 habebant.

187 2436 290 2492 „ut
321 2430 454 2484 satis
487 2426 824 2485 confidenter
855 2429 1114 2502 sponderi
1144 2428 1345 2503 posse’'
1377 2428 1744 2494 adfirmarent,
1777 2445 1931 2492 „non
1957 2428 2131 2486 multa

187 2515 256 2570 de
302 2513 409 2570 hoc
449 2513 593 2570 libro
627 2531 687 2570 se
727 2511 990 2587 fugisse”,
1041 2514 1357 2588 typothetas
1400 2530 1623 2588 operam
1663 2529 1773 2570 non
1813 2513 2130 2587 perdituros

189 2615 312 2654 esse
344 2606 513 2661 ratus,
561 2600 609 2655 si
653 2598 968 2673 adparatum
997 2597 1263 2656 criticum
1308 2615 1339 2654 a
1369 2614 1454 2653 me
1485 2597 1776 2656 collectum
1808 2598 1969 2655 etiam
2000 2607 2131 2674 post

78 2751 80 2756 Ι
188 2682 480 2739 Iordanum
507 2683 1082 2758 Eyssenhardtumque
1126 2685 1271 2758 typis
1303 2685 1687 2758 exprimerent,
1734 2683 1979 2740 consilio·
2000 2699 2131 2758 pro-

191 2767 377 2840 posito
408 2783 520 2823 non
548 2776 758 2825 mutato
789 2786 852 2826 ea
884 2784 1024 2844 quae
1054 2769 1379 2842 scripseram
1410 2768 1600 2842 paucis
1623 2769 1771 2825 notis
1802 2785 1867 2826 ex
1890 2769 2131 2825 editione

78 2901 80 2904 ,
185 2848 527 2907 Berolinensi
557 2853 778 2910 adiectis
807 2855 962 2928 prelo
995 2853 1222 2912 subieci.

316 2935 377 2992 In
406 2937 542 3010 ipsis
572 2937 758 2994 uerbis
789 2939 1188 2996 constituendis
1219 2954 1285 2995 ea
1312 2954 1374 2994 re
1405 2939 1573 2996 editio
1604 2955 1724 2996 mea
1756 2937 1941 2995 differt
1970 2955 2002 2994 a
2030 2938 2129 2995 Be-

190 3021 456 3078 rolinensi
489 3021 638 3095 quod
669 3026 993 3088 accuratius,
1048 3041 1210 3098 quam
1242 3023 1297 3081 in
1327 3023 1420 3080 illa
1451 3025 1656 3081 factum
1697 3031 1797 3088 est,
1851 3023 1907 3078 in
1961 3024 2128 3081 rebus

189 3107 555 3179 grammaticis
599 3115 656 3164 et
697 3110 1141 3184 orthographicis
1181 3110 1419 3182 uestigia
1460 3108 1706 3166 codicum
1758 3111 1953 3183 pressi.
2019 3125 2127 3184 qua

191 3191 412 3265 quidem
443 3192 499 3247 in
531 3209 590 3248 re
623 3210 952 3269 quamquam
979 3201 1094 3252 non
1122 3193 1442 3267 ignorabam
1474 3209 1730 3268 magnum
1760 3211 1881 3251 esse
1911 3193 2129 3268 pericu-

189 3276 319 3338 lum,
371 3292 441 3332 ne
488 3278 735 3336 confusis
791 3279 870 3336 eis
913 3297 1054 3354 quae
1095 3281 1203 3353 ipsi
1245 3277 1327 3336 illi
1358 3279 1623 3342 historici,
1677 3286 1842 3352 atque
1872 3281 1955 3336 eis
1987 3294 2127 3352 quae

167 3360 397 3418 .1ibrarii
438 3364 796 3436 scripserunt,
839 3364 906 3421 ad
945 3365 1210 3423 inferiora
1253 3356 1469 3422 saecula
1499 3362 1825 3425 aberrarem,
1857 3365 2125 3419 tamenin

188 3446 509 3503 uniuersum
539 3463 625 3504 me
653 3451 884 3525 propius
915 3449 982 3506 ad
1023 3449 1080 3506 id
1109 3449 1258 3524 quod
1288 3449 1636 3524 spartianum
1666 3449 1897 3522 eiusque
1928 3463 2125 3520 aequa-

188 3528 271 3588 les
314 3532 602 3605 scripsisse
643 3542 699 3591 et
740 3533 919 3592 titulis
951 3543 1006 3592 et
1036 3534 1403 3610 scriptoribus
1444 3533 1685 3590 eiusdem
1716 3534 1909 3589 aetatis
1940 3529 2128 3605 perlu-
