2517 3884
64 468 67 477 “
64 448 67 455 '
64 418 67 429 “
65 0 104 410 ”“”““ΐ““-““ἶπ-·γ“ῗῧ

358 226 477 291 148
1057 232 1271 287 FLAvn
1320 232 1567 289 vopism
1644 188 1653 191 ’

354 400 640 461 darentur
671 402 907 461 tunicae
940 399 1302 465 subsericae,
1347 398 1536 459 lineae
1568 399 1965 477 paragaudae,
1999 400 2286 461 darentur

289 496 320 543 5
357 487 534 545 etiam
582 486 751 561 equi,
814 482 1359 561 ingemescentibus
1412 485 1569 560 frugi
1624 483 1983 544 hominibus,
2062 486 2285 545 factum

359 578 450 630 est
481 572 656 639 enim,
693 578 758 629 ut
785 570 904 629 iam
929 569 1279 628 diuitiarum
1310 569 1403 636 sit,
1438 587 1557 628 non
1581 568 1889 647 hominum
1922 569 2282 638 consulatuS,

357 657 490 733 quia
525 656 730 730 utique
764 655 815 713 si
846 653 1170 713 uirtutibus
1203 652 1523 740 defertsur,
1549 652 1836 713 editorem
1872 652 2134 732 spoliare
2164 672 2285 714 non

287 751 318 797 6
355 738 550 801 debet.
632 740 942 816 perierunt
983 744 1140 797 casta
1187 736 1286 796 illa
1330 746 1597 815 tempora
1642 745 1700 797 et
1744 740 1932 815 magis
1960 739 2285 799 ambitione
2340 759 2371 798 5

351 823 627 902 populari
671 824 932 901 peritura
977 830 1134 883 sunt.
1213 822 1317 882 sed
1351 840 1489 891 noS,
1526 829 1591 883 ut
1621 821 1915 891 solemus,
1952 822 2107 883 hanc
2138 840 2284 900 quo·

352 924 469 984 quc
500 926 628 969 rem
657 909 720 967 in
751 907 947 967 medio
979 906 1391 982 relinquimus,

252 992 332 1055 16
479 993 584 1052 His
624 994 803 1070 igitur
851 1000 941 1052 tot
992 1010 1060 1051 ac
1110 991 1330 1052 talibus
1382 990 1762 1069 praeiudiciis
1814 990 2289 1070 muneribusque

350 1076 534 1137 fultus
566 1077 907 1138 Claudianis
936 1076 1313 1154 temporibus
1359 1084 1557 1136 tantus
1601 1077 1950 1144 enituit‚-ut
1978 1084 2116 1154 post
2146 1094 2290 1135 eum

352 1160 634 1231 Quintillo
666 1179 906 1241 quoque
940 1163 1066 1222 eius
1097 1162 1283 1221 fratre
1311 1162 1675 1239 interempto
1706 1160 1870 1220 solus
1903 1168 2137 1220 teneret
2167 1163 2283 1220 im·
2318 1182 2371 1220 ιο

348 1249 584 1324 perium
627 1246 884 1308 Aureolo
924 1246 1274 1315 interfecto,
1338 1263 1470 1305 cum
1532 1264 1650 1324 quo
1693 1244 2000 1307 Gallienus
2054 1246 2291 1306 fecerat

281 1343 311 1389 2
347 1349 577 1408 pacem.
654 1331 770 1391 hoc
822 1330 954 1391 loco
1010 1337 1168 1391 tanta
1213 1338 1307 1390 est
1348 1330 1665 1391 diuersitas
1708 1329 2161 1398 historicorum,
2226 1337 2292 1388 et

349 1416 587 1491 quidem
605 1416 991 1483 Graecorum,
1027 1423 1091 1475 ut
1120 1415 1221 1475 alii
1254 1414 1469 1483 dicant,
1499 1416 1688 1475 inuito
1722 1414 1969 1475 Claudio
2000 1414 2074 1474 ab
2096 1417 2289 1474 Aure-

348 1499 504 1560 liano
547 1500 871 1561 Aureolum
914 1501 1335 1567 intersectum,
1392 1498 1490 1559 alii
1541 1500 1859 1561 mandante
1904 1518 1973 1559 ac
2018 1498 2283 1566 uolente,

347 1584 447 1643 alii
477 1584 550 1643 ab
593 1587 958 1663 imperatore
999 1585 1116 1643 iam
1161 1583 1481 1644 Aureliano
1525 1582 1779 1644 eundem
1823 1586 2121 1653 occisum,
2181 1584 2287 1643 alii
2312 1603 2365 1642 15

277 1685 309 1732 3
349 1686 493 1729 uero
524 1667 718 1728 adhuc
751 1687 783 1727 a
815 1670 1072 1746 priuato.
1152 1668 1256 1727 sed
1300 1667 1449 1728 haec
1482 1686 1721 1745 quoque
1754 1668 1945 1727 media
1977 1668 2284 1746 relinque-

349 1772 500 1821 muS,
535 1752 607 1813 ab
651 1754 798 1830 ipsis
829 1751 1112 1830 petenda,
1175 1770 1288 1829 per
1333 1770 1485 1829 quos
1524 1754 1586 1813 in
1628 1753 1857 1813 litteras
1898 1754 2077 1813 missa
2116 1761 2277 1811 sunt.

278 1854 312 1900 4
347 1836 493 1896 illud
526 1845 724 1897 tamen
758 1841 1008 1904 constat,
1043 1854 1220 1896 omne
1253 1844 1465 1899 contra
1494 1837 1784 1897 Meotidas
1816 1836 2040 1897 bellum
2072 1837 2281 1897 diuum
2494 1878 2497 1941 ἱ

343 1921 653 1983 Claudium
682 1920 828 1981 nulli
859 1922 1048 1997 magis
1081 1940 1256 1999 quam
1291 1921 1610 1983 Aureliano
1642 1921 1989 1981 credidisse.

245 2009 322 2073 17
471 2006 643 2065 Extat
675 2003 941 2083 epistula,
977 2022 1156 2081 quam
1187 2023 1318 2083 ego,
1372 2014 1437 2066 ut
1467 2005 1659 2075 soleo,
1694 2006 1832 2066 fidei
1862 2024 2062 2075 causa,
2094 2007 2279 2065 immo
2304 2026 2356 2063 20

343 2098 408 2151 ut
437 2090 582 2149 alios
613 2089 916 2150 annalium
971 2091 1299 2169 scriptores
1352 2092 1565 2151 fecisse
1623 2091 1833 2158 uideo,
1895 2089 2277 2151 inserendam

340 2175 576 2252 putaui:

274 2274 305 2320 2
469 2256 756 2325 „Flauius
787 2258 1067 2319 Claudius
1098 2258 1334 2337 Valerio
1364 2258 1683 2321 Aureliano
1716 2278 1827 2320 suo
1860 2259 2129 2319 salutem.

465 2342 710 2420 Expetit
737 2362 768 2402 a
801 2349 860 2402 te
891 2362 1111 2405 munus
1145 2344 1389 2403 solitum
1420 2352 1624 2404 nostra
1655 2362 1753 2404 res
1784 2364 1843 2423 p.
1923 2342 2271 2421 adgredere.

339 2425 479 2502 quid
514 2429 806 2487 moraris?
853 2435 956 2486 tuo
991 2429 1335 2505 magisterio
1369 2428 1589 2488 milites
1623 2430 1708 2488 uti
1737 2428 1908 2498 uolo,
1958 2436 2058 2488 tuo
2089 2428 2272 2487 ductu
2302 2449 2354 2488 25
2480 2432 2483 2463 ¹

336 2510 630 2571 tribunos.
707 2512 881 2572 Gothi
913 2512 1299 2589 oppugnandi
1331 2520 1488 2581 sunt,
1536 2512 1716 2573 Gothi
1746 2532 1776 2572 a
1810 2512 2079 2573 Thraciis
2110 2531 2275 2572 amo·
2478 2500 2480 2538 ⁴

337 2594 537 2654 uendi.
609 2614 818 2657 eorum
853 2597 1011 2655 enim
1043 2595 1312 2675 plerique
1345 2597 1825 2658 Haemimontum
1848 2598 2276 2676 Europamque

269 2696 300 2743 3
339 2687 586 2749 nexant,
649 2683 755 2760 qui
817 2688 873 2741 te
935 2688 1235 2759 pugnante
1295 2683 1594 2759 fugerunt.
1701 2700 1913 2742 omnes
1974 2684 2277 2742 exercitus

336 2762 692 2836 ThracicoS,
756 2783 964 2825 omnes
1007 2764 1407 2845 IllyricianOS,
1452 2773 1765 2843 totumque
1796 2766 2046 2827 limitem
2078 2767 2139 2825 in
2168 2772 2277 2827 tua

336 2856 625 2927 potestate
659 2851 984 2910 constituo:
1046 2848 1283 2911 solitam
1328 2869 1403 2910 en
1451 2850 1624 2911 nobis
1657 2850 1767 2911 ede
1797 2853 2101 2912 uirtutem.
2179 2857 2273 2909 te·
2303 2872 2355 2910 ω

263 2952 298 2998 4
334 2952 469 2993 cum
513 2935 627 2993 erit
672 2936 848 2994 etiam
902 2936 1088 2994 frater
1132 2934 1487 3005 Quintillus,
1550 2954 1686 2995 cum
1731 2940 2079 2996 occurrerit.
2158 2952 2275 3011 ego

333 3017 462 3077 aliis
492 3017 677 3078 rebus
709 3026 1034 3097 occupatus
1065 3038 1363 3080 summam
1402 3018 1545 3079 belli
1585 3019 1743 3080 illius
1787 3019 2110 3081 uirtutibus
2148 3020 2275 3079 tuis

467 3203 494 3249 1
518 3200 668 3251 linea
695 3204 746 3253 B
871 3207 904 3255 5
927 3205 1132 3255 debent
1155 3205 1325 3254 BPM
1341 3220 1479 3256 corr.
1506 3205 1757 3271 Eyssenh.
1896 3208 1930 3256 8
1952 3204 2281 3255 muneribus

329 3267 405 3317 Ρι
543 3272 575 3318 9
602 3270 885 3321 claudiani
907 3273 1010 3322 BP
1123 3273 1279 3323 enuit
1303 3272 1353 3322 B
1363 3272 1453 3321 ¹P1
1480 3270 1641 3335 (corr.
1666 3271 1765 3337 P³)
1894 3276 1953 3322 11
1980 3272 2277 3322 aureliano

333 3334 456 3384 ΒΡι
600 3340 662 3387 13
688 3339 869 3390 dicam
894 3340 944 3389 B
959 3339 974 3373 ¹
1001 3348 1056 3389 ut
1079 3342 1185 3390 uid.
1330 3342 1391 3390 16
1416 3355 1448 3389 a
1474 3357 1567 3392 om.
1592 3341 1659 3391 M
1770 3343 1833 3392 18
1860 3344 2041 3390 costat
2061 3338 2171 3388 BP

327 3405 391 3452 21
419 3402 530 3453 alio
555 3404 685 3455 BP¹
845 3408 1195 3459 inferendam
1218 3406 1301 3457 B³
1462 3410 1526 3456 22
1552 3408 1839 3458 ualeriano
1864 3406 2063 3457 BP¹M
2204 3410 2279 3456 24

327 3471 576 3535 exepetit
599 3473 681 3521 Β1
817 3477 884 3524 26
908 3476 1104 3526 traciis
1125 3476 1229 3524 BP
1340 3477 1405 3524 27
1433 3476 1785 3525 emimontum
1806 3476 1968 3525 BPM
2090 3476 2174 3531 ,30
2202 3490 2285 3524 en

326 3556 420 3589 om.
447 3538 514 3589 M
645 3545 710 3592 32
735 3558 982 3593 sumnam
1005 3544 1109 3593 BP
