2517 3884
760 184 763 188 ·
859 152 1128 210 PROBVS.
1215 153 1275 209 C.
1322 153 1557 210 16-19,
2053 147 2177 212 199

367 321 544 382 Facta
571 320 754 398 igitur
782 337 930 399 paee
961 337 1100 380 cum
1129 318 1329 380 Persis
1354 318 1427 379 ad
1452 317 1735 379 Thracias
1758 318 1915 380 redit
1946 325 2007 380 et
2036 337 2173 380 cen·
2197 315 2279 382 18

234 412 368 466 tum
407 405 568 464 milia
617 405 1046 467 Bastarnarum
1089 404 1153 464 in
1195 402 1322 464 solo
1370 401 1641 465 Romano
1693 404 2015 473 constituit,
2071 406 2175 484 qui

234 507 448 551 omues
477 488 655 550 fidem
685 496 1024 550 seruarunt.
1079 479 1184 549 sed
1215 506 1353 548 eum
1386 495 1445 548 et
1474 505 1547 548 ex
1579 486 1726 548 aliis
1736 487 2017 566 gentibus
2045 487 2173 567 ple·
2208 495 2243 546 2

179 591 456 674 rosque
500 575 727 653 pariter
756 573 1178 642 transtulisset,
1210 572 1271 633 id
1304 580 1393 634 est
1426 591 1501 633 ex
1531 571 1775 651 Gipedis
1827 573 2173 635 Grauthun·

177 672 208 714 5
235 661 328 738 gis
371 666 430 719 et
472 657 786 728 Vandulis,
829 657 1166 719 illiomnes
1205 657 1384 718 fidem
1425 658 1739 736 fregerunt
1782 665 1842 718 et
1883 665 2175 736 occupato

233 743 411 806 bellis
448 745 776 822 tyrannicis
815 742 1015 805 Probo
1053 761 1165 822 per
1207 747 1399 804 totum
1439 760 1629 821 paene
1670 740 1879 803 orbem
1922 742 2174 822 pedibus

235 837 295 890 et
336 827 675 907 nauigando
716 829 916 906 uagati
953 833 1095 889 sunt
1134 845 1248 888 neo
1286 845 1501 907 parum
1532 826 1843 888 molestiae
1870 827 2173 888 Romanae

233 912 459 992 gloriae
525 911 874 973 intulerunt.
949 929 1102 989 quos
1161 911 1403 990 quidem
1459 911 1561 972 ille
1618 911 1877 973 diuersis
1935 912 2171 974 uicibus
2208 917 2243 968 3

232 999 538 1075 uariisque
582 999 856 1059 uictoriis
895 997 1224 1076 oppressit,
1269 997 1477 1076 paucis
1518 995 1759 1057 domum
1802 1015 1937 1058 cum
1981 995 2219 1074 gloria

151 1097 207 1138 ιο
234 1081 644 1152 redeuntibuS,
679 1081 836 1160 quod
866 1081 1047 1142 Probi
1077 1081 1413 1144 euasissent
1443 1097 1671 1142 manus
1733 1081 1902 1141 Haeo
1936 1080 2173 1142 Probus

235 1185 373 1228 cum
402 1166 673 1228 barbaris
702 1167 902 1245 gessit.

361 1251 480 1312 Sed
522 1251 731 1311 habuit
771 1253 949 1312 etiam
989 1269 1112 1332 non
1153 1249 1323 1312 leues
1364 1249 1708 1330 tyrannicos
1751 1256 1969 1309 motus·
2033 1267 2172 1310 nam
2206 1254 2242 1307 4

235 1341 296 1396 et
337 1327 740 1406 Saturninum,
781 1336 889 1414 qui
929 1335 1180 1396 orientis
1219 1335 1542 1414 imperium
1585 1335 1939 1414 arripuerat,
1988 1334 2173 1394 uariis

231 1419 603 1500 proeliorum
631 1419 956 1499 generibus
989 1427 1047 1481 et
1075 1427 1216 1480 nota
1249 1421 1473 1504 uirtute
1506 1419 1827 1497 superauit.
1864 1435 1981 1495 quo
2010 1419 2170 1478 uicto

151 1519 208 1562 ιι
233 1512 396 1566 tanta
421 1507 484 1566 iu
509 1507 739 1566 oriente
767 1506 937 1582 quies
959 1505 1090 1573 fuit,
1121 1511 1204 1573 ut,
1231 1487 1733 1582 quemadmodum
1757 1501 1939 1580 uulgo
1963 1501 2170 1579 loque-

233 1589 473 1658 bantur,
507 1609 712 1650 mures
755 1589 1014 1651 rebelles
1043 1586 1242 1650 nullus
1274 1589 1523 1652 audiret.
1594 1587 1809 1650 deinde
1846 1606 1983 1649 cum
2022 1587 2169 1648 Pro·
2206 1591 2241 1642 ὅ

233 1674 404 1736 culus
437 1681 497 1735 et
525 1675 798 1736 Bonosus
829 1674 982 1754 apud
1014 1661 1397 1753 Agrippinam
1430 1675 1492 1734 in
1508 1671 1693 1734 Gallia
1724 1673 2043 1752 imperium
2074 1691 2168 1732 ar-

231 1753 558 1844 ripuissent
587 1777 914 1837 omnesque
945 1758 1102 1820 sibi
1085 1777 1204 1819 iam
1226 1759 1591 1820 Brittannias
1610 1757 1927 1837 Hispanias
1951 1764 2010 1817 et
2032 1757 2171 1817 hra-

233 1851 396 1904 eatae
439 1843 664 1905 Galliae
702 1845 1044 1923 prouincias
1086 1842 1489 1912 uindicarent,
1535 1841 1809 1903 barbaris
1859 1849 2050 1902 semet
2078 1841 2167 1900 iu-

145 1943 206 1985 20
233 1927 512 1988 nantibus
543 1930 706 1988 uicit.
751 1947 822 1988 ac
848 1945 927 1988 ne
958 1929 1232 2004 requiras
1260 1926 1435 2006 plura
1479 1924 1576 1986 uel
1607 1925 1682 1986 de
1714 1925 2038 1988 Saturnino
2071 1922 2169 1984 uel
2206 1928 2240 1977 6
2342 1933 2351 1964 ¹

232 2012 308 2073 de
351 2010 608 2073 Proculo
647 2009 746 2070 uel
799 2012 886 2078 de
924 2011 1184 2078 Bonoso,
1241 2029 1348 2071 suo
1404 2009 1647 2070 eosdem
1686 2011 1949 2070 inseram
1992 2006 2167 2078 libro,

229 2113 420 2176 pauca
451 2094 526 2156 de
555 2093 766 2164 isdem,
812 2101 880 2156 ut
917 2095 1108 2163 decet,
1149 2095 1333 2154 immo
1378 2103 1444 2154 ut
1471 2094 1679 2172 poscit·
1692 2095 2035 2161 necessitaS‚
2080 2091 2167 2151 lo-

233 2186 500 2240 cuturuS.
534 2195 723 2239 unum
764 2195 906 2240 sane
947 2177 1258 2238 sciendum
1290 2185 1397 2248 est,
1430 2176 1908 2254 quod-Germani
1937 2193 2166 2244 omnes,
2205 2181 2238 2230 ‘1

234 2277 384 2324 cum‘
407 2262 482 2324 ad
523 2263 805 2324 auxilium
849 2268 1052 2324 essent
1086 2263 1280 2340 rogati
1322 2281 1355 2324 a
1398 2261 1672 2328 Rroeulm
1705 2260 1906 2322 Probo
1936 2260 2169 2321 seruire

147 2363 208 2406 25
233 2346 578 2410 maluerunt
607 2363 782 2425 quam
815 2366 950 2410 cum
980 2347 1218 2408 Bonoso
1252 2355 1311 2408 et
1340 2345 1597 2409 Proculo
1626 2349 1952 2424 imperate.
1986 2342 2168 2405 Gallis
2204 2348 2239 2398 8

232 2432 512 2494 omnibus
562 2443 624 2496 et
651 2432 930 2512 Hispanis
971 2450 1042 2493 ae-
1071 2432 1397 2494 Brittannis
1427 2431 1567 2492 hinc
1596 2431 1889 2510 permisit,
1921 2437 1988 2490 ut
2016 2427 2171 2490 uites

232 2517 526 2578 haberent
579 2519 904 2598 uinumque
946 2517 1328 2579 conficerent.
1373 2517 1503 2595 ipse
1550 2515 1777 2578 Almam
1808 2523 2073 2576 muntem
2106 2514 2171 2573 in

229 2601 466 2682 illyrico
521 2603 679 2663 cirea
729 2603 1013 2664 Sirmium
1063 2601 1306 2663 militari
1356 2617 1537 2662 manu
1581 2603 1813 2663 fossum
1854 2599 2008 2662 lecta
2049 2599 2170 2660 uite

233 2687 523 2747 oonseuit.

147 2789 204 2830 30
361 2769 536 2854 Dedit
563 2769 846 2836 Romanis
879 2771 1056 2831 etiam
1098 2769 1465 2850 uoluptates,
1516 2778 1575 2856 et
1617 2768 1853 2846 quidem
1882 2767 2167 2844 insigneS‚
2193 2759 2277 2826 19

250 3030 257 3036 .
283 2989 289 2998 ’
368 2991 400 3038 2
425 2992 772 3041 aeternarum
793 2985 924 3038 ΒΡι
952 2985 1018 3052 (c.
1045 2985 1143 3052 ΡΒ)
1292 2989 1327 3038 4
1350 2987 1654 3052 gautunnis
1676 2985 1745 3036 M
1884 2987 1917 3036 5
1939 2982 2175 3036 blandu-

229 3053 301 3108 lis
325 3056 495 3108 BPM
512 3073 603 3108 em.
624 3055 666 3106 S
777 3057 810 3108 8
833 3055 1014 3106 uieius
1036 3053 1109 3104 B¹
1235 3058 1268 3106 9
1291 3055 1583 3106 uictorinis
1606 3054 1661 3106 B
1674 3052 1687 3086 ¹
1716 3053 1792 3118 (in
1815 3053 1937 3103 Pis
1960 3054 2014 3103 in
2036 3067 2145 3102 ras.
2152 3050 2173 3114 )

371 3126 436 3174 14
459 3123 689 3190 praeliis
712 3124 765 3174 B
793 3120 798 3132 '
901 3123 1168 3174 uirtutem
1187 3121 1292 3172 BP
1436 3125 1501 3174 19
1524 3121 1849 3188 prouinciae
1874 3117 1947 3170 Β1
2106 3121 2175 3170 20

233 3192 485 3242 saturnio
507 3191 613 3242 BP
767 3193 834 3242 22
857 3190 1076 3241 hisdem
1096 3190 1267 3240 BPM
1329 3193 1353 3240 ζ
1404 3194 1469 3241 ut
1494 3192 1615 3245 add
1639 3189 1832 3254 Egnat.
1980 3188 2049 3238 24
2071 3201 2173 3252 pro

234 3273 378 3309 seru.
411 3258 517 3318 BP
557 3259 739 3312 Probo
773 3259 962 3327 potius
1001 3273 1246 3324 pei-seru.
1284 3256 1433 3311 P³M
1574 3259 1643 3309 25
1674 3233 1951 3322 imperare
1994 3255 2177 3306 addidi

0 3374 9 3387 ,
109 3387 121 3394 ς
234 3324 382 3390 (esse
408 3327 530 3377 add.
555 3330 686 3390 nola.
693 3327 712 3392 )
867 3327 936 3378 26
959 3326 1233 3392 hispaniis
1255 3325 1363 3377 BP
1504 3317 1771 3392 permisit
1793 3322 1877 3376 B¹
1903 3323 2053 3376 eirca
2073 3313 2175 3372 §ir-

0 3440 1 3449 ,
229 3394 404 3510 {nium
425 3391 547 3512 B¹B
633 3397 700 3448 28
721 3397 868 3447 uitet
891 3395 996 3445 BP
1105 3397 1176 3446 29
1199 3393 1522 3446 conseruitu
1544 3393 1650 3444 BP
1666 3407 1761 3448 om.
1790 3392 1855 3442 M
1953 3392 2054 3444 30
2077 3403 2177 3440 uo

254 3462 472 3526 aptatis
1005 3513 1011 3520 ,
