<?xml version="1.0" encoding="UTF-8"?>
<!DOCTYPE html PUBLIC "-//W3C//DTD XHTML 1.0 Transitional//EN"
    "http://www.w3.org/TR/xhtml1/DTD/xhtml1-transitional.dtd">
<html xmlns="http://www.w3.org/1999/xhtml" xml:lang="en" lang="en">
 <head>
  <title>
</title>
<meta http-equiv="Content-Type" content="text/html;charset=utf-8" />
  <meta name='ocr-system' content='tesseract 3.04.00' />
  <meta name='ocr-capabilities' content='ocr_page ocr_carea ocr_par ocr_line ocrx_word'/>
</head>
<body>
  <div class='ocr_page' id='page_1' title='image "./scriptoreshisto02petegoog_0010.png"; bbox 0 0 2517 3884; ppageno 0'>
   <div class='ocr_carea' id='block_1_1' title="bbox 880 1079 1594 1190">
    <p class='ocr_par' dir='ltr' id='par_1_1' title="bbox 880 1079 1594 1190">
     <span class='ocr_line' id='line_1_1' title="bbox 880 1079 1594 1190; baseline 0.013 -9"><span class='ocrx_word' id='word_1_1' title='bbox 880 1079 1530 1182; x_wconf 77' lang='lat' dir='ltr'><strong>PRAEFATIO</strong></span> <span class='ocrx_word' id='word_1_2' title='bbox 1575 1133 1594 1190; x_wconf 74' lang='grc'><strong>·,</strong></span> 
     </span>
    </p>
   </div>
   <div class='ocr_carea' id='block_1_2' title="bbox 206 1403 2223 3627">
    <p class='ocr_par' dir='ltr' id='par_1_2' title="bbox 206 1403 2178 2440">
     <span class='ocr_line' id='line_1_2' title="bbox 307 1403 2176 1509; baseline 0.001 -21"><span class='ocrx_word' id='word_1_3' title='bbox 307 1403 707 1506; x_wconf 79' lang='lat' dir='ltr'>Scriptorum</span> <span class='ocrx_word' id='word_1_4' title='bbox 749 1426 1009 1485; x_wconf 80' lang='lat' dir='ltr'><strong>historiae</strong></span> <span class='ocrx_word' id='word_1_5' title='bbox 1048 1427 1333 1500; x_wconf 78' lang='lat' dir='ltr'>Augustae</span> <span class='ocrx_word' id='word_1_6' title='bbox 1384 1425 1478 1500; x_wconf 85' lang='lat' dir='ltr'><strong>qui</strong></span> <span class='ocrx_word' id='word_1_7' title='bbox 1519 1436 1790 1486; x_wconf 87' lang='lat' dir='ltr'><strong>uocantur</strong></span> <span class='ocrx_word' id='word_1_8' title='bbox 1842 1448 2029 1490; x_wconf 87' lang='lat' dir='ltr'><strong>omnes</strong></span> <span class='ocrx_word' id='word_1_9' title='bbox 2083 1437 2176 1509; x_wconf 89' lang='lat' dir='ltr'><strong>qui</strong></span> 
     </span>
     <span class='ocr_line' id='line_1_3' title="bbox 213 1511 2178 1594; baseline -0.001 -18"><span class='ocrx_word' id='word_1_10' title='bbox 213 1519 441 1593; x_wconf 84' lang='lat' dir='ltr'><strong>quidem</strong></span> <span class='ocrx_word' id='word_1_11' title='bbox 471 1515 617 1572; x_wconf 85' lang='lat' dir='ltr'><strong>mihi</strong></span> <span class='ocrx_word' id='word_1_12' title='bbox 649 1511 864 1586; x_wconf 79' lang='lat' dir='ltr'>cogniti</span> <span class='ocrx_word' id='word_1_13' title='bbox 890 1513 1001 1583; x_wconf 82' lang='lat' dir='ltr'><strong>sjnt</strong></span> <span class='ocrx_word' id='word_1_14' title='bbox 1030 1512 1155 1570; x_wconf 87' lang='lat' dir='ltr'><strong>libri</strong></span> <span class='ocrx_word' id='word_1_15' title='bbox 1186 1528 1354 1569; x_wconf 84' lang='lat' dir='ltr'><strong>manu</strong></span> <span class='ocrx_word' id='word_1_16' title='bbox 1373 1512 1578 1586; x_wconf 73' lang='lat' dir='ltr'><strong>‹seripti</strong></span> <span class='ocrx_word' id='word_1_17' title='bbox 1619 1531 1682 1570; x_wconf 87' lang='lat' dir='ltr'><strong>ex</strong></span> <span class='ocrx_word' id='word_1_18' title='bbox 1724 1532 1836 1572; x_wconf 91' lang='lat' dir='ltr'><strong>uno</strong></span> <span class='ocrx_word' id='word_1_19' title='bbox 1879 1517 2178 1594; x_wconf 89' lang='lat' dir='ltr'><strong>eodemque</strong></span> 
     </span>
     <span class='ocr_line' id='line_1_4' title="bbox 211 1596 2176 1676; baseline -0.001 -15"><span class='ocrx_word' id='word_1_20' title='bbox 211 1605 369 1660; x_wconf 78' lang='lat' dir='ltr'><strong>fonte</strong></span> <span class='ocrx_word' id='word_1_21' title='bbox 403 1601 733 1676; x_wconf 71' lang='lat' dir='ltr'><strong>fluxerunt,</strong></span> <span class='ocrx_word' id='word_1_22' title='bbox 772 1596 865 1672; x_wconf 92' lang='lat' dir='ltr'><strong>qui</strong></span> <span class='ocrx_word' id='word_1_23' title='bbox 911 1606 1091 1654; x_wconf 87' lang='lat' dir='ltr'><strong>tamen</strong></span> <span class='ocrx_word' id='word_1_24' title='bbox 1152 1604 1459 1671; x_wconf 90' lang='lat' dir='ltr'><strong>temporum</strong></span> <span class='ocrx_word' id='word_1_25' title='bbox 1518 1598 1805 1674; x_wconf 79' lang='lat' dir='ltr'><strong>iniquitate</strong></span> <span class='ocrx_word' id='word_1_26' title='bbox 1860 1602 2176 1660; x_wconf 81' lang='lat' dir='ltr'><strong>foedissime</strong></span> 
     </span>
     <span class='ocr_line' id='line_1_5' title="bbox 211 1681 2177 1756; baseline 0.001 -13"><span class='ocrx_word' id='word_1_27' title='bbox 211 1689 477 1746; x_wconf 83' lang='lat' dir='ltr'><strong>turbatus</strong></span> <span class='ocrx_word' id='word_1_28' title='bbox 516 1691 623 1741; x_wconf 89' lang='lat' dir='ltr'><strong>est.</strong></span> <span class='ocrx_word' id='word_1_29' title='bbox 666 1700 790 1740; x_wconf 89' lang='lat' dir='ltr'><strong>nam</strong></span> <span class='ocrx_word' id='word_1_30' title='bbox 831 1699 943 1740; x_wconf 84' lang='lat' dir='ltr'><strong>non</strong></span> <span class='ocrx_word' id='word_1_31' title='bbox 987 1683 1165 1740; x_wconf 88' lang='lat' dir='ltr'><strong>solum</strong></span> <span class='ocrx_word' id='word_1_32' title='bbox 1197 1683 1414 1756; x_wconf 90' lang='lat' dir='ltr'><strong>singula</strong></span> <span class='ocrx_word' id='word_1_33' title='bbox 1443 1681 1611 1740; x_wconf 86' lang='lat' dir='ltr'><strong>uerba</strong></span> <span class='ocrx_word' id='word_1_34' title='bbox 1642 1693 1742 1742; x_wconf 82' lang='lat' dir='ltr'><strong>aut</strong></span> <span class='ocrx_word' id='word_1_35' title='bbox 1769 1690 2074 1745; x_wconf 85' lang='lat' dir='ltr'><strong>sententiae</strong></span> <span class='ocrx_word' id='word_1_36' title='bbox 2103 1691 2177 1745; x_wconf 84' lang='lat' dir='ltr'><strong>ita</strong></span> 
     </span>
     <span class='ocr_line' id='line_1_6' title="bbox 214 1767 2176 1847; baseline -0.001 -17"><span class='ocrx_word' id='word_1_37' title='bbox 214 1780 527 1847; x_wconf 76' lang='lat' dir='ltr'><strong>corruptae</strong></span> <span class='ocrx_word' id='word_1_38' title='bbox 552 1776 685 1826; x_wconf 91' lang='lat' dir='ltr'><strong>sunt</strong></span> <span class='ocrx_word' id='word_1_39' title='bbox 714 1775 777 1824; x_wconf 88' lang='lat' dir='ltr'><strong>ut</strong></span> <span class='ocrx_word' id='word_1_40' title='bbox 808 1767 873 1824; x_wconf 89' lang='lat' dir='ltr'><strong>de</strong></span> <span class='ocrx_word' id='word_1_41' title='bbox 903 1768 1113 1825; x_wconf 87' lang='lat' dir='ltr'><strong>medela</strong></span> <span class='ocrx_word' id='word_1_42' title='bbox 1146 1783 1308 1840; x_wconf 83' lang='lat' dir='ltr'><strong>saepe</strong></span> <span class='ocrx_word' id='word_1_43' title='bbox 1337 1784 1510 1842; x_wconf 88' lang='lat' dir='ltr'><strong>paene</strong></span> <span class='ocrx_word' id='word_1_44' title='bbox 1539 1770 1935 1844; x_wconf 87' lang='lat' dir='ltr'><strong>desperandum</strong></span> <span class='ocrx_word' id='word_1_45' title='bbox 1961 1772 2048 1836; x_wconf 88' lang='lat' dir='ltr'><strong>sit,</strong></span> <span class='ocrx_word' id='word_1_46' title='bbox 2081 1775 2176 1829; x_wconf 89' lang='lat' dir='ltr'><strong>sed</strong></span> 
     </span>
     <span class='ocr_line' id='line_1_7' title="bbox 212 1847 2177 1928; baseline -0.001 -14"><span class='ocrx_word' id='word_1_47' title='bbox 212 1861 378 1914; x_wconf 84' lang='lat' dir='ltr'><strong>etiam</strong></span> <span class='ocrx_word' id='word_1_48' title='bbox 415 1857 531 1915; x_wconf 84' lang='lat' dir='ltr'><strong>toti</strong></span> <span class='ocrx_word' id='word_1_49' title='bbox 558 1851 949 1928; x_wconf 81' lang='lat' dir='ltr'><strong>quaterniones</strong></span> <span class='ocrx_word' id='word_1_50' title='bbox 982 1851 1226 1926; x_wconf 83' lang='lat' dir='ltr'><strong>foliaque</strong></span> <span class='ocrx_word' id='word_1_51' title='bbox 1258 1847 1362 1910; x_wconf 88' lang='lat' dir='ltr'><strong>alia</strong></span> <span class='ocrx_word' id='word_1_52' title='bbox 1393 1854 1610 1921; x_wconf 88' lang='lat' dir='ltr'><strong>omissa,</strong></span> <span class='ocrx_word' id='word_1_53' title='bbox 1651 1854 1756 1912; x_wconf 85' lang='lat' dir='ltr'><strong>alia</strong></span> <span class='ocrx_word' id='word_1_54' title='bbox 1785 1855 1930 1912; x_wconf 89' lang='lat' dir='ltr'><strong>inter</strong></span> <span class='ocrx_word' id='word_1_55' title='bbox 1960 1875 2020 1913; x_wconf 88' lang='lat' dir='ltr'><strong>se</strong></span> <span class='ocrx_word' id='word_1_56' title='bbox 2049 1876 2177 1916; x_wconf 89' lang='lat' dir='ltr'><strong>con-</strong></span> 
     </span>
     <span class='ocr_line' id='line_1_8' title="bbox 212 1937 2175 2012; baseline 0 -14"><span class='ocrx_word' id='word_1_57' title='bbox 212 1949 430 1998; x_wconf 84' lang='lat' dir='ltr'><strong>mutata</strong></span> <span class='ocrx_word' id='word_1_58' title='bbox 463 1941 725 2012; x_wconf 81' lang='lat' dir='ltr'><strong>falsoque</strong></span> <span class='ocrx_word' id='word_1_59' title='bbox 755 1937 878 1996; x_wconf 88' lang='lat' dir='ltr'><strong>loco</strong></span> <span class='ocrx_word' id='word_1_60' title='bbox 911 1940 1091 2012; x_wconf 89' lang='lat' dir='ltr'><strong>posita</strong></span> <span class='ocrx_word' id='word_1_61' title='bbox 1124 1946 1270 1998; x_wconf 88' lang='lat' dir='ltr'><strong>sunt.</strong></span> <span class='ocrx_word' id='word_1_62' title='bbox 1305 1940 1378 1994; x_wconf 85' lang='lat' dir='ltr'><strong>ita</strong></span> <span class='ocrx_word' id='word_1_63' title='bbox 1408 1939 1612 1997; x_wconf 81' lang='lat' dir='ltr'><strong>factum</strong></span> <span class='ocrx_word' id='word_1_64' title='bbox 1637 1947 1740 2006; x_wconf 89' lang='lat' dir='ltr'><strong>est,</strong></span> <span class='ocrx_word' id='word_1_65' title='bbox 1777 1948 1837 1996; x_wconf 89' lang='lat' dir='ltr'><strong>ut</strong></span> <span class='ocrx_word' id='word_1_66' title='bbox 1859 1959 2053 1998; x_wconf 88' lang='lat' dir='ltr'><strong>eorum</strong></span> <span class='ocrx_word' id='word_1_67' title='bbox 2075 1946 2175 2002; x_wconf 88' lang='lat' dir='ltr'><strong>im-</strong></span> 
     </span>
     <span class='ocr_line' id='line_1_9' title="bbox 208 2021 2176 2121; baseline -0.001 -36"><span class='ocrx_word' id='word_1_68' title='bbox 208 2034 551 2121; x_wconf 76' lang='lat' dir='ltr'><strong>peratorum</strong></span> <span class='ocrx_word' id='word_1_69' title='bbox 595 2023 736 2079; x_wconf 83' lang='lat' dir='ltr'><strong>vitae</strong></span> <span class='ocrx_word' id='word_1_70' title='bbox 781 2023 875 2096; x_wconf 89' lang='lat' dir='ltr'><strong>qui</strong></span> <span class='ocrx_word' id='word_1_71' title='bbox 918 2042 949 2080; x_wconf 91' lang='lat' dir='ltr'><strong>a</strong></span> <span class='ocrx_word' id='word_1_72' title='bbox 990 2021 1262 2080; x_wconf 82' lang='lat' dir='ltr'><strong>Gordiano</strong></span> <span class='ocrx_word' id='word_1_73' title='bbox 1318 2024 1483 2081; x_wconf 85' lang='lat' dir='ltr'><strong>tertio</strong></span> <span class='ocrx_word' id='word_1_74' title='bbox 1531 2041 1707 2098; x_wconf 88' lang='lat' dir='ltr'><strong>usque</strong></span> <span class='ocrx_word' id='word_1_75' title='bbox 1751 2026 1816 2081; x_wconf 88' lang='lat' dir='ltr'><strong>ad</strong></span> <span class='ocrx_word' id='word_1_76' title='bbox 1857 2025 2176 2085; x_wconf 78' lang='lat' dir='ltr'><strong>Valerianos</strong></span> 
     </span>
     <span class='ocr_line' id='line_1_10' title="bbox 208 2108 2176 2186; baseline 0.001 -20"><span class='ocrx_word' id='word_1_77' title='bbox 208 2111 517 2186; x_wconf 87' lang='lat' dir='ltr'><strong>imperium</strong></span> <span class='ocrx_word' id='word_1_78' title='bbox 544 2108 910 2166; x_wconf 85' lang='lat' dir='ltr'><strong>obtinuerunt</strong></span> <span class='ocrx_word' id='word_1_79' title='bbox 942 2115 1089 2164; x_wconf 87' lang='lat' dir='ltr'><strong>totae</strong></span> <span class='ocrx_word' id='word_1_80' title='bbox 1120 2125 1244 2164; x_wconf 87' lang='lat' dir='ltr'><strong>cum</strong></span> <span class='ocrx_word' id='word_1_81' title='bbox 1274 2108 1466 2182; x_wconf 85' lang='lat' dir='ltr'><strong>primis</strong></span> <span class='ocrx_word' id='word_1_82' title='bbox 1495 2109 1742 2182; x_wconf 88' lang='lat' dir='ltr'><strong>ipsorum</strong></span> <span class='ocrx_word' id='word_1_83' title='bbox 1769 2110 2176 2168; x_wconf 88' lang='lat' dir='ltr'><strong>Valerianorum</strong></span> 
     </span>
     <span class='ocr_line' id='line_1_11' title="bbox 206 2192 2178 2287; baseline 0 -33"><span class='ocrx_word' id='word_1_84' title='bbox 206 2196 497 2272; x_wconf 77' lang='lat' dir='ltr'><strong>capitibus</strong></span> <span class='ocrx_word' id='word_1_85' title='bbox 541 2195 802 2287; x_wconf 80' lang='lat' dir='ltr'><strong>perirent,</strong></span> <span class='ocrx_word' id='word_1_86' title='bbox 848 2193 905 2248; x_wconf 89' lang='lat' dir='ltr'><strong>in</strong></span> <span class='ocrx_word' id='word_1_87' title='bbox 945 2192 1027 2248; x_wconf 92' lang='lat' dir='ltr'><strong>eis</strong></span> <span class='ocrx_word' id='word_1_88' title='bbox 1068 2201 1249 2249; x_wconf 85' lang='lat' dir='ltr'><strong>autern</strong></span> <span class='ocrx_word' id='word_1_89' title='bbox 1279 2194 1412 2249; x_wconf 90' lang='lat' dir='ltr'><strong>uitis</strong></span> <span class='ocrx_word' id='word_1_90' title='bbox 1444 2209 1582 2266; x_wconf 83' lang='lat' dir='ltr'><strong>quae</strong></span> <span class='ocrx_word' id='word_1_91' title='bbox 1615 2202 1875 2252; x_wconf 88' lang='lat' dir='ltr'><strong>secuntur</strong></span> <span class='ocrx_word' id='word_1_92' title='bbox 1904 2205 2178 2254; x_wconf 75' lang='lat' dir='ltr'><strong>extremae</strong></span> 
     </span>
     <span class='ocr_line' id='line_1_12' title="bbox 207 2276 2176 2353; baseline 0 -16"><span class='ocrx_word' id='word_1_93' title='bbox 207 2283 361 2338; x_wconf 84' lang='lat' dir='ltr'><strong>uitae</strong></span> <span class='ocrx_word' id='word_1_94' title='bbox 406 2277 691 2335; x_wconf 83' lang='lat' dir='ltr'><strong>Valeriani</strong></span> <span class='ocrx_word' id='word_1_95' title='bbox 733 2276 975 2334; x_wconf 83' lang='lat' dir='ltr'><strong>iunioris.</strong></span> <span class='ocrx_word' id='word_1_96' title='bbox 1018 2277 1230 2350; x_wconf 77' lang='lat' dir='ltr'><strong>aliquot</strong></span> <span class='ocrx_word' id='word_1_97' title='bbox 1273 2276 1520 2340; x_wconf 85' lang='lat' dir='ltr'><strong>litterae,</strong></span> <span class='ocrx_word' id='word_1_98' title='bbox 1565 2279 1832 2352; x_wconf 77' lang='lat' dir='ltr'><strong>plurimae</strong></span> <span class='ocrx_word' id='word_1_99' title='bbox 1872 2283 2176 2353; x_wconf 67' lang='lat' dir='ltr'><strong>primorum</strong></span> 
     </span>
     <span class='ocr_line' id='line_1_13' title="bbox 210 2361 2027 2440; baseline -0.001 -18"><span class='ocrx_word' id='word_1_100' title='bbox 210 2367 465 2440; x_wconf 87' lang='lat' dir='ltr'><strong>capitum</strong></span> <span class='ocrx_word' id='word_1_101' title='bbox 500 2361 873 2419; x_wconf 86' lang='lat' dir='ltr'><strong>Gallienorum</strong></span> <span class='ocrx_word' id='word_1_102' title='bbox 902 2362 1149 2424; x_wconf 81' lang='lat' dir='ltr'><strong>detritae,</strong></span> <span class='ocrx_word' id='word_1_103' title='bbox 1182 2370 1245 2418; x_wconf 92' lang='lat' dir='ltr'><strong>ut</strong></span> <span class='ocrx_word' id='word_1_104' title='bbox 1275 2362 1510 2426; x_wconf 87' lang='lat' dir='ltr'><strong>uidetur,</strong></span> <span class='ocrx_word' id='word_1_105' title='bbox 1544 2373 1950 2421; x_wconf 82' lang='lat' dir='ltr'><strong>euanescerent.</strong></span> <span class='ocrx_word' id='word_1_106' title='bbox 2025 2425 2027 2428; x_wconf 11' lang='grc' dir='ltr'><em>Α</em></span> 
     </span>
    </p>

    <p class='ocr_par' dir='ltr' id='par_1_3' title="bbox 207 2446 2181 3032">
     <span class='ocr_line' id='line_1_14' title="bbox 295 2446 2175 2522; baseline 0.001 -16"><span class='ocrx_word' id='word_1_107' title='bbox 295 2451 405 2509; x_wconf 56' lang='lat' dir='ltr'><strong>“In</strong></span> <span class='ocrx_word' id='word_1_108' title='bbox 442 2446 653 2522; x_wconf 85' lang='lat' dir='ltr'><strong>quibus</strong></span> <span class='ocrx_word' id='word_1_109' title='bbox 696 2447 1017 2520; x_wconf 82' lang='lat' dir='ltr'><strong>fragmentis</strong></span> <span class='ocrx_word' id='word_1_110' title='bbox 1063 2447 1422 2521; x_wconf 75' lang='lat' dir='ltr'><strong>depingendis</strong></span> <span class='ocrx_word' id='word_1_111' title='bbox 1453 2448 1544 2504; x_wconf 88' lang='lat' dir='ltr'><strong>alii</strong></span> <span class='ocrx_word' id='word_1_112' title='bbox 1573 2447 1784 2506; x_wconf 84' lang='lat' dir='ltr'><strong>librarii</strong></span> <span class='ocrx_word' id='word_1_113' title='bbox 1815 2468 2022 2507; x_wconf 89' lang='lat' dir='ltr'><strong>summa</strong></span> <span class='ocrx_word' id='word_1_114' title='bbox 2055 2452 2175 2507; x_wconf 86' lang='lat' dir='ltr'><strong>dili-</strong></span> 
     </span>
     <span class='ocr_line' id='line_1_15' title="bbox 209 2531 2177 2609; baseline 0.001 -19"><span class='ocrx_word' id='word_1_115' title='bbox 209 2536 404 2608; x_wconf 88' lang='lat' dir='ltr'><strong>gentia</strong></span> <span class='ocrx_word' id='word_1_116' title='bbox 435 2531 533 2589; x_wconf 87' lang='lat' dir='ltr'><strong>usi</strong></span> <span class='ocrx_word' id='word_1_117' title='bbox 566 2540 712 2594; x_wconf 90' lang='lat' dir='ltr'><strong>sunt,</strong></span> <span class='ocrx_word' id='word_1_118' title='bbox 744 2531 821 2588; x_wconf 85' lang='lat' dir='ltr'><strong>ita</strong></span> <span class='ocrx_word' id='word_1_119' title='bbox 850 2539 913 2588; x_wconf 89' lang='lat' dir='ltr'><strong>ut</strong></span> <span class='ocrx_word' id='word_1_120' title='bbox 938 2532 1350 2588; x_wconf 81' lang='lat' dir='ltr'><strong>accuratissime</strong></span> <span class='ocrx_word' id='word_1_121' title='bbox 1377 2532 1468 2588; x_wconf 88' lang='lat' dir='ltr'><strong>uel</strong></span> <span class='ocrx_word' id='word_1_122' title='bbox 1492 2536 1667 2606; x_wconf 88' lang='lat' dir='ltr'><strong>spatia</strong></span> <span class='ocrx_word' id='word_1_123' title='bbox 1693 2531 2004 2592; x_wconf 87' lang='lat' dir='ltr'><strong>litterarum</strong></span> <span class='ocrx_word' id='word_1_124' title='bbox 2038 2553 2177 2609; x_wconf 88' lang='lat' dir='ltr'><strong>quae</strong></span> 
     </span>
     <span class='ocr_line' id='line_1_16' title="bbox 214 2616 2176 2695; baseline -0.001 -19"><span class='ocrx_word' id='word_1_125' title='bbox 214 2619 443 2676; x_wconf 76' lang='lat' dir='ltr'><strong>deletae</strong></span> <span class='ocrx_word' id='word_1_126' title='bbox 478 2623 636 2672; x_wconf 86' lang='lat' dir='ltr'><strong>erant</strong></span> <span class='ocrx_word' id='word_1_127' title='bbox 666 2618 723 2672; x_wconf 87' lang='lat' dir='ltr'><strong>in</strong></span> <span class='ocrx_word' id='word_1_128' title='bbox 755 2616 1017 2690; x_wconf 83' lang='lat' dir='ltr'><strong>exemplis</strong></span> <span class='ocrx_word' id='word_1_129' title='bbox 1050 2619 1167 2673; x_wconf 89' lang='lat' dir='ltr'><strong>suis</strong></span> <span class='ocrx_word' id='word_1_130' title='bbox 1199 2616 1514 2679; x_wconf 84' lang='lat' dir='ltr'><strong>indicarent,</strong></span> <span class='ocrx_word' id='word_1_131' title='bbox 1541 2617 1631 2674; x_wconf 88' lang='lat' dir='ltr'><strong>alii</strong></span> <span class='ocrx_word' id='word_1_132' title='bbox 1653 2628 1716 2675; x_wconf 92' lang='lat' dir='ltr'><strong>ut</strong></span> <span class='ocrx_word' id='word_1_133' title='bbox 1744 2620 2176 2695; x_wconf 89' lang='lat' dir='ltr'><strong>qualemcunque</strong></span> 
     </span>
     <span class='ocr_line' id='line_1_17' title="bbox 212 2699 2178 2764; baseline -0.001 -2"><span class='ocrx_word' id='word_1_134' title='bbox 212 2703 503 2762; x_wconf 84' lang='lat' dir='ltr'><strong>orationis</strong></span> <span class='ocrx_word' id='word_1_135' title='bbox 534 2710 781 2757; x_wconf 89' lang='lat' dir='ltr'><strong>tenorem</strong></span> <span class='ocrx_word' id='word_1_136' title='bbox 812 2699 1107 2764; x_wconf 79' lang='lat' dir='ltr'><strong>efficerent,</strong></span> <span class='ocrx_word' id='word_1_137' title='bbox 1140 2701 1368 2758; x_wconf 85' lang='lat' dir='ltr'><strong>arbitrio</strong></span> <span class='ocrx_word' id='word_1_138' title='bbox 1397 2720 1498 2760; x_wconf 89' lang='lat' dir='ltr'><strong>suo</strong></span> <span class='ocrx_word' id='word_1_139' title='bbox 1529 2711 1625 2759; x_wconf 89' lang='lat' dir='ltr'><strong>aut</strong></span> <span class='ocrx_word' id='word_1_140' title='bbox 1655 2703 1979 2761; x_wconf 87' lang='lat' dir='ltr'><strong>addiderunt</strong></span> <span class='ocrx_word' id='word_1_141' title='bbox 2007 2705 2178 2762; x_wconf 80' lang='lat' dir='ltr'><strong>uerba</strong></span> 
     </span>
     <span class='ocr_line' id='line_1_18' title="bbox 208 2781 2181 2864; baseline -0.001 -18"><span class='ocrx_word' id='word_1_142' title='bbox 208 2797 307 2846; x_wconf 91' lang='lat' dir='ltr'><strong>aut</strong></span> <span class='ocrx_word' id='word_1_143' title='bbox 358 2786 703 2862; x_wconf 79' lang='lat' dir='ltr'><strong>omiserunt,</strong></span> <span class='ocrx_word' id='word_1_144' title='bbox 753 2787 799 2842; x_wconf 89' lang='lat' dir='ltr'><strong>si</strong></span> <span class='ocrx_word' id='word_1_145' title='bbox 831 2802 969 2860; x_wconf 87' lang='lat' dir='ltr'><strong>quae</strong></span> <span class='ocrx_word' id='word_1_146' title='bbox 1010 2788 1185 2860; x_wconf 90' lang='lat' dir='ltr'><strong>primo</strong></span> <span class='ocrx_word' id='word_1_147' title='bbox 1230 2787 1430 2844; x_wconf 84' lang='lat' dir='ltr'><strong>obtutu</strong></span> <span class='ocrx_word' id='word_1_148' title='bbox 1460 2787 1781 2864; x_wconf 83' lang='lat' dir='ltr'><strong>intellegere</strong></span> <span class='ocrx_word' id='word_1_149' title='bbox 1811 2807 1920 2844; x_wconf 90' lang='lat' dir='ltr'><strong>non</strong></span> <span class='ocrx_word' id='word_1_150' title='bbox 1949 2781 2181 2862; x_wconf 86' lang='lat' dir='ltr'><strong>possent</strong></span> 
     </span>
     <span class='ocr_line' id='line_1_19' title="bbox 207 2871 2176 2946; baseline 0 -16"><span class='ocrx_word' id='word_1_151' title='bbox 207 2874 301 2930; x_wconf 90' lang='lat' dir='ltr'><strong>uel</strong></span> <span class='ocrx_word' id='word_1_152' title='bbox 332 2888 474 2930; x_wconf 87' lang='lat' dir='ltr'><strong>cum</strong></span> <span class='ocrx_word' id='word_1_153' title='bbox 518 2887 583 2926; x_wconf 87' lang='lat' dir='ltr'><strong>ea</strong></span> <span class='ocrx_word' id='word_1_154' title='bbox 621 2872 893 2928; x_wconf 87' lang='lat' dir='ltr'><strong>sententia</strong></span> <span class='ocrx_word' id='word_1_155' title='bbox 935 2887 1095 2944; x_wconf 76' lang='lat' dir='ltr'><strong>(luam</strong></span> <span class='ocrx_word' id='word_1_156' title='bbox 1138 2871 1245 2946; x_wconf 89' lang='lat' dir='ltr'><strong>ipsi</strong></span> <span class='ocrx_word' id='word_1_157' title='bbox 1285 2871 1539 2930; x_wconf 87' lang='lat' dir='ltr'><strong>elicuisse</strong></span> <span class='ocrx_word' id='word_1_158' title='bbox 1587 2873 1691 2930; x_wconf 83' lang='lat' dir='ltr'><strong>sibi</strong></span> <span class='ocrx_word' id='word_1_159' title='bbox 1721 2873 1828 2930; x_wconf 87' lang='lat' dir='ltr'><strong>uisi</strong></span> <span class='ocrx_word' id='word_1_160' title='bbox 1859 2881 2014 2929; x_wconf 82' lang='lat' dir='ltr'><strong>erant</strong></span> <span class='ocrx_word' id='word_1_161' title='bbox 2064 2892 2176 2932; x_wconf 89' lang='lat' dir='ltr'><strong>non</strong></span> 
     </span>
     <span class='ocr_line' id='line_1_20' title="bbox 213 2962 963 3032; baseline -0.008 -17"><span class='ocrx_word' id='word_1_162' title='bbox 213 2971 545 3032; x_wconf 85' lang='lat' dir='ltr'><strong>congruere</strong></span> <span class='ocrx_word' id='word_1_163' title='bbox 576 2962 856 3029; x_wconf 87' lang='lat' dir='ltr'><strong>putarent.</strong></span> <span class='ocrx_word' id='word_1_164' title='bbox 956 3013 963 3016; x_wconf 58' lang='grc'>,</span> 
     </span>
    </p>

    <p class='ocr_par' dir='ltr' id='par_1_4' title="bbox 214 3039 2223 3627">
     <span class='ocr_line' id='line_1_21' title="bbox 348 3039 2176 3116; baseline 0.002 -18"><span class='ocrx_word' id='word_1_165' title='bbox 348 3041 495 3098; x_wconf 89' lang='lat' dir='ltr'><strong>Cum</strong></span> <span class='ocrx_word' id='word_1_166' title='bbox 540 3047 723 3096; x_wconf 87' lang='lat' dir='ltr'><strong>autem</strong></span> <span class='ocrx_word' id='word_1_167' title='bbox 764 3039 973 3097; x_wconf 84' lang='lat' dir='ltr'><strong>librarii</strong></span> <span class='ocrx_word' id='word_1_168' title='bbox 1014 3057 1128 3097; x_wconf 81' lang='lat' dir='ltr'><strong>non</strong></span> <span class='ocrx_word' id='word_1_169' title='bbox 1170 3039 1350 3098; x_wconf 87' lang='lat' dir='ltr'><strong>solum</strong></span> <span class='ocrx_word' id='word_1_170' title='bbox 1391 3045 1445 3098; x_wconf 91' lang='lat' dir='ltr'><strong>in</strong></span> <span class='ocrx_word' id='word_1_171' title='bbox 1489 3043 1574 3098; x_wconf 90' lang='lat' dir='ltr'><strong>his</strong></span> <span class='ocrx_word' id='word_1_172' title='bbox 1618 3039 1942 3116; x_wconf 80' lang='lat' dir='ltr'><strong>fragmentis</strong></span> <span class='ocrx_word' id='word_1_173' title='bbox 1984 3061 2176 3103; x_wconf 88' lang='lat' dir='ltr'><strong>uerum</strong></span> 
     </span>
     <span class='ocr_line' id='line_1_22' title="bbox 214 3124 2174 3204; baseline 0.001 -19"><span class='ocrx_word' id='word_1_174' title='bbox 214 3129 394 3184; x_wconf 83' lang='lat' dir='ltr'><strong>etiam</strong></span> <span class='ocrx_word' id='word_1_175' title='bbox 436 3125 496 3181; x_wconf 88' lang='lat' dir='ltr'><strong>in</strong></span> <span class='ocrx_word' id='word_1_176' title='bbox 537 3124 761 3182; x_wconf 86' lang='lat' dir='ltr'><strong>relicuis</strong></span> <span class='ocrx_word' id='word_1_177' title='bbox 802 3128 1051 3182; x_wconf 86' lang='lat' dir='ltr'><strong>uitarum</strong></span> <span class='ocrx_word' id='word_1_178' title='bbox 1082 3125 1331 3200; x_wconf 88' lang='lat' dir='ltr'><strong>partibus</strong></span> <span class='ocrx_word' id='word_1_179' title='bbox 1374 3128 1432 3182; x_wconf 88' lang='lat' dir='ltr'><strong>in</strong></span> <span class='ocrx_word' id='word_1_180' title='bbox 1475 3128 1832 3184; x_wconf 81' lang='lat' dir='ltr'><strong>describendo</strong></span> <span class='ocrx_word' id='word_1_181' title='bbox 1875 3131 2174 3204; x_wconf 85' lang='lat' dir='ltr'><strong>archetypo</strong></span> 
     </span>
     <span class='ocr_line' id='line_1_23' title="bbox 214 3210 2178 3286; baseline 0.001 -18"><span class='ocrx_word' id='word_1_182' title='bbox 214 3219 318 3269; x_wconf 91' lang='lat' dir='ltr'><strong>aut</strong></span> <span class='ocrx_word' id='word_1_183' title='bbox 364 3217 622 3268; x_wconf 83' lang='lat' dir='ltr'><strong>accurate</strong></span> <span class='ocrx_word' id='word_1_184' title='bbox 665 3220 721 3266; x_wconf 88' lang='lat' dir='ltr'><strong>et</strong></span> <span class='ocrx_word' id='word_1_185' title='bbox 764 3210 1025 3284; x_wconf 80' lang='lat' dir='ltr'><strong>religiose</strong></span> <span class='ocrx_word' id='word_1_186' title='bbox 1070 3220 1427 3268; x_wconf 86' lang='lat' dir='ltr'><strong>uersarentur</strong></span> <span class='ocrx_word' id='word_1_187' title='bbox 1465 3222 1560 3268; x_wconf 89' lang='lat' dir='ltr'><strong>aut</strong></span> <span class='ocrx_word' id='word_1_188' title='bbox 1588 3213 1824 3286; x_wconf 88' lang='lat' dir='ltr'><strong>ingeniis</strong></span> <span class='ocrx_word' id='word_1_189' title='bbox 1855 3216 1970 3271; x_wconf 90' lang='lat' dir='ltr'><strong>suis</strong></span> <span class='ocrx_word' id='word_1_190' title='bbox 1999 3215 2178 3271; x_wconf 89' lang='lat' dir='ltr'><strong>indul-</strong></span> 
     </span>
     <span class='ocr_line' id='line_1_24' title="bbox 218 3295 2173 3372; baseline 0.005 -21"><span class='ocrx_word' id='word_1_191' title='bbox 218 3304 459 3370; x_wconf 86' lang='lat' dir='ltr'><strong>gerent,</strong></span> <span class='ocrx_word' id='word_1_192' title='bbox 505 3295 643 3352; x_wconf 89' lang='lat' dir='ltr'><strong>duae</strong></span> <span class='ocrx_word' id='word_1_193' title='bbox 690 3298 1021 3352; x_wconf 83' lang='lat' dir='ltr'><strong>exstiterunt</strong></span> <span class='ocrx_word' id='word_1_194' title='bbox 1060 3295 1331 3353; x_wconf 88' lang='lat' dir='ltr'><strong>librorum</strong></span> <span class='ocrx_word' id='word_1_195' title='bbox 1373 3313 1534 3354; x_wconf 88' lang='lat' dir='ltr'><strong>manu</strong></span> <span class='ocrx_word' id='word_1_196' title='bbox 1578 3297 1910 3372; x_wconf 88' lang='lat' dir='ltr'><strong>scriptorum</strong></span> <span class='ocrx_word' id='word_1_197' title='bbox 1953 3299 2173 3360; x_wconf 82' lang='lat' dir='ltr'><strong>classes,</strong></span> 
     </span>
     <span class='ocr_line' id='line_1_25' title="bbox 218 3377 2178 3456; baseline 0.002 -19"><span class='ocrx_word' id='word_1_198' title='bbox 218 3382 404 3438; x_wconf 86' lang='lat' dir='ltr'><strong>altera</strong></span> <span class='ocrx_word' id='word_1_199' title='bbox 436 3381 803 3454; x_wconf 79' lang='lat' dir='ltr'><strong>genuinorum</strong></span> <span class='ocrx_word' id='word_1_200' title='bbox 828 3377 1117 3453; x_wconf 87' lang='lat' dir='ltr'><strong>(litteraH</strong></span> <span class='ocrx_word' id='word_1_201' title='bbox 1136 3380 1342 3437; x_wconf 87' lang='lat' dir='ltr'><strong>anobis</strong></span> <span class='ocrx_word' id='word_1_202' title='bbox 1363 3381 1654 3454; x_wconf 85' lang='lat' dir='ltr'><strong>distincta),</strong></span> <span class='ocrx_word' id='word_1_203' title='bbox 1687 3383 1853 3438; x_wconf 88' lang='lat' dir='ltr'><strong>altera</strong></span> <span class='ocrx_word' id='word_1_204' title='bbox 1880 3385 2178 3456; x_wconf 85' lang='lat' dir='ltr'><strong>interpola-</strong></span> 
     </span>
     <span class='ocr_line' id='line_1_26' title="bbox 222 3459 2174 3538; baseline 0.001 -17"><span class='ocrx_word' id='word_1_205' title='bbox 222 3474 421 3522; x_wconf 86' lang='lat' dir='ltr'><strong>torum</strong></span> <span class='ocrx_word' id='word_1_206' title='bbox 464 3463 587 3538; x_wconf 82' lang='grc' dir='ltr'>(Σ),</span> <span class='ocrx_word' id='word_1_207' title='bbox 630 3482 693 3520; x_wconf 84' lang='lat' dir='ltr'><strong>ex</strong></span> <span class='ocrx_word' id='word_1_208' title='bbox 736 3464 935 3538; x_wconf 88' lang='lat' dir='ltr'><strong>quibus</strong></span> <span class='ocrx_word' id='word_1_209' title='bbox 978 3465 1187 3523; x_wconf 86' lang='lat' dir='ltr'><strong>duabus</strong></span> <span class='ocrx_word' id='word_1_210' title='bbox 1214 3459 1502 3524; x_wconf 55' lang='lat' dir='ltr'><strong>⁴elassibus</strong></span> <span class='ocrx_word' id='word_1_211' title='bbox 1545 3476 1666 3524; x_wconf 88' lang='lat' dir='ltr'><strong>orta</strong></span> <span class='ocrx_word' id='word_1_212' title='bbox 1709 3476 1795 3523; x_wconf 86' lang='lat' dir='ltr'><strong>est</strong></span> <span class='ocrx_word' id='word_1_213' title='bbox 1838 3468 2001 3522; x_wconf 88' lang='lat' dir='ltr'><strong>tertia</strong></span> <span class='ocrx_word' id='word_1_214' title='bbox 2044 3467 2174 3538; x_wconf 80' lang='grc' dir='ltr'><strong>(Ψ),</strong></span> 
     </span>
     <span class='ocr_line' id='line_1_27' title="bbox 222 3549 2223 3627; baseline -0.001 -21"><span class='ocrx_word' id='word_1_215' title='bbox 222 3567 377 3625; x_wconf 88' lang='lat' dir='ltr'><strong>quae</strong></span> <span class='ocrx_word' id='word_1_216' title='bbox 421 3552 593 3627; x_wconf 60' lang='lat' dir='ltr'><strong>quasi&gt;</strong></span> <span class='ocrx_word' id='word_1_217' title='bbox 621 3549 861 3608; x_wconf 86' lang='lat' dir='ltr'><strong>medium</strong></span> <span class='ocrx_word' id='word_1_218' title='bbox 892 3552 1035 3607; x_wconf 88' lang='lat' dir='ltr'><strong>inter</strong></span> <span class='ocrx_word' id='word_1_219' title='bbox 1067 3549 1187 3608; x_wconf 88' lang='lat' dir='ltr'><strong>illas</strong></span> <span class='ocrx_word' id='word_1_220' title='bbox 1218 3549 1433 3611; x_wconf 87' lang='lat' dir='ltr'><strong>obtinet</strong></span> <span class='ocrx_word' id='word_1_221' title='bbox 1472 3551 1672 3615; x_wconf 87' lang='lat' dir='ltr'><strong>locum,</strong></span> <span class='ocrx_word' id='word_1_222' title='bbox 1715 3569 1838 3609; x_wconf 85' lang='lat' dir='ltr'><strong>eum</strong></span> <span class='ocrx_word' id='word_1_223' title='bbox 1868 3551 2084 3608; x_wconf 85' lang='lat' dir='ltr'><strong>fluxerit</strong></span> <span class='ocrx_word' id='word_1_224' title='bbox 2114 3567 2175 3604; x_wconf 88' lang='lat' dir='ltr'><strong>ex</strong></span> <span class='ocrx_word' id='word_1_225' title='bbox 2218 3590 2223 3597; x_wconf 91' lang='lat'>.</span> 
     </span>
    </p>
   </div>
  </div>
 </body>
</html>
