2517 3884
338 183 501 240 XXVI
1118 182 1512 240 PRAEFATIO.

341 320 590 383 maxima,
622 319 903 392 eleganter
935 320 1192 392 scriptu3‚
1226 335 1338 376 sec.
1355 319 1462 376 XV.
1502 318 1561 374 In
1592 321 1769 393 primo
1803 319 1936 376 solio
1969 327 2121 376 recto
2154 321 2294 378 haec

339 412 504 461 sunt:
554 404 664 467 „Ex
704 404 985 462 codicibus
1015 403 1233 460 Ioannis
1263 403 1456 478 Angeli
1493 402 1646 461 ducis
1679 404 1746 461 ab
1776 404 2078 478 AlcaempS.
2139 405 2284 461 Helii

336 489 621 564 spartiani
652 489 970 546 historiae.”
1042 489 1150 546 Inc.
1196 487 1374 552 „Helii
1405 488 1679 562 Spartiani
1709 489 2012 546 Hadrianus
2054 492 2292 564 impera·

336 584 437 631 tor
467 575 676 648 incipit.
741 575 962 646 Orig0.”
1021 572 1172 647 Expl.
1206 573 1544 637 „contendas
1573 573 1864 631 feliciter-’⁹
2069 568 2073 573 ’

473 662 559 715 20.
589 661 777 716 codex
797 651 1231 714 Laurentianus
1259 658 1399 732 plut.
1424 657 1580 714 LXIII
1609 676 1694 715 nr.
1720 661 1781 714 31
1816 659 2285 725 membranaceus,

345 760 453 801 sec.
476 743 583 812 XV,
609 743 755 801 clare
784 741 1003 817 ‘quidem
1035 742 1129 799 sed
1160 761 1282 801 cum
1313 741 1502 800 multis
1527 744 1808 802 erroribus
1831 746 2088 819 scriptus
2112 744 2290 802 forma

333 830 593 886 maxima.
653 829 793 886 Inc.:
826 828 1136 903 „Incipiunt
1164 829 1313 884 uitae
1343 828 1451 885 diu.
1483 846 1569 902 pr.
1602 838 1658 885 et
1688 836 1792 902 tyr.
1825 845 1855 884 a
1885 829 2121 885 diuersis
2151 847 2290 886 con-

345 913 531 988 posite
582 921 639 970 et
687 915 865 988 primo
918 913 1111 988 incipit
1162 916 1280 970 uita
1329 913 1442 969 diui
1493 913 1702 970 adriani
1741 913 1808 970 ab
1853 913 1959 970 elio
2003 915 2288 988 spartiano

332 999 569 1072 scripta.
634 998 854 1072 Origo.”
915 999 1101 1072 Expl.:
1134 998 1469 1062 „contendas
1499 999 1753 1055 feliciter.
1815 997 2002 1055 FINIS.
2063 998 2290 1056 Finiunt

334 1084 491 1140 -uitae
522 1083 571 1139 d.
603 1101 689 1157 pr.
723 1092 779 1139 et
810 1091 913 1156 tyr.
946 1101 977 1140 a
1006 1082 1134 1140 diuo
1167 1083 1389 1140 adriano
1420 1099 1596 1156 usque
1627 1084 1693 1140 ad
1723 1086 2117 1140 numerianum.

470 1168 631 1226 Liber
659 1168 808 1225 Petri
837 1169 906 1224 de
929 1166 1119 1225 Medici
1152 1186 1264 1225 cos.
1297 1167 1408 1224 fil?
1937 1187 1948 1198 ’

470 1253 659 1326 Longe
689 1270 825 1310 uero
857 1253 1093 1326 plurima
1123 1271 1188 1310 ex
1217 1253 1424 1309 familia
1456 1251 1516 1306 Σ
1539 1261 1760 1326 recepta
1791 1260 1920 1309 sunt
1950 1254 2006 1308 in

472 1341 555 1393 21.
586 1340 780 1394 codiee
833 1336 1105 1394 Vrbinate
1145 1356 1229 1394 nr.
1274 1341 1394 1392 414.
1449 1345 1532 1393 est
1584 1336 2050 1400 membranaceus,
2103 1337 2288 1394 forma

316 1469 318 1476 .
344 1422 590 1485 maxima,
624 1439 730 1478 sec.
756 1422 861 1484 XV,
888 1422 1171 1495 eleganter
1202 1425 1461 1496 scriptus.
1495 1423 1552 1478 in
1580 1424 1760 1496 primo
1793 1422 1930 1478 folio
1961 1438 2126 1478 uerso
2147 1423 2288 1480 haec

333 1514 587 1563 exstant:
642 1503 733 1570 „ln
764 1507 873 1563 hoc
902 1507 1089 1563 codice
1129 1506 1493 1578 continentur„
1525 1506 1661 1563 elius
1714 1510 2028 1582 spartianus
2071 1506 2287 1564 devuita

333 1607 593 1648 -cesarum
628 1584 775 1668 [cum
805 1597 1010 1662 postea
1052 1585 1330 1669 additum]
1366 1591 1732 1648 additionibus
1775 1592 2114 1666 quorundam
2147 1592 2286 1650 scri-

344 1677 623 1749 ptorum.”
683 1678 740 1731 in
771 1676 1008 1732 secundo
1041 1676 1225 1733 folio.:
1270 1676 1409 1741 „Elii
1453 1679 1716 1750 spartiani
1759 1676 1825 1732 de
1870 1677 1986 1734 uita
2017 1684 2072 1732 et
2114 1679 2286 1733 mori-

343 1760 448 1817 bus
512 1761 755 1817 hadriani
821 1761 1168 1834 imperatoris
1233 1763 1476 1818 narratio
1533 1761 1739 1836 incipit.
1839 1761 2062 1836 Origo.’'
2125 1761 2284 1836 Expl.

335 1844 681 1908 „contendas
724 1845 1012 1902 foeliciter.
1056 1845 1198 1902 finis,
1238 1845 1537 1920 expliciunt
1577 1849 1727 1903 uitae
1758 1846 2099 1903 diuersorum
2129 1847 2284 1920 prin-

336 1931 525 2004 cipum
556 1936 612 1986 et
654 1938 1012 2004 tyrannorum
1044 1947 1073 1986 a
1106 1930 1233 1986 diuo
1279 1931 1503 1988 adriano
1535 1949 1712 2004 usque
1745 1932 1810 1987 ad
1841 1931 2278 1988 numerianum.''

342 2014 625 2086 Originem
667 2022 849 2072 autem
892 2015 1045 2071 duxit
1084 2015 1246 2072 etiam
1277 2017 1395 2072 hice
1427 2015 1567 2072 liber
1595 2033 1662 2072 ex
1693 2016 1880 2074 codice
1915 2014 2150 2073 familiae
2191 2014 2282 2079 Ψ,

340 2116 466 2156 cum
496 2095 627 2156 item
658 2099 849 2157 falsam
880 2099 1027 2156 illam
1061 2103 1388 2175 scripturam
1417 2103 1475 2156 in
1505 2101 1607 2157 uit.
1636 2099 1786 2157 Alex.
1802 2104 1868 2156 43
1899 2117 2055 2164 „cum
2089 2108 2282 2173 optate

341 2184 627 2241 uenisset”
662 2184 939 2250 exhibeat;
975 2185 1071 2241 sed
1100 2203 1221 2242 cum
1254 2185 1312 2240 in
1342 2185 1464 2242 aliis
1497 2185 1614 2242 sola
1645 2185 1860 2259 singula
1881 2185 2052 2242 uerba
2072 2192 2280 2240 mutata

334 2271 468 2331 sint,
499 2271 556 2324 in
587 2271 692 2327 hoc
722 2271 883 2327 etiam
914 2287 976 2326 ea
1008 2288 1147 2344 quac
1175 2277 1307 2343 post
1328 2270 1613 2326 Maximum
1645 2279 1701 2326 et
1723 2270 2005 2326 Balbinum
2038 2269 2094 2325 in
2123 2268 2282 2326 libris

336 2353 706 2410 deterioribus
736 2357 1044 2412 intermissa
1075 2362 1219 2416 sunt,
1252 2354 1430 2409 addita
1463 2361 1606 2414 sunt,
1641 2353 1832 2410 deinde
1863 2355 1978 2409 uita
2011 2353 2282 2410 Valeriani

339 2439 419 2493 ita
463 2439 716 2513 suppleta
756 2439 1025 2514 capitibus
1069 2437 1420 2511 transpositis
1469 2446 1532 2492 ut
1571 2437 1628 2492 in
1669 2435 1778 2492 illis
1823 2436 1995 2499 libris,
2041 2436 2282 2511 denique

342 2523 551 2579 nomini
580 2523 870 2598 Lampridi,
904 2540 933 2578 a
966 2539 1073 2596 quo
1104 2521 1396 2578 Alexandri
1425 2524 1594 2578 uitam
1639 2524 1898 2595 scriptam
1932 2536 2054 2576 esse
2085 2522 2281 2578 melio·

339 2623 432 2664 res
464 2608 680 2666 codices
712 2615 1001 2669 testantur,
1046 2606 1207 2661 etiam
1240 2605 1526 2680 Spartiani,
1569 2607 1658 2662 cui
1701 2606 1756 2661 in
1787 2605 2154 2661 deterioribus
2187 2607 2283 2662 ad·

336 2691 551 2750 tributa
574 2699 674 2754 est,
694 2691 1026 2764 adscrIptum
1048 2697 1227 2752 est,ut
1256 2691 1390 2747 haec
1413 2692 1468 2744 in
1498 2689 1681 2746 fronte
1705 2690 1822 2746 eius
1855 2696 2097 2746 exstent:
2125 2694 2282 2754 „uita

334 2774 617 2834 alexandri
660 2777 842 2892 geueri
884 2775 976 2830 elii
1017 2773 1286 2847 lampridii
1331 2774 1590 2848 spartiani
1634 2774 1698 2830 ad
1743 2777 2151 2832 constantinum
2182 2793 2281 2833 au·

332 2853 657 2934 gustum.'’¹
687 2856 705 2932 )

482 3072 567 3137 16)
580 3061 673 3124 Ne
710 3075 827 3139 quis
861 3091 947 3126 me
974 3075 1306 3141 praeterisse
1343 3076 1703 3143 neglegentia
1731 3077 1978 3128 codicem
2007 3074 2282 3140 quendam

340 3140 720 3195 bibliothecae
743 3143 1051 3194 Vaticanae
1078 3145 1406 3210 suspicetur,
1436 3146 1496 3194 in
1521 3145 1807 3210 quo‚Aelii
1826 3143 2132 3208 Lampridii
2157 3158 2282 3193 ora-

337 3211 523 3260 tiones
560 3213 616 3260 et
650 3210 764 3260 alia
807 3212 1091 3275 opuscula’
1142 3213 1416 3265 contineri
1449 3211 1918 3262 Montefalconius
1988 3208 2279 3274 (biblioth.

340 3292 472 3331 mss.
498 3279 669 3328 tom.1
692 3279 879 3344 p.287)
907 3280 1061 3342 dicit,
1084 3295 1354 3342 mone-am,
1371 3281 1752 3344 Lampridium
1775 3295 1898 3330 esse
1923 3281 2142 3345 poetam
2167 3279 2284 3328 lau-

333 3349 571 3409 reatum,
618 3349 713 3411 qui
749 3348 993 3398 carmina
1026 3349 1178 3398 misit
1211 3349 1282 3398 ad
1317 3348 1576 3399 Gai-olum
1607 3349 1948 3398 Francorum
1979 3361 2182 3410 regem.
2213 3373 2280 3382 —-

341 3413 501 3463 Alius
540 3414 711 3465 codex
743 3417 1051 3466 Vaticanus
1087 3432 1169 3469 nr.
1195 3417 1332 3467 5114
1367 3431 1476 3467 sec.
1505 3415 1607 3467 XV
1642 3416 1804 3466 flores
1841 3414 2093 3465 continet
2127 3418 2184 3463 et
2211 3429 2281 3463 ex

339 3480 471 3530 aliis
498 3485 555 3531 et
580 3499 649 3532 ex
660 3471 828 3534 ‘hisce
854 3484 1217 3548 scriptoribus
1246 3484 1530 3544 collect08‚
1561 3485 1656 3546 qui
1678 3499 1802 3532 >cum
1823 3497 2131 3548 perpaucas
2153 3497 2281 3531 sen—

334 3550 548 3600 tentias
574 3553 863 3616 excerptas
892 3551 1193 3618 contineat,
1220 3554 1438 3602 omnino
1465 3550 1674 3601 nullius
1703 3556 1786 3602 est
1809 3552 1970 3616 preti.
1997 3549 2197 3613 incipit
2222 3565 2280 3614 p.
