2517 3884
342 198 575 251 INDEX
610 196 957 248 NOMINVM
990 197 1087 247 ΕΤ
1123 197 1381 247 RERVM
1414 194 1994 247 MEMORABILIVM
2078 194 2206 259 325

182 370 319 419 Bon.
342 366 595 434 pepercit
619 366 813 428 11213,
838 368 921 418 28.
940 366 1030 415 Pr.
1046 381 1131 415 ex.
1252 365 1567 430 procuratio
1613 365 1874 416 stationis
1917 365 2202 430 Augustae

181 436 467 487 sententia
526 438 754 485 senatus
816 449 883 483 ac
942 434 1132 499 populi
1254 434 1368 491 155,
1410 435 1492 485 10.

179 505 336 569 leges
390 507 447 553 et
500 502 881 567 gubernacula
922 507 1130 566 tempe·
1180 507 1552 566 procuratores
1644 500 1814 551 latius
1895 510 2201 564 euagantes

178 574 345 622 rabat
400 571 458 621 11
515 571 638 628 215,
700 570 781 620 10.
865 568 1041 619 Carus
1098 584 1134 619 a
1246 569 1537 619 cohercuit
1593 569 1768 619 Hadr.
1829 570 1887 629 5,
1945 570 2028 619 28.
2090 584 2203 618 mo-

181 639 362 690 Probo
407 637 587 704 praef.
630 642 810 702 praet.
854 636 1038 687 factus
1075 637 1131 687 11
1251 637 1406 687 (leste
1451 637 1728 700 suscipere
1773 634 1982 686 tributa
2037 637 2204 686 iussit

181 710 301 771 218,
342 709 423 757 13.
459 705 713 770 plerique
748 707 807 753 in
844 706 1019 755 fastos
1043 720 1128 754 re·
1247 704 1382 754 Pius
1418 706 1507 765 37,
1549 706 1632 755 32,
1672 719 1822 769 proc.
1873 704 1929 754 id
1976 708 2064 754 est
2112 718 2202 753 ra-

181 775 429 825 tulerunt
451 774 513 825 P.
540 788 573 821 a
600 772 742 823 Caro
769 773 1129 823 interfectum
1206 776 1214 781 ’
1247 772 1488 822 tionales
1524 788 1734 823 summa
1759 788 1882 822 cum
1906 772 2204 838 diligentia

176 844 234 893 11
260 844 380 905 218,
403 843 485 891 17.
522 841 620 890 sed
656 840 833 903 fals03
870 856 998 889 nam
1033 841 1125 890 Pr.
1246 840 1390 889 fecit
1415 840 1570 892 Alex.
1596 842 1714 897 261,
1754 842 1834 893 10.
1881 844 2206 905 procurator

177 916 409 961 mortem
478 908 749 959 acerrime
819 908 1129 957 uindicauit
1202 926 1206 931 ’
1250 908 1458 957 aerarii
1518 908 1742 958 maioris
1795 910 1920 970 197,
1969 910 2054 961 29.
2118 924 2200 973 pr.

179 978 358 1027 Carus
393 977 451 1027 ΙΙ
488 979 605 1038 218,
647 974 857 1037 18319.
918 976 1126 1027 Probi
1248 975 1370 1025 fisci
1418 976 1476 1023 in
1525 977 1708 1039 Libya
1753 975 1810 1026 11
1858 977 1952 1038 13,
2011 979 2059 1028 7.
2119 990 2201 1040 pr.

180 1044 497 1111 epistula
544 1043 622 1093 ad
668 1048 979 1093 senatum
1023 1044 1127 1092 in·-
1246 1044 1570 1107 patrimonii
1608 1046 1724 1107 104,
1752 1044 1800 1092 6.
1837 1060 1918 1108 pr.
1945 1044 2202 1108 priuatae

180 1116 371 1163 serta
405 1112 459 1161 11
493 1114 609 1173 218,
651 1113 744 1173 2ος
794 1114 859 1162 23
895 1126 1013 1176 sqq.
1058 1112 1127 1160 P.
1250 1111 1367 1169 188,
1409 1112 1494 1160 14.
1533 1126 1612 1175 pr.
1653 1110 1850 1174 Syriae
1887 1112 1950 1161 ΙΙ·
1971 1114 2087 1171 132,
2116 1114 2199 1163 30.

177 1180 383 1231 bellum
441 1180 727 1230 Persicum
782 1178 1021 1244 parabat
1069 1178 1128 1228 ΙΙ
1172 1180 1420 1243 prodigia
1459 1176 1551 1241 (cf.
1589 1178 1770 1239 omen)
1796 1179 2016 1242 imperii
2053 1177 2201 1229 Com.

176 1250 293 1307 219,
334 1251 380 1300 1.
418 1248 480 1297 Ρ.
520 1251 693 1297 morte
743 1247 962 1297 feroces
1001 1246 1129 1298 Sar-
1246 1247 1407 1296 facta
1445 1248 1556 1303 100,
1594 1248 1679 1297 32.

176 1320 363 1365 matae
423 1316 480 1365 11
537 1317 661 1377 220,
720 1316 804 1365 25.
847 1340 919 1353 --
961 1314 1130 1365 Probi
1177 1315 1511 1379 professores
1538 1310 1636 1375 (cf.
1662 1312 1938 1376 doctores)
1965 1314 2204 1363 omnium

174 1384 331 1433 uitae·
400 1384 639 1447 scriptor
710 1382 1005 1433 Onesimus
1073 1382 1131 1435 ΙΙ
1252 1382 1454 1431 artium
1489 1381 1663 1431 Hadr.
1711 1381 1836 1431 risit
1872 1384 2205 1446 contempsit

176 1453 295 1514 213,
336 1452 414 1504 18.
450 1453 566 1510 217,
607 1453 687 1500 13.
1252 1450 1482 1499 obtriuit
1520 1450 1610 1512 16,
1650 1452 1700 1501 3.
1763 1464 1886 1498 cum
1925 1449 2005 1499 eis
2042 1448 2202 1499 libris

108 1519 275 1569 Probi
309 1519 530 1569 nomine
558 1522 818 1583 quattuor
840 1516 1047 1568 milites
1072 1518 1131 1567 in
1250 1516 1346 1568 uel
1384 1518 1722 1567 carminibus
1766 1518 1825 1565 in
1869 1519 2051 1568 uicem
2089 1517 2204 1567 edi-

180 1586 428 1637 exercitu
478 1586 647 1636 Probi
707 1586 837 1651 imp.
896 1585 953 1635 11
1011 1587 1126 1649 191,
1250 1587 1330 1634 tis
1375 1600 1544 1650 saepe
1583 1585 1824 1635 certauit
1862 1588 1952 1646 16,
1990 1585 2044 1638 4.
2103 1585 2202 1635 ho-

175 1656 262 1703 21.
1250 1652 1472 1703 notauit
1509 1660 1568 1704 et
1603 1653 1810 1704 diuites
1845 1654 1982 1703 fecit
2027 1652 2201 1703 Hadr.

103 1723 352 1772 Procilla.
405 1722 641 1772 Boionia
688 1748 769 1771 -.
818 1720 929 1775 uid.
967 1720 1127 1772 Boio·
1252 1724 1346 1783 17,
1394 1724 1444 1771 7.
1492 1723 1776 1786 proposuit
1823 1722 1903 1771 eis
1957 1721 2199 1771 Alexan-

174 1790 289 1841 nia.
1250 1789 1408 1840 driae
1473 1791 1840 1853 quaestiones
1890 1792 1946 1837 et
2003 1803 2202 1853 propo·
2287 1848 2291 1855 .

98 1859 471 1922 proconsulari
496 1863 652 1907 extra
680 1858 871 1907 urbem
896 1858 1127 1922 imperio
1250 1858 1389 1905 sitas
1427 1857 1547 1919 ipse
1585 1855 1843 1905 dissoluit
1881 1858 1975 1918 20,
2017 1858 2099 1907 12.

176 1926 400 1973 Marcus
418 1926 654 1975 donatus
682 1929 766 1974 est
782 1925 1023 1983 aPio48‚
1050 1926 1132 1975 21.
1186 1925 1485 1985 Professus,
1533 1922 1746 1973 Lollius
1782 1948 1866 1972 -.
1913 1922 2027 1974 uid.
2072 1922 2202 1973 Lol-

103 1994 477 2055 proconsulare
523 1992 610 2041 ius
656 1992 871 2055 recepit
906 1995 1133 2041 senatus
1253 1990 1382 2039 lius.

174 2060 311 2108 Tac.
350 2059 477 2123 imp.
518 2060 575 2109 II
618 2060 733 2119 184,
774 2061 859 2107 10.
1182 2073 1509 2123 programma
1570 2059 1628 2107 in
1707 2058 2014 2123 parietibus
2084 2057 2204 2107 fixit

107 2130 170 2175 ut
213 2130 551 2191 proconsules
610 2131 867 2175 crearent
923 2125 1135 2175 Probus
1254 2124 1483 2174 Auidius
1507 2126 1592 2187 84,
1636 2127 1717 2174 14.
1760 2160 1764 2165 -

177 2194 437 2258 patribus
471 2194 725 2259 permisit
758 2193 813 2241 11
852 2194 974 2252 195,
1014 2195 1099 2243 20.
1178 2194 1443 2257 pronubus
1479 2194 1603 2253 210,
1643 2196 1692 2245 6.

108 2262 366 2310 Proculus
401 2266 691 2323 tyrannus.
747 2261 897 2310 uita
934 2277 967 2310 a
1002 2261 1134 2310 Vo-
1180 2264 1438 2326 propolae
1477 2260 1867 2310 circumforani
1903 2262 1988 2318 90,
2025 2262 2110 2313 29.

166 2328 361 2393 pisco
398 2330 683 2393 scripta
717 2330 775 2379 H
806 2330 924 2379 204.
950 2329 1133 2377 211-
1180 2332 1593 2393 proscriptorum
1629 2328 1822 2378 liberis
1858 2328 2028 2379 Hadr.
2067 2328 2197 2379 duo·

175 2398 293 2447 213.
344 2422 407 2431 --
469 2397 525 2447 H
564 2399 688 2456 199,
727 2398 810 2447 21.
874 2399 1003 2460 203,
1041 2398 1127 2449 23.
1247 2395 1491 2447 decimas
1569 2397 1836 2447 bonorum
1921 2398 2200 2447 concessit

165 2464 325 2515 Proc.
370 2466 429 2514 in
468 2464 657 2516 Gallia
702 2465 991 2530 imperium
1041 2479 1124 2514 ar·
1252 2465 1334 2525 18,
1373 2465 1458 2514 23.
2114 2472 2136 2527 ᾗ

170 2533 339 2596 ripuit
374 2532 431 2584 II
467 2534 582 2593 199,
624 2535 705 2586 16.
753 2533 1018 2584 Germani
1054 2531 1125 2581 ad
1173 2534 1452 2596 prostituti
1487 2533 1647 2598 pueri
1681 2531 1792 2583 uid.
1833 2532 2058 2582 exoleti.

175 2599 439 2647 auxilium
474 2601 664 2650 uocati
698 2602 877 2651 Probo
914 2599 1121 2650 seruire
1173 2600 1519 2664 Proioyenem
1578 2600 1828 2665 aurigam
1901 2601 1959 2649 in
2020 2604 2196 2649 certa-

168 2665 484 2716 maluerunt
509 2682 674 2730 quam
696 2684 819 2718 cum
832 2670 991 2718 Proc.
1018 2669 1119 2716 im·
1242 2669 1389 2718 mine
1419 2668 1596 2717 curuli
1619 2670 1828 2717 socium
1851 2668 2052 2717 habuit
2071 2666 2194 2717 Hel.

170 2749 367 2799 perare
408 2734 463 2785 II
502 2735 618 2797 199,
654 2737 748 2795 21,
786 2737 872 2785 24.
1240 2736 1360 2793 206,
1399 2738 1485 2785 27.

9 2846 11 2851 .
103 2829 165 2837 —-
200 2800 397 2850 Didius
430 2828 514 2849 -.
554 2801 665 2860 uid.
702 2802 918 2853 Didius.
1167 2802 1236 2851 ad
1273 2804 1596 2867 Protreptici
1641 2800 1946 2867 exemplum
1999 2800 2196 2851 Cicero

9 2908 12 2919 .
94 2896 163 2905 —-
200 2868 611 2932 Eutychiusrz
651 2870 764 2922 uid.
786 2869 1113 2934 Eutychius.
1236 2869 1460 2934 scripsit
1494 2870 1850 2920 Hortensium
1884 2870 1940 2919 11
1975 2870 2068 2929 89,
2109 2872 2190 2919 12.

10 2942 12 2947 “
93 2964 162 2974 --
196 2937 287 2986 Pr.
320 2937 670 3001 grammatici
706 2938 772 2989 de
808 2937 1119 3004 peregrinis
1170 2938 1229 2986 in
1271 2940 1554 3001 prouinciis
1607 2952 1799 2987 aurum
1849 2936 2196 2987 coronarium

162 3005 483 3071 regionibus
542 3004 688 3055 liber
738 3006 1003 3055 citatur
1060 3005 1118 3054 II
1237 3005 1438 3054 minuit
1471 3005 1787 3055 Hadrianus
1832 3007 1891 3067 8,
1946 3007 2026 3055 15.
2073 3020 2196 3070 pro·
2238 3025 2242 3030 ·

11 3108 13 3133 ;
167 3075 279 3134 112,
320 3075 401 3123 13.
576 3104 582 3109 -
1238 3074 1456 3122 uincias
1540 3089 1605 3123 ex
1698 3073 2189 3137 proconsularibus

11 3142 13 3207 ξ
89 3167 161 3177 -
184 3140 362 3191 Iulius
388 3167 456 3175 —
492 3156 527 3190 a
563 3140 716 3192 Com.
753 3141 1118 3205 interemptus
1244 3139 1564 3191 consulares
1585 3145 1683 3191 aut
1707 3156 1774 3191 ex
1801 3140 2190 3191 consularibus

164 3209 247 3271 95,
287 3211 369 3259 15.
1240 3209 1666 3263 proconsulares
1729 3212 1826 3258 aut
1886 3209 2195 3273 praetorias

90 3290 378 3337 procurare
448 3276 734 3327 alimentis
796 3273 1115 3325 diuidendi-s
1238 3292 1336 3339 pro
1372 3276 1512 3327 belli
1557 3278 1900 3327 necessitate
1938 3276 2076 3325 fecit
2099 3277 2194 3334 -62,

162 3342 221 3390 in
255 3343 349 3392 uia
385 3343 627 3394 Aemilia
668 3345 784 3407 106,
828 3348 872 3393 1.
1236 3346 1320 3395 20.
1349 3344 1416 3393 de
1454 3360 1532 3408 pr.
1564 3343 2044 3394 administratione
2071 3358 2192 3393 sen-

13 3444 15 3465 .
90 3413 391 3475 procuratio
436 3410 560 3461 fisci
606 3412 661 3463 11
707 3408 832 3476 163,
874 3413 952 3462 10.
1026 3424 1107 3475 pr.
1241 3411 1421 3461 tentia
1457 3412 1616 3464 Pesc.
1657 3414 1780 3470 149,
1829 3415 1877 3462 9.
1939 3411 2192 3475 idemque

162 3492 340 3526 rerum
395 3480 736 3542 priuatarum
788 3479 1021 3546 primum
1080 3493 1115 3527 a
1234 3480 1518 3529 intimauit
1541 3517 1555 3541 ,
1601 3485 1662 3530 ut
1706 3496 1865 3531 nemo
1913 3478 2194 3529 adsideret

162 3544 289 3597 Seu.
340 3548 646 3598 constituta
697 3552 783 3599 est
842 3550 966 3614 133,
1028 3548 1111 3598 27.
1237 3548 1298 3597 in
1333 3561 1435 3597 sua
1470 3548 1758 3615 prouincia
1806 3549 1932 3607 149,
1970 3549 2050 3600 20.
2109 3562 2156 3611 p·
