2517 3884
359 180 448 245 96
969 182 1310 242 TREBELLII
1348 180 1697 241 POLLIONIS

873 380 1424 448 vlcTovas
1466 378 1787 446 IVNIOR
1842 468 1847 471 Ι

285 554 330 619 7
489 558 574 617 De
604 555 720 616 hoc
761 554 906 616 nihil
957 553 1218 633 amplius
1256 554 1321 613 in
1362 552 1591 625 litteras
1638 559 1728 613 est
1767 552 2054 622 relatum,
2115 570 2300 629 quam

363 641 526 721 quod
568 658 755 720 nepos
798 640 1092 701 Victoriae
1140 640 1427 700 Victorini
1468 637 1622 699 filius
1662 638 1775 699 fuit
1818 646 1878 698 et
1918 658 1951 698 a
1997 644 2170 717 patre
2202 637 2305 698 uel

365 727 439 789 ab
471 728 604 787 auia
634 724 747 787 sub
779 723 988 785 eadem
1018 723 1164 784 hora
1197 741 1313 801 qua
1344 724 1685 785 Victorinus
1714 725 2115 802 interemptus
2148 722 2298 784 Cae·

365 830 464 873 sar
523 817 614 873 est
672 816 1050 889 nuncupatus
1109 826 1178 869 ac
1237 810 1435 869 statim
1476 830 1506 871 a
1538 807 1828 871 militibus
1885 810 1975 869 ira
2038 809 2295 869 occisus.
2366 826 2395 869 5

291 907 330 955 2
365 896 582 957 Extant
621 895 880 972 denique
922 892 1241 974 sepulchra
1287 896 1444 955 circa
1484 894 1899 973 Agrippinam,
1930 893 2108 954 breui
2140 911 2303 955 mar-

365 999 532 1041 more
561 979 609 1061 †
638 979 900 1057 inplessa
930 978 1192 1049 humilia,
1225 981 1289 1039 in
1321 978 1540 1058 quibus
1580 982 1787 1039 titulus
1817 985 1909 1040 est
1934 980 2301 1059 inscriptus:

363 1066 520 1136 „Hic
549 1066 670 1127 duo
701 1066 989 1127 Victorini
1016 1066 1254 1145 tyranni
1287 1066 1386 1125 siti
1418 1071 1622 1125 sunt.“

1159 1282 1507 1349 MARIVS

285 1455 332 1521 8
490 1458 796 1519 Victorino
837 1455 1106 1517 Lolliano
1138 1464 1196 1517 et
1228 1457 1511 1518 Postumo
1551 1456 1928 1535 interemptis
1968 1454 2193 1517 Marius
2226 1474 2299 1517 ex
2332 1479 2389 1519 10

291 1559 328 1607 2
366 1542 570 1611 fabro,
625 1550 690 1603 ut
721 1542 965 1611 dicitur,
1030 1543 1286 1603 ferrario
1318 1541 1519 1602 triduo
1550 1548 1779 1601 tantum
1807 1542 2145 1619 imperauit.
2224 1540 2301 1602 de

367 1627 482 1688 hoc
512 1625 655 1704 quid
685 1624 940 1705 amplius
971 1628 1315 1704 requiratur
1345 1627 1589 1704 ignoro,
1634 1627 1751 1687 nisi
1793 1625 1954 1707 quod
1988 1644 2122 1687 eum
2153 1626 2301 1687 insi-

364 1714 640 1790 gniorem
681 1710 1106 1773 breuissimum
1147 1712 1291 1773 fecit
1330 1712 1671 1790 imperium.
1746 1730 1887 1771 nam
1929 1718 1995 1772 ut
2022 1710 2131 1771 ille
2155 1728 2301 1773 con·

363 1797 491 1867 sul,
554 1798 656 1874 qui
697 1814 802 1857 sex
843 1795 1188 1857 meridianis
1231 1794 1401 1857 lioris
1450 1796 1829 1857 consulatum
1860 1796 2177 1858 suffectum
2206 1804 2297 1858 te·

365 1884 514 1951 nuit,
575 1900 608 1942 a
647 1880 846 1943 Marco
876 1879 1086 1941 Tullio
1128 1881 1228 1943 tali
1259 1898 1542 1961 aspersus
1586 1889 1676 1943 est
1703 1882 1869 1942 ioco:
1932 1880 2328 1952 „-Consulem
2320 1904 2386 1945 15

365 1967 684 2029 habuimus
742 1974 865 2027 tam
925 1984 1204 2027 seuerum
1264 1976 1505 2044 tamque
1566 1968 1908 2027 censorium
1952 1973 2017 2028 ut
2058 1968 2122 2027 in
2169 1969 2301 2029 eius

363 2054 716 2131 magistratu
746 2070 922 2113 nemo
952 2052 1293 2132 pranderit,
1326 2069 1504 2113 nemo
1543 2042 1915 2122 caenaiierit,
1948 2068 2132 2115 nemo
2158 2052 2299 2113 dor·

363 2140 669 2209 miuerit“,
714 2137 788 2197 de
829 2135 944 2197 hoc
992 2130 1166 2199 et'iam
1209 2137 1327 2199 dici
1354 2155 1535 2217 posse
1574 2137 1881 2208 uideatur,
1918 2138 2020 2215 qui
2054 2154 2171 2198 una
2200 2137 2301 2199 die

364 2225 556 2285 factus
587 2229 677 2285 est
704 2224 1057 2301 imperator,
1120 2222 1232 2284 alia
1264 2221 1361 2283 die
1401 2224 1569 2283 uisus
1612 2227 1703 2283 est
1730 2223 2061 2301 imperare,
2122 2224 2299 2285 tertia

289 2323 329 2370 3
363 2309 762 2386 interemptus
794 2314 901 2367 est.
978 2307 1054 2367 Et
1084 2311 1204 2369 uita
1246 2307 1487 2385 quidem
1532 2316 1812 2369 strenuus
1844 2327 1912 2369 ac
1944 2307 2299 2369 militaribus
2324 2331 2382 2371 20

365 2409 558 2468 usque
589 2390 662 2453 ad
692 2392 1009 2469 imperium
1041 2392 1325 2470 gradibus
1358 2400 1620 2463 euectuS,
1658 2408 1837 2471 quem
1866 2391 2140 2473 plerique
2171 2392 2296 2453 Ma-

365 2477 658 2546 murium,
705 2475 977 2536 nonnulli
1008 2478 1349 2548 Veturium,
1401 2478 1676 2556 opificem
1714 2485 1921 2557 utpote
1952 2478 2299 2547 serrarium,

292 2576 330 2625 4
365 2568 802 2640 nuncuparunt.
881 2561 984 2622 sed
1017 2561 1091 2621 de
1120 2561 1237 2623 hoc
1267 2563 1445 2623 nimis
1476 2561 1687 2633 multa,
1731 2562 1806 2623 de
1852 2580 1971 2641 quo
2012 2560 2160 2623 illud
2194 2562 2299 2623 ad-

367 2645 588 2707 didisse
621 2646 765 2707 satis
799 2652 916 2716 est,
962 2644 1185 2708 nullius
1215 2665 1427 2709 manus
1471 2647 1570 2708 uel
1613 2608 1687 2709 ad
1725 2646 2061 2709 feriendum
2094 2647 2194 2708 uel
2226 2647 2302 2709 ad

363 2729 789 2811 impellendum
821 2731 1100 2793 fortiores
1128 2733 1343 2803 fuisse,
1380 2718 1516 2794 cum
1545 2734 1609 2793 in
1641 2733 1841 2811 digitis
1871 2751 2095 2795 neruos
2126 2731 2297 2794 uide·
2327 2755 2382 2797 25

289 2831 328 2881 5
365 2826 533 2877 retur
563 2814 839 2877 habuisse
869 2834 991 2878 non
1021 2835 1227 2880 uenas.
1306 2835 1443 2879 nam
1475 2824 1534 2878 et
1565 2836 1733 2880 carra
1775 2819 2081 2879 uenientia
2112 2818 2303 2897 digito

365 2901 609 2963 salutari
666 2900 1003 2981 reppulisse
1063 2902 1282 2964 dicitur
1340 2910 1400 2964 et
1438 2904 1799 2965 fortissimos
1851 2920 2125 2983 quosque
2178 2922 2303 2965 uno

365 2986 548 3064 digito
579 2988 664 3047 sic
693 2986 1021 3058 adflixisse,
1083 2995 1150 3049 ut
1192 2990 1357 3065 quasi
1398 2987 1544 3066 ligni
1589 2987 1685 3050 uel
1737 2988 1886 3050 ferri
1932 2988 2303 3051 obtunsioris

364 3072 484 3131 ictu
513 3073 788 3150 percussi
819 3072 1109 3134 dolerent.
1170 3072 1354 3134 multa
1388 3071 1639 3135 duorum
1671 3073 1997 3155 digitorum
2028 3073 2303 3135 allisione

501 3240 533 3289 3
561 3242 617 3288 et
642 3237 711 3289 ab
736 3240 804 3290 M
934 3243 965 3291 5
988 3240 1122 3305 iras]
1139 3244 1191 3291 P
1209 3244 1293 3293 ita
1319 3243 1385 3293 M
1516 3244 1544 3293 7
1570 3241 1816 3308 inplessa
1840 3242 1919 3294 P²
1941 3244 2213 3309 impressa
2238 3243 2312 3294 M

362 3322 432 3355 an
459 3302 900 3371 simplicissima?
1039 3309 1238 3362 titulus
1271 3312 1475 3361 addidit
1498 3310 1541 3361 0
1687 3314 1750 3363 10
1798 3316 1855 3361 et
1888 3310 2119 3362 lolliano
2154 3316 2305 3379 post.

366 3372 469 3423 BP
603 3375 666 3425 18
689 3374 913 3425 uidetur
935 3376 1001 3426 M
1133 3382 1196 3429 19
1222 3379 1435 3429 diuisus
1458 3378 1509 3428 B
1524 3377 1617 3428 ¹P¹
1642 3396 1687 3431 c.
1714 3378 1879 3429 B³P³
2002 3381 2067 3429 22
2091 3382 2307 3431 Vectu-

359 3441 518 3559 §3112
537 3440 644 3558 ΞΡ
756 3446 824 3495 24
855 3444 1032 3495 malus
1067 3443 1145 3494 B¹
1308 3449 1374 3499 25
1405 3446 1743 3513 implendum
1774 3447 1944 3498 BPM
2096 3448 2165 3499 29
2200 3447 2309 3498 ali-

360 3534 362 3537 ,
393 3526 412 3557 1
704 3526 714 3532 s
1207 3541 1217 3546 ,
