2517 3884
604 192 955 250 COMMODVS
998 192 1388 250 ANTONINVS.
1477 193 1536 252 C.
1569 198 1736 251 1-4,
2053 190 2136 254 91
2214 283 2217 286 Ι

200 359 458 420 soranos.
526 375 714 436 equos
744 359 1019 421 currules
1056 358 1175 422 sihi
1216 361 1586 438 conparauit.
1647 362 1887 438 aurigae
1928 361 2135 423 habitu
2170 371 2204 420 9

183 461 413 504 euri-us
442 445 629 513 rexit,
662 442 1089 520 gladiatoribus
1119 447 1412 515 connixit,
1459 461 1672 522 aquam
1703 448 1918 524 gessit,
1951 453 2019 508 ut
2049 446 2132 508 le-

198 545 423 589 nonum
466 529 771 598 minister,
818 537 885 589 ut
922 528 1165 608 probris
1196 536 1412 591 natum
1455 531 1642 608 magis
1681 547 1860 608 quam
1904 531 1959 591 ei
2001 531 2132 592 loeo

198 631 329 673 eum
362 612 649 674 crederes
682 613 755 673 ad
786 630 966 690 quem
997 616 1237 675 fortuna
1267 617 1565 693 prouexit.

148 711 175 751 ⁵
319 698 517 758 Patris
546 699 877 760 ministeria
904 701 1143 760 seniora
1174 701 1530 768 summouit,
1569 701 1794 761 amieos
1824 717 2000 762 senes
2031 699 2132 762 ab-
2164 695 2206 760 3

192 782 349 842 ieeit.
424 781 609 842 filium
656 782 819 844 Salui
860 783 1107 854 Iuliani,
1160 786 1262 864 qui
1308 785 1669 847 exercitibus
1711 794 2017 866 praeerat,
2059 785 2132 848 ad
2168 797 2200 844 2

190 867 603 946 inpudicitiam
643 869 867 929 frustra
904 870 1224 949 temptauit
1269 874 1474 946 atque
1505 871 1722 931 exinde
1761 870 1988 932 Iuliano
2042 877 2130 931 te-

191 952 381 1012 tendit
408 952 677 1013 insidias.
736 952 1197 1014 honestissimos
1228 971 1498 1031 quosque
1539 964 1642 1017 aut
1681 973 1792 1036 per
1821 962 2130 1038 contume-
2168 966 2201 1014 3

189 1036 327 1098 liam
356 1046 464 1098 aut
492 1055 603 1116 per
643 1036 937 1098 honorem
978 1038 1458 1116 indignissimum
1491 1039 1734 1101 abiecit.
1797 1039 2128 1121 appellatus
2161 1051 2198 1099 4

124 1134 168 1174 10
192 1127 281 1182 est
309 1140 343 1182 a
372 1123 577 1183 mimis
608 1125 779 1200 quasi
808 1123 1193 1203 obstupratus
1226 1123 1592 1201 eosdemque
1620 1127 1703 1186 ita
1745 1133 1813 1186 ut
1853 1143 1976 1184 non
2021 1143 2123 1204 ap-

187 1213 477 1287 parerent
516 1207 715 1268 suhito
752 1201 1126 1288 'deportauit
1217 1207 1450 1268 Bellum
1508 1211 1688 1270 etiam
1741 1208 1900 1287 quod
1955 1216 2128 1288 pater
2163 1221 2196 1270 5

186 1309 385 1370 paene
438 1292 781 1353 confecerat
841 1292 1078 1371 legibus
1127 1292 1391 1354 hostium
1445 1292 1712 1354 addictus
1776 1295 2008 1354 remisit
2059 1313 2129 1354 ae

184 1376 437 1437 Romam
480 1395 766 1438 reuersus
810 1385 919 1439 est.
994 1378 1247 1438 Romam
1301 1376 1366 1438 ut
1403 1378 1590 1447 redit,
1641 1377 1962 1440 subactore
2017 1397 2130 1440 suo
2163 1390 2196 1438 6

186 1461 438 1522 Saotero
478 1468 616 1541 post
652 1479 720 1522 se
760 1464 821 1522 in
864 1481 1045 1524 curro
1086 1461 1283 1523 locato
1327 1464 1407 1522 ita
1451 1461 1842 1543 triumphauit
1880 1471 1948 1524 ut
1991 1481 2128 1524 eum

118 1557 165 1598 15
187 1548 427 1626 saepius
458 1548 697 1606 ceruice
727 1547 953 1609 reflexa
992 1546 1233 1627 publice
1267 1546 1658 1608 oscularetur.
1725 1550 1902 1610 etiam
1932 1549 1995 1608 in
2027 1567 2124 1610 or·

186 1630 423 1692 chestre
454 1629 573 1691 hoe
603 1631 761 1692 idem
790 1632 951 1693 fecit.
1026 1640 1085 1693 et
1127 1651 1262 1692 cum
1295 1639 1531 1710 potaret
1571 1635 1635 1692 in
1664 1632 1861 1694 lucem
1894 1631 2123 1694 hellua-
2163 1646 2193 1694 7

183 1723 475 1793 returque
506 1715 739 1776 uiribus
768 1716 1019 1778 Romani
1058 1719 1327 1796 imperii,
1375 1719 1854 1796 uespera-etiam
1896 1735 2008 1797 per
2036 1726 2123 1780 ta-

184 1799 401 1861 bernas
432 1818 503 1860 ac
532 1800 841 1879 lupanaria
871 1800 1166 1862 uolitauit.
1242 1802 1404 1862 misit
1443 1802 1718 1863 homines
1761 1802 1832 1863 ad
1873 1804 2124 1882 prouin-
2161 1816 2194 1864 8

184 1887 305 1946 cias
334 1885 635 1963 regendas
666 1885 764 1945 uel
797 1887 1119 1946 eriminum
1162 1887 1359 1946 socios
1391 1886 1495 1947 uel*
1522 1906 1553 1946 a
1587 1889 1925 1948 criminosis
1956 1905 2117 1948 eom-

117 1980 164 2020 20
186 1970 519 2030 mendatoS.
581 1971 645 2030 in
674 1978 914 2032 senatus
957 1969 1159 2030 odium
1200 1971 1283 2030 ita
1324 1973 1492 2031 uenit
1536 1979 1603 2032 ut
1643 1980 1702 2032 et
1742 1973 1873 2050 ipse
1905 1972 2120 2033 crude·
2160 1993 2192 2040 9

183 2052 321 2114 liter
359 2056 425 2116 in
472 2057 619 2115 tanti
663 2054 891 2116 ordinis
941 2055 1274 2135 perniciem
1317 2057 1582 2116 saeuiret
1635 2057 1928 2134 fieretque
1981 2074 2121 2117 eon-

184 2147 437 2219 tempto.

310 2222 585 2285 Crudelis
616 2225 736 2285 uita
767 2223 1079 2285 Commodi
1111 2223 1482 2294 Quadratum
1523 2231 1584 2284 et
1624 2223 1912 2286 Lucillam
1959 2242 2119 2284 eom·
2150 2230 2194 2292 4

180 2307 333 2387 pulit
362 2308 439 2370 ad
470 2309 601 2368 eius
629 2309 1111 2369 interfectionem
1146 2307 1393 2370 consilia
1424 2309 1598 2378 inire,
1631 2327 1756 2370 non
1784 2310 1914 2370 sine
1945 2327 2121 2387 prae-

110 2403 159 2444 25
181 2394 323 2454 fecti
352 2393 659 2472 praetorio
692 2392 1014 2482 Tarruteni
1057 2392 1302 2454 Paterni
1344 2391 1614 2453 oonsilio.
1676 2393 1881 2455 datum
1921 2400 2121 2455 autem
2157 2409 2190 2457 2

182 2485 271 2538 est
312 2479 624 2555 negotium
654 2477 1031 2556 peragendae
1070 2472 1237 2538 n‘eeis
1281 2477 1530 2540 Claudio
1571 2477 1937 2557 Pompeiano
1977 2497 2118 2559 pro-

176 2564 428 2642 pinquo.
512 2563 616 2639 qui
660 2563 973 2640 ingressus
1022 2561 1095 2622 ad
1139 2561 1531 2624 Commodum
1571 2563 1858 2624 destricto
1899 2563 2116 2642 gladio,
2157 2579 2192 2627 3

180 2665 313 2708 eum
356 2645 619 2708 faciendi
656 2653 1015 2725 potestatem
1059 2647 1395 2718 habuisset,
1449 2649 1514 2709 in
1556 2647 1706 2709 haee
1747 2647 1936 2710 uerba
1976 2667 2119 2727 pro-

180 2749 471 2812 rumpens
514 2731 701 2792 ‘hune
740 2731 849 2792 tibi
889 2734 1214 2812 pugionem
1258 2739 1501 2794 senatus
1531 2733 1735 2794 mittit’
1781 2733 2006 2794 detexit
2034 2733 2120 2794 fa·

276 2970 311 3017 2
336 2967 583 3017 coninsit
606 2964 728 3017 BP¹
754 2966 913 3030 (corr.
938 2965 1031 3031 1⁹⁸)
1168 2967 1486 3032 lelomihi'B
1508 2967 1750 3019 lelonum
1771 2966 1840 3019 Ρι
1865 2966 2124 3020 lenonum

178 3034 249 3083 1³²
290 3033 575 3086 lebrorum
598 3035 665 3085 M
794 3036 827 3087 3
852 3036 1055 3100 probos
1078 3035 1131 3084 B
1265 3037 1300 3086 4
1325 3034 1576 3086 erederet
1601 3035 1768 3086 BPM
1898 3038 1930 3087 5
1965 3037 2122 3086 mini·

181 3103 419 3154 steriora
442 3102 497 3151 B
632 3105 665 3152 6
688 3101 827 3154 iulia
848 3103 903 3153 B
1042 3104 1109 3153 ob
1134 3102 1324 3168 inpud.
1349 3103 1454 3154 BP
1571 3106 1636 3154 10
1664 3107 1749 3154 est
1770 3103 1969 3154 animis
1992 3103 2045 3152 B

178 3171 546 3236 obstrupatus
567 3170 620 3220 B
758 3172 819 3222 11
848 3171 1167 3237 deportabit
1190 3169 1294 3220 BP
1405 3173 1471 3222 14
1495 3175 1716 3222 soatero
1737 3171 1791 3220 B
1823 3171 2034 3222 Autero
2060 3171 2130 3222 M

182 3236 274 3300 (sic
296 3237 526 3304 semper)
678 3253 738 3288 se
764 3239 810 3289 ti
836 3255 883 3290 e.
908 3239 960 3288 B
1121 3253 1285 3289 curru
1309 3239 1374 3288 M
1531 3241 1596 3290 15
1619 3239 1799 3290 serius
1823 3239 1992 3290 BPM

178 3311 438 3356 σωθῆτε,
462 3302 535 3356 B¹
564 3311 850 3357 oreuestra
874 3308 926 3357 P
1063 3308 1128 3356 16
1152 3310 1404 3372 portaret
1427 3306 1480 3356 B
1595 3309 1684 3375 ‚20
1709 3311 1935 3358 senatos
1956 3307 2011 3357 B

178 3371 281 3438 ita]
306 3377 399 3424 tot
422 3373 475 3422 B
610 3374 768 3424 uehit
791 3373 911 3424 BP¹
1050 3377 1115 3424 21
1141 3377 1407 3425 contento
1432 3374 1500 3425 M
1630 3377 1696 3448 2⁶3
1721 3373 1961 3426 lutillum
1984 3374 2036 3424 B

176 3441 243 3491 25
264 3441 533 3492 ton-utini
555 3441 609 3492 B
639 3443 905 3492 torrutini
926 3443 1043 3494 eod.
1066 3441 1304 3494 Mur-bac.
1339 3443 1672 3493 Tarruntem
1695 3441 1762 3492 M
1894 3443 2123 3492 nantem

178 3507 229 3556 P
248 3513 482 3560 nautum
503 3508 556 3558 B
694 3512 760 3560 2⁷
786 3510 1044 3560 destricti
1065 3508 1168 3559 BP
1301 3512 1367 3560 29
1393 3509 1627 3560 deteieit
1649 3509 1704 3559 B
