2517 3884
387 147 516 212 214
775 153 995 210 FLAVII
1037 152 1291 211 VOPISCl
1334 152 1652 210 BONOSVS.
1740 153 1796 210 C.
1844 157 1928 212 15.

322 329 356 379 5
392 327 603 382 cuncta
645 328 1054 398 cognosceret.
1101 326 1229 381 erat
1271 322 1429 381 enim
1458 319 1559 380 illa
1600 321 1775 399 uirgo
1814 319 2055 400 regalis.
2102 321 2327 382 Extant

389 405 623 466 litterae
653 405 726 466 ad
751 405 1012 486 legatum
1055 404 1447 480 Thraciarum
1490 405 1749 485 scriptae
1780 405 1853 466 de
1883 404 1977 466 his
2007 406 2235 484 nuptiis
2268 411 2327 466 et

391 491 582 560 donis,
642 509 796 570 quae
847 488 1204 552 Aurelianus
1255 490 1495 552 Bonoso
1555 489 1685 552 dari
1735 492 2080 570 nuptiarum
2142 509 2324 551 causa

389 575 577 645 iussit,
612 591 756 653 quas
787 591 898 652 ego
928 575 1190 634 inserui:

325 667 359 714 6
593 658 990 729 „Aurelianus
1017 661 1316 737 Augustus
1346 657 1617 721 Gallonio
1647 661 1819 720 Auito
1850 659 2121 721 salutem.
2380 677 2404 717 5

519 741 944 822 Superioribus
975 741 1190 804 litteris
1230 745 1611 822 scripseram,
1657 751 1721 804 ut
1760 747 2075 824 optimates
2118 743 2329 804 Gothi-

393 847 496 890 cas
536 828 691 908 apud
734 827 1084 892 Perinthum
1125 828 1489 899 conlocares,
1534 829 1795 890 decretis
1823 827 2075 898 salariis,
2109 847 2235 889 non
2266 837 2333 888 ut

392 912 662 991 singulae
703 915 1082 992 acciperent,
1139 913 1244 975 sed
1286 919 1351 973 ut
1396 921 1626 992 septem
1668 913 1843 975 simul
1886 931 2073 974 unum
2118 916 2330 974 conui-

391 999 560 1058 uium
600 996 908 1058 haberent.
955 1015 1091 1058 cum
1135 1001 1295 1060 enim
1337 997 1565 1060 diuisae
1606 999 1924 1079 accipiunt,
1972 1005 2032 1058 et
2060 997 2199 1059 illae
2224 1017 2329 1078 pa·

323 1089 354 1139 ’1
391 1099 528 1143 rum
559 1089 819 1150 sumunt,
855 1088 916 1142 et
943 1101 1042 1144 res
1061 1101 1120 1162 p.
1155 1082 1480 1162 plurimum
1510 1083 1727 1162 perdit.
1757 1102 1917 1146 nunc
1946 1091 2167 1153 tamen,
2184 1102 2331 1163 quo·
2359 1103 2403 1141 ιο

391 1167 552 1228 niam
581 1165 806 1246 placuit
835 1168 1072 1229 Bonoso
1099 1167 1376 1229 Hunilam
1399 1167 1545 1236 dari,
1578 1167 1747 1229 dabis
1780 1170 1835 1229 ei
1883 1169 2045 1230 iuxta
2076 1167 2334 1228 breuem

333 1265 336 1270 ·
389 1251 548 1312 infra
586 1253 872 1331 scriptum
914 1254 1112 1312 omnia
1168 1268 1321 1330 quae
1375 1254 1806 1332 praecipimus:
1860 1259 2103 1333 sumptu
2150 1255 2333 1314 etiam

392 1335 635 1415 publico
664 1339 901 1416 nuptias
932 1337 1333 1398 celebrabiS.“

325 1431 359 1482 8
523 1421 734 1481 Breuis
781 1439 1098 1483 munerum
1139 1423 1286 1484 fuit:
1331 1423 1635 1492 „Tunicas
1662 1419 1999 1502 palliolatas
2029 1421 2333 1483 ianthinas

397 1504 752 1576 subsericas,
795 1507 1058 1567 tunicam
1109 1524 1258 1568 auro
1303 1506 1599 1568 clauatam
1645 1508 2017 1568 subsericam
2070 1504 2333 1568 librilem
2364 1524 2411 1565 15

396 1608 596 1659 unam,
639 1589 928 1650 interulas
989 1589 1213 1652 dilores
1255 1592 1403 1652 duas
1446 1600 1505 1653 et
1545 1591 1778 1670 reliqua
1826 1609 1980 1670 quae
2021 1598 2334 1653 matronae

397 1675 776 1737 conueniunt.
839 1675 969 1752 ipse
1001 1674 1168 1736 dabis
1198 1695 1417 1737 aureos
1446 1676 1792 1756 Philippeos
1824 1684 2082 1746 centum,
2116 1694 2335 1754 argen-

395 1763 490 1818 tos
521 1759 950 1820 Antoninianos
979 1759 1161 1830 mille,
1197 1763 1353 1822 aeris
1385 1764 1730 1823 sestertium
1769 1761 2033 1823 decie5.“
2251 1757 2265 1763 ’

329 1855 362 1904 9
524 1841 684 1902 Haec
725 1862 822 1904 me
862 1843 1079 1922 legisse
1123 1851 1301 1907 teneo
1353 1845 1426 1906 de
1476 1847 1734 1907 Bonoso.
1782 1853 1841 1906 et
1878 1847 2047 1926 potui
2094 1845 2339 1923 quidem

396 1925 616 1988 horum
657 1929 840 1988 uitam
886 1931 1218 2008 praeterire
1259 1949 1414 2011 quos
1456 1949 1631 1992 nemo
1662 1930 2002 2011 quaerebat,
2050 1937 2333 2000 attamen,
2368 1950 2413 1989 20
2499 2000 2509 2019 η

398 2013 660 2092 ηθχᾳυίἀ
701 2013 840 2073 fidei
881 2014 1136 2085 deess‘et,
1186 2017 1361 2076 etiam
1410 2014 1483 2075 de
1526 2014 1623 2076 his
1655 2033 1805 2093 quae
1838 2014 2167 2076 didiceram
2198 2016 2336 2075 inti-

297 2113 362 2166 10
397 2097 612 2158 manda
643 2099 869 2159 curaui.
906 2108 1229 2178 supersunt
1259 2099 1410 2160 mihi
1442 2099 1625 2160 Carus
1658 2101 1907 2162 Carinus
1941 2107 1999 2160 et
2022 2099 2336 2161 Numeria-

396 2199 706 2326 nusisnam
731 2183 1164 2327 tDiocletianus
1209 2193 1267 2245 et
1314 2185 1419 2264 qui
1463 2192 1765 2277 secuntur·
1793 2184 1928 2246 stilo
1973 2186 2202 2256 maiore
2250 2185 2336 2244 di-

397 2285 506 2326 cen
551 2285 572 2326 1
612 2285 728 2326 sun
757 2313 770 2328 .

533 2452 566 2499 2
591 2451 930 2502 trachiarum
952 2453 1005 2502 P
1149 2457 1180 2505 5
1205 2453 1451 2519 gellonia
1476 2451 1603 2503 BP¹
1641 2452 1699 2518 (a.
1718 2460 1907 2520 postea
1929 2453 2092 2517 erae.)
2128 2453 2344 2518 galloni

397 2516 467 2566 M
620 2519 651 2567 6
675 2515 758 2584 ut]
800 2524 898 2569 aut
931 2519 1011 2569 B¹
1187 2524 1218 2572 ’1
1253 2520 1423 2588 apud]
1462 2525 1561 2572 aut
1588 2521 1670 2570 B·
1744 2524 1749 2528 ’
1811 2519 2173 2587 perintum’P
2187 2520 2202 2553 ¹

395 2585 428 2635 8
456 2585 660 2650 singuli
682 2586 849 2636 BPM
983 2588 1240 2638 conuium
1263 2587 1415 2639 ΒίΡι
1442 2588 1603 2653 (corr.
1628 2587 1729 2652 ΡΒ)
1776 2589 1778 2592 ⁴
1872 2592 1933 2640 11
1958 2591 2131 2640 breue
2156 2589 2227 2638 M

399 2654 466 2702 14
488 2668 771 2704 numerum
793 2653 846 2704 B
868 2670 1126 2706 numerus
1150 2657 1218 2706 M
1314 2657 1639 2722 pulliolatas
1662 2656 1715 2706 B
1826 2657 2111 2708 ianthinas
2132 2655 2185 2705 B
2210 2656 2347 2720 hya·

349 2758 354 2762 -
399 2719 684 2772 cinthinas
707 2721 851 2772 P³M
1009 2725 1074 2775 15
1101 2733 1224 2790 post
1259 2726 1577 2778 subsericas
1612 2741 1864 2776 numerum
1888 2725 2145 2776 accidisse
2172 2731 2347 2774 censet

403 2789 654 2853 Hyas-enh,
793 2789 1033 2842 librilem
1057 2809 1158 2844 non
1177 2795 1434 2860 intellego.
1485 2810 1553 2845 an
1575 2789 1830 2843 uirilem?
1879 2793 1949 2858 cf.
1978 2793 2107 2845 Gall.
2134 2795 2202 2842 16
2236 2793 2346 2841 Au-

398 2860 495 2907 rel.
525 2860 589 2906 12
732 2859 795 2909 18
822 2861 1141 2910 sertertium
1163 2860 1241 2910 P¹
1404 2863 1471 2912 20
1494 2860 1757 2912 adtamen
1780 2860 1886 2909 BP
2041 2862 2105 2910 21
2138 2858 2347 2910 didice-

397 2928 526 2974 rant
548 2924 601 2973 B
761 2929 826 2976 22
851 2943 1016 2978 carus
1039 2945 1132 2979 om.
1160 2925 1232 2978 81
1394 2931 1447 2979 in
1472 2930 1540 2980 M
1558 2931 1739 2980 desunt
1762 2946 1843 2978 uu.
1871 2933 1929 2978 et
1954 2928 2347 2989 Numerianus,

399 3007 528 3041 nam
551 2993 732 3044 Diocl.
758 3021 824 3031 —-
851 2995 970 3046 Gar.
989 2999 1032 3046 ‘4
1058 2995 1417 3062 delegabant.
1468 2993 1733 3063 ego·uer'o

1173 3269 1581 3278 ψ
