2517 3884
360 161 442 226 38
853 145 867 151 ”
1053 166 1182 221 tvm
1225 165 1594 224 cArtrole

363 341 422 394 et
455 333 812 399 excedentes
841 331 1089 404 modum
1113 335 1406 393 rationem
1432 335 1729 395 factorum
1764 353 2009 394 suorum
2034 333 2293 396 reddere

361 419 667 498 praecepit
697 435 808 478 nec
837 436 1118 497 umquam
1150 416 1272 479 ullo
1305 417 1557 479 laetatus
1601 427 1691 480 est
1736 419 1933 488 lucro,
1999 437 2115 498 quo
2148 439 2289 499 pro-

291 517 324 566 2
361 502 632 564 uincialis
663 521 987 582 oppressus
1020 512 1126 564 est.
1165 510 1373 564 contra
1408 510 1831 582 procuratores
1860 523 2003 566 suos
2034 523 2295 584 conque-

293 603 326 651 3
361 595 564 650 rentes
604 587 862 648 libenter
907 587 1147 648 audiuit.
1225 590 1277 648 is
1347 594 1499 667 quos
1528 589 1863 650 Hadrianus
1908 589 2299 652 damnauerat

362 677 423 734 in
455 679 665 734 senatu
695 671 1092 750 indulgentias
1123 675 1270 752 petit
1302 673 1537 743 dicenS,
1586 675 1765 735 etiam
1806 676 2003 754 ipsum
2044 674 2291 736 Hadria·
2348 687 2374 726 5

291 772 327 819 4
365 777 505 819 num
529 755 651 818 'hoc
708 759 894 818 fuisse
945 758 1264 819 facturum.
1339 760 1797 838 imperatorium
1854 760 2161 838 fastigium
2220 760 2293 820 ad

363 861 656 905 summam
688 842 1037 904 ciuilitatem
1079 842 1355 913 deduxit,
1389 843 1549 907 unde
1590 843 1723 923 plus
1752 847 1959 914 creuit,
2006 863 2289 906 recusan-

359 929 518 990 tibus
576 926 784 989 aulicis
843 929 1150 998 ministris,
1213 929 1316 1008 qui
1375 927 1477 988 illo
1536 927 1685 991 nihil
1724 946 1833 1008 per
1889 931 2291 990 internuntios

361 1020 572 1092 agente
621 1031 734 1074 nec
774 1021 1007 1075 terrere
1060 1020 1341 1092 poterant
1380 1011 1655 1075 homines
1696 1013 2009 1092 aliquando
2070 1032 2183 1076 nec
2224 1032 2293 1074 ea

290 1113 323 1161 5
361 1116 513 1176 quae
543 1097 774 1159 occulta
805 1116 924 1160 non
958 1105 1130 1158 erant
1161 1097 1443 1159 uendere.
1508 1100 1744 1160 senatui
1800 1105 2025 1160 tantum
2080 1098 2293 1160 detulit
2322 1113 2373 1152 10

358 1187 682 1264 imperator
726 1191 1044 1261 quantum,
1079 1201 1212 1244 cum
1257 1185 1529 1262 priuatus
1573 1194 1761 1254 esset,
1804 1184 2029 1244 deferri
2072 1181 2189 1244 sibi
2218 1183 2293 1244 ab

291 1283 324 1329 6
362 1268 474 1330 alio
507 1270 778 1348 principe
808 1270 1054 1348 optauit.
1104 1270 1296 1348 patris
1327 1271 1558 1348 patriae
1589 1287 1808 1330 nomen
1839 1267 2097 1330 delatum
2130 1287 2164 1328 a
2194 1286 2290 1328 se-

361 1362 521 1424 natu,
556 1354 716 1430 quod
747 1355 942 1432 primo
986 1352 1325 1424 distulerat,
1375 1372 1513 1416 cum
1553 1355 1777 1432 ingenti
1820 1354 2145 1431 gratiarum
2191 1371 2291 1414 ac-

291 1454 321 1501 7
359 1442 521 1500 tione
554 1440 830 1518 suscepit.
879 1440 1057 1499 tertio
1091 1457 1246 1499 anno
1279 1439 1517 1518 imperii
1546 1441 1639 1500 sui
1671 1439 2011 1500 Faustinam
2040 1455 2293 1498 uxorem

359 1523 636 1604 perdidit,
689 1541 840 1602 quae
871 1541 900 1583 a
935 1531 1142 1584 senatu
1177 1531 1523 1585 consecrata
1556 1531 1646 1585 est
1677 1523 1887 1585 delatis
1918 1521 2292 1584 circensibus
2318 1536 2371 1576 15

253 1605 260 1610 ’
359 1619 536 1686 atque
565 1607 788 1688 templo
823 1615 880 1668 et
912 1607 1225 1669 flaminicis
1272 1615 1333 1670 et
1362 1611 1573 1670 statuis
1618 1611 1816 1670 aureis
1858 1617 2037 1688 atque
2079 1625 2296 1686 argen-

359 1696 502 1761 teis;
551 1712 683 1753 cum
719 1695 896 1754 etiam
926 1694 1054 1772 ipse
1074 1691 1188 1754 hoc
1219 1695 1605 1763 concesserit,
1638 1701 1703 1754 ut
1726 1695 1919 1772 imago
1958 1695 2086 1754 eius
2140 1711 2288 1754 cun-

290 1792 323 1839 8
361 1780 472 1840 ctis
503 1777 872 1840 circensibus
897 1786 1242 1857 poneretur.
1284 1785 1539 1839 statuam
1578 1796 1819 1839 auream
1852 1779 2103 1840 delatam
2136 1798 2171 1840 a
2200 1796 2297 1839 se-

291 1877 324 1924 9
360 1871 502 1926 natu
532 1865 784 1942 positam
803 1865 1102 1942 suscepit.
1147 1863 1222 1924 M
1257 1864 1623 1925 Antoninum
1665 1871 2041 1941 quaestorem
2074 1881 2289 1924 consu-

262 1961 326 2008 10
361 1949 478 2009 lem
510 1955 750 2027 petente
795 1955 1006 2008 senatu
1047 1950 1293 2009 creauit.
1368 1950 1627 2010 Annium
1658 1950 1909 2019 Verum,
1946 1950 2045 2026 qui
2086 1955 2293 2028 postea
2320 1961 2373 2000 20

361 2033 552 2095 dictus
585 2040 673 2095 est
700 2033 1052 2104 AntoninuS,
1085 2041 1222 2094 ante
1252 2040 1487 2113 tempus
1518 2039 1897 2112 quaestorem
1938 2033 2293 2110 designauit.

263 2131 323 2178 11
362 2137 556 2197 neque
589 2119 662 2179 de
677 2121 1002 2219 prouinciis
1040 2137 1237 2198 neque
1270 2118 1344 2178 de
1374 2117 1510 2179 ullis
1540 2117 1770 2180 actibus
1801 2111 2121 2195 quicquam
2150 2136 2294 2178 con-

362 2206 568 2274 stituit,
603 2205 718 2265 nisi
747 2203 904 2282 quod
934 2205 1100 2283 prius
1130 2200 1251 2264 ad
1229 2205 1450 2264 amicos
1480 2202 1723 2273 rettulit,
1759 2211 1935 2283 atque
1974 2221 2046 2264 ex
2084 2221 2297 2263 eorum

262 2300 326 2348 12
363 2291 654 2349 sententia
685 2290 909 2349 formas
945 2289 1281 2366 conposuit.
1341 2289 1508 2347 uisus
1552 2295 1644 2348 est
1684 2305 1826 2348 sane
1870 2287 1943 2348 ab
1987 2288 2193 2347 amicis
2236 2294 2295 2348 et

363 2391 501 2433 cum
531 2373 778 2451 priuatis
809 2371 1074 2431 uestibus
1107 2378 1166 2430 et
1195 2371 1521 2431 domestica
1555 2371 1847 2448 quaedam
1880 2387 2117 2446 gerens.
2240 2393 2244 2396 ·
2320 2384 2372 2424 25

291 2457 328 2520 7
487 2457 674 2517 Tanta
717 2472 858 2515 sane
889 2453 1192 2532 diligentia
1222 2453 1527 2514 subiectos
1578 2453 1692 2516 sibi
1736 2453 1987 2532 populos
2027 2455 2183 2514 rexit
2228 2461 2295 2513 ut

361 2542 558 2601 omnia
607 2548 665 2599 et
706 2556 948 2607 omneS,
1011 2539 1182 2617 quasi
1227 2555 1329 2598 sua
1362 2545 1591 2607 essent,
1626 2546 1880 2599 curaret.
1943 2539 2293 2617 prouinciae

291 2643 326 2690 2
362 2623 471 2685 sub
516 2642 585 2685 eo
626 2629 872 2683 cunctae
903 2621 1256 2684 floruerunt.
1316 2621 1813 2702 quadruplatores
1857 2623 2104 2684 extincti
2134 2630 2290 2684 sunt.

293 2729 326 2776 3
361 2707 683 2789 publicatio
707 2706 1000 2768 bonorum
1031 2709 1226 2768 rarior
1257 2723 1434 2784 quam
1463 2727 1741 2788 umquam
1773 2709 1903 2783 suit,
1933 2710 2015 2768 ita
2049 2715 2113 2769 ut
2135 2726 2293 2768 unus

361 2801 591 2856 tantum
623 2790 1099 2872 proscriberetur
1129 2791 1457 2854 adfectatae
1500 2793 1832 2873 tyrannidis
1862 2813 2021 2864 reuS,
2055 2793 2171 2854 hoc
2200 2800 2291 2854 est
2319 2807 2368 2847 30

360 2879 572 2940 Atilius
601 2879 886 2947 TitianuS,
920 2885 1130 2939 senatu
1161 2880 1464 2956 puniente,
1514 2897 1545 2939 a
1580 2895 1699 2956 quo
1741 2881 2014 2940 conscios
2059 2879 2291 2958 requiri

470 3084 496 3131 1
533 3081 889 3132 tercedentes
914 3079 964 3130 B
1013 3079 1349 3131 excedentes
1373 3083 1423 3131 P
1446 3080 1660 3146 (exced.
1686 3085 1740 3132 in
1762 3081 1895 3145 raa.)
1921 3081 1992 3132 M
2016 3083 2072 3129 et
2099 3079 2291 3129 exced.

362 3152 552 3214 scripsi
576 3147 770 3212 (Iord.)
908 3149 1123 3200 ratione
1151 3149 1429 3200 facturum
1452 3149 1502 3200 B
1641 3155 1671 3199 2
1696 3149 1808 3200 ullo
1832 3165 1927 3200 om.
1955 3147 2016 3198 M
2150 3149 2183 3196 4
2206 3147 2294 3196 his

367 3218 531 3268 BPM
640 3219 672 3268 8
697 3214 914 3282 aulicis]
943 3219 996 3267 in
1019 3216 1069 3267 B
1094 3217 1191 3268 lici
1213 3219 1267 3267 in
1290 3235 1396 3270 ras,
1540 3219 1601 3268 11
1630 3217 1847 3268 deferre
1874 3215 1943 3265 B¹
2089 3216 2151 3265 15
2178 3230 2293 3264 cer-

367 3287 622 3337 censibus
647 3283 715 3335 B¹
860 3287 922 3334 16
958 3289 1176 3336 statuas
1209 3284 1279 3335 B¹
1423 3288 1485 3337 18
1524 3287 1727 3336 circum
1751 3283 1820 3334 B¹
1960 3285 2026 3333 23
2063 3297 2129 3332 ex
2165 3284 2217 3332 t'n
2240 3282 2292 3332 B

362 3371 476 3419 sup.
502 3357 588 3405 lin.
727 3355 791 3404 27
818 3368 1006 3404 amnes
1029 3352 1081 3402 B
1229 3356 1295 3404 30
1360 3354 1760 3404 roscribaretur
1785 3353 1833 3402 P
1944 3349 2288 3416 adfectatae]

367 3428 458 3472 tae
483 3425 535 3473 in
557 3422 609 3472 B
633 3425 685 3472 in
709 3438 817 3474 ras.
957 3423 1018 3472 31
1047 3370 1399 3488 punientefu
1423 3424 1475 3471 in
1499 3420 1602 3471 BP
1623 3424 1674 3471 in
1697 3437 1801 3472 ras,
1910 3419 2131 3470 conscio
2154 3417 2295 3470 B¹P¹

364 3492 618 3542 conscios
644 3488 797 3541 B²P³
