2517 3884
359 169 440 234 78
962 171 1303 228 TREBELLII
1345 171 1689 230 POLLIONIS

358 349 529 410 runt,
586 359 722 402 cum
763 355 916 418 aqua
958 339 1109 402 salsa
1153 343 1215 400 in
1255 341 1433 401 fossis
1476 341 1811 419 appareret.
1888 343 2076 402 maria
2118 343 2296 403 etiam

291 437 324 487 5
361 427 578 490 multas
621 425 802 488 urbes
842 433 1232 504 occuparunt.
1310 444 1427 505 pax
1467 427 1650 504 igitur
1694 426 1867 486 deum
1910 428 2293 504 quaesitaqin-

359 514 579 594 spectis
611 510 868 592 Sibyllae
911 509 1113 581 libris,
1134 512 1499 590 „factumque
1532 510 1663 572 Ioui
1695 511 1978 582 Salutari,
2023 520 2094 573 ut
2118 529 2295 592 prae·

359 605 598 678 ceptum
630 598 842 666 fuerat,
887 597 1262 657 sacrificium.
1325 615 1462 657 nam
1492 603 1552 656 et
1581 597 1923 677 pestilentia
1954 594 2116 658 tanta
2150 598 2294 659 exti-

358 691 514 745 terat
541 682 642 744 uel
671 681 895 743 Romae
925 681 1024 742 uel
1053 683 1115 742 in
1137 680 1405 744 Achaicis
1437 681 1708 753 urbibuS,
1740 689 1809 744 ut
1842 701 1960 744 uno
1992 683 2087 743 die
2119 684 2293 760 quin·
2347 695 2373 738 5

291 778 322 826 6
360 787 476 848 que
505 767 664 829 milia
694 767 1001 828 hominum
1034 769 1166 846 pari
1201 767 1415 829 morbo
1457 769 1745 847 perirent.
1821 768 2141 830 Saeuiente
2170 768 2291 829 for-

357 863 517 923 tuna,
553 871 688 914 cum
717 852 857 913 hinc
885 859 1086 914 terrae
1115 858 1332 922 motus,
1364 852 1504 914 inde
1534 852 1729 914 hiatus
1760 853 1887 924 soli,
1936 873 2007 914 ex
2038 853 2295 915 diuersis

357 938 631 1022 partibus
659 937 999 1018 pestilentia
1030 938 1239 1001 orbem
1274 939 1606 999 Romanam
1636 945 1931 1008 uastaret,
1980 945 2153 1018 capto
2184 940 2293 999 Va·
2374 987 2377 990 .

358 1025 618 1094 leriano,
665 1022 847 1085 Gallis
888 1030 1059 1103 parte
1092 1025 1347 1090 maxima
1380 1022 1671 1093 obsessiS,
1718 1043 1856 1086 cum
1885 1023 2107 1086 bellum
2138 1023 2293 1085 Ode·

359 1117 536 1172 natus
586 1110 863 1178 inferret,
927 1128 1063 1170 cum
1102 1107 1397 1170 Aureolus
1447 1118 1847 1189 perurgueret
1889 1156 2108 1171 .......
2160 1129 2294 1170 cum
2325 1125 2379 1164 10

359 1194 722 1258 Aemilianus
733 1197 1061 1273 Aegyptum
1074 1200 1440 1273 occupasset,
1460 1194 1712 1255 Gothori
1722 1197 1951 1256 clodius
1954 1241 2296 1266 ...........

360 1301 394 1342 a
425 1297 544 1358 quo
576 1280 798 1341 dictum
832 1291 924 1340 est
955 1281 1254 1358 superius,
1291 1279 1501 1340 Gothis
1542 1279 1795 1340 inditum
1829 1287 1947 1350 est,
1994 1282 2297 1358 occupatis

359 1365 630 1427 Thraciis
650 1412 666 1436 ,
711 1363 1114 1426 Macedoniam
1147 1371 1560 1434 uastauerunt,
1608 1364 2089 1427 Thessalonicam
2124 1363 2297 1425 obse-

361 1452 608 1521 derunt,
653 1467 848 1529 neque
882 1466 1133 1527 usquam
1164 1467 1303 1530 spes
1344 1449 1726 1511 mediocriter
1766 1450 1972 1514 salutis
2004 1455 2301 1511 ostentata

293 1545 322 1594 7
363 1543 470 1597 est.
537 1552 688 1612 quae
721 1535 917 1594 omnia
951 1536 1425 1615 contemptu,1ut
1456 1537 1693 1614 saepius
1724 1535 2000 1606 diximus,
2047 1535 2298 1596 Gallieni
2326 1549 2379 1590 15

362 1620 612 1688 fiebant,
659 1618 919 1680 hominis
965 1619 1432 1680 luxuriosissimi
1475 1627 1561 1690 et,
1610 1621 1665 1681 si
1706 1628 1867 1682 esset
1896 1638 2174 1691 securus,
2226 1620 2299 1681 ad

309 1761 316 1765 .
363 1723 538 1766 omne
569 1704 828 1766 dedecus
856 1706 1236 1783 paratissimi.

285 1787 326 1850 6
485 1791 819 1868 Pugnatum
861 1797 952 1850 est
991 1791 1056 1850 in
1096 1790 1317 1851 Achaia
1358 1789 1657 1852 Marciano
1692 1791 1843 1852 duce
1903 1798 2109 1852 contra
2166 1809 2297 1852 eos·

291 1887 322 1936 2
361 1875 496 1936 dem
527 1875 771 1945 GothoS,
824 1874 982 1936 unde
1023 1876 1170 1936 uicti
1208 1894 1320 1955 per
1371 1875 1639 1950 Achaeos
1680 1883 2085 1939 recesserunt.
2150 1876 2296 1960 Scy-

359 1961 503 2022 thae
550 1967 779 2031 autem,
834 1959 950 2022 hoc
993 1967 1083 2022 est
1122 1979 1263 2041 pars
1305 1961 1667 2030 Gothorum,
1719 1960 1918 2024 Asiam
1960 1961 2293 2023 uastabant.
2324 1975 2383 2016 20

361 2048 536 2108 etiam
576 2045 867 2126 templum
897 2045 1100 2108 Lunae
1141 2046 1847 2128 Ephesiae‘dispoliatum
1893 2053 1951 2108 et
1985 2049 2299 2108 incensum

292 2144 323 2192 3
362 2141 481 2202 est,
533 2133 699 2193 cuius
741 2149 887 2212 opes
930 2133 1082 2192 sama
1125 2134 1267 2192 satis
1298 2140 1471 2194 notae
1504 2131 1758 2212 populis.
1823 2133 2010 2213 pudet
2034 2131 2299 2212 prodere

358 2221 516 2278 inter
546 2217 694 2278 haec
723 2225 1014 2297 tempora,
1050 2234 1184 2277 cum
1214 2219 1327 2280 ista
1354 2225 1728 2296 gererentur,
1766 2235 1914 2295 quae
1948 2235 2127 2297 saepe
2160 2217 2297 2278 Gal-

293 2316 328 2364 4
361 2303 557 2363 lienus
588 2301 743 2362 malo
774 2303 1012 2380 generis
1042 2301 1290 2362 humani
1321 2305 1491 2382 quasi
1519 2321 1632 2382 per
1660 2304 1858 2364 iocum
1892 2303 2126 2364 dixerit.
2160 2321 2299 2364 nam

363 2405 500 2448 cum
533 2387 587 2446 ei
616 2387 951 2448 nuntiatum
982 2394 1156 2456 esset,
1189 2389 1521 2468 Aegyptum
1553 2387 1899 2460 desciuisse,
1934 2388 2152 2449 dixisse
2175 2389 2297 2449 fer·
2326 2405 2385 2446 25

361 2480 491 2534 tur:
555 2470 788 2542 „Quid‘e
840 2473 968 2532 sine
1017 2471 1142 2532 lino
1192 2473 1479 2552 Aegyptio
1534 2492 1667 2536 esse
1721 2492 1843 2535 non
1892 2475 2301 2553 possumus?“

299 2571 330 2620 5
367 2575 505 2618 cum
535 2563 733 2617 autem
763 2562 1053 2618 uastatam
1083 2557 1281 2618 Asiam
1323 2565 1381 2618 et
1413 2557 1845 2620 elementorum
1888 2560 2299 2620 concussioni·

361 2643 473 2704 bus
505 2649 562 2702 et
593 2639 948 2721 Scytharum
977 2643 1425 2705 incursionibus
1463 2645 1883 2724 comperisset:
1938 2638 2159 2716 „Quian
2203 2645 2299 2704 in·

295 2740 326 2788 6
365 2729 514 2806 quit,
555 2729 684 2788 sine
726 2728 1033 2792 afronitris
1075 2746 1204 2790 esse
1234 2748 1359 2790 non
1387 2748 1707 2809 possumus
1722 2731 1789 2790 *ξ’*
1847 2729 2081 2810 perdita
2112 2727 2301 2790 Gallia
2356 2762 2365 2769 ·

358 2898 454 2948 bia
476 2898 529 2948 B
631 2901 664 2949 3
691 2897 949 2963 factoque
973 2898 1077 2949 BP
1212 2900 1277 2949 10
1298 2907 1419 2964 post
1442 2903 1806 2964 perurgueret
1830 2902 1882 2950 in
1906 2899 1958 2948 P
1974 2905 2111 2963 spat.
2140 2901 2175 2949 3
2201 2899 2300 2948 litt.

357 2964 642 3031 Illyricum
668 2968 800 3017 add.
797 2970 943 3031 ποίῃ.
1057 2968 1118 3017 11
1146 2964 1361 3017 clodius
1386 2983 1479 3019 om.
1505 2967 1634 3018 BP¹
1660 2969 1780 3020 add
1807 2965 1887 3017 P²
1912 2981 1979 3016 ea
2005 2966 2152 3032 quod
2176 2967 2301 3018 add.

367 3034 487 3085 Vni.
513 3037 568 3084 in
590 3034 654 3084 M
677 3038 815 3084 nulla
835 3037 1018 3084 lacuna
1156 3037 1218 3086 13
1241 3035 1436 3086 traciis
1458 3035 1562 3085 BP
1696 3038 1762 3086 14
1784 3035 1945 3100 quies
1967 3051 2038 3086 m.
2065 3032 2307 3084 salutem

361 3106 646 3153 ostentare
673 3107 758 3153 est
780 3103 884 3153 BP
928 3107 1210 3154 ostentare
1235 3105 1360 3154 uisa
1386 3108 1448 3154 ut
1474 3108 1559 3154 est
1592 3105 1660 3154 M
1677 3119 1768 3157 em.
1794 3103 1837 3153 S
1972 3104 2037 3153 18
2062 3102 2225 3152 achia
2248 3101 2307 3150 B

496 3170 744 3220 mariano
766 3171 871 3221 BP
891 3172 1177 3222 Macriano
1202 3173 1269 3222 M
1289 3189 1379 3222 em.
1411 3173 1452 3222 0
1600 3175 1661 3222 21
1688 3172 1855 3222 lanae
1880 3171 1945 3222 M
2102 3173 2167 3221 22
2194 3184 2305 3235 ope

359 3237 464 3293 BP
486 3252 624 3303 opus
648 3243 734 3288 est
757 3239 825 3289 M
955 3240 1096 3290 satis
1120 3245 1252 3290 nota
1279 3240 1515 3306 populos
1536 3240 1675 3290 BP
1659 3257 1718 3290 111
1741 3239 1975 3306 populos
2000 3239 2141 3289 satis
2164 3242 2305 3288 nota

361 3305 430 3355 M
447 3307 588 3356 satis
611 3310 779 3356 notae
804 3308 935 3373 uoly.
961 3307 1182 3373 populis
1204 3310 1397 3372 scripsi
1534 3309 1767 3374 perdere
1791 3308 1895 3358 BP
1924 3321 2214 3358 numerare
2240 3305 2315 3356 M
2376 3338 2383 3345 ·

362 3388 453 3423 em.
471 3373 560 3425 Gr.
665 3376 729 3424 23
755 3374 1130 3440 gallienisB
1175 3378 1242 3426 24
1267 3391 1499 3441 generes
1522 3375 1599 3426 P¹
1702 3379 1767 3428 27
1796 3375 2307 3426 concurrisionibus

360 3441 466 3490 BP
489 3442 942 3493 concursionibus
965 3444 1032 3494 M
1053 3444 1509 3495 concussionibus
1534 3445 1653 3495 libri
1678 3445 1718 3494 0
1842 3445 1909 3495 28
1936 3443 2307 3508 cumpetisset

362 3509 413 3558 P
547 3511 611 3560 29
637 3509 896 3560 afonitris
918 3509 989 3559 B¹
1129 3527 1353 3577 possum
1374 3512 1506 3562 BP¹
