<?xml version="1.0" encoding="UTF-8"?>
<!DOCTYPE html PUBLIC "-//W3C//DTD XHTML 1.0 Transitional//EN"
    "http://www.w3.org/TR/xhtml1/DTD/xhtml1-transitional.dtd">
<html xmlns="http://www.w3.org/1999/xhtml" xml:lang="en" lang="en">
 <head>
  <title>
</title>
<meta http-equiv="Content-Type" content="text/html;charset=utf-8" />
  <meta name='ocr-system' content='tesseract 3.04.00' />
  <meta name='ocr-capabilities' content='ocr_page ocr_carea ocr_par ocr_line ocrx_word'/>
</head>
<body>
  <div class='ocr_page' id='page_1' title='image "./scriptoreshisto02petegoog_0059.png"; bbox 0 0 2517 3884; ppageno 0'>
   <div class='ocr_carea' id='block_1_1' title="bbox 332 179 1587 244">
    <p class='ocr_par' dir='ltr' id='par_1_1' title="bbox 332 179 1587 244">
     <span class='ocr_line' id='line_1_1' title="bbox 332 179 1587 244; baseline -0.002 0"><span class='ocrx_word' id='word_1_1' title='bbox 332 179 415 244; x_wconf 80' lang='grc'>22</span> <span class='ocrx_word' id='word_1_2' title='bbox 1021 186 1193 242; x_wconf 85' lang='lat' dir='ltr'><strong>AELII</strong></span> <span class='ocrx_word' id='word_1_3' title='bbox 1238 185 1587 244; x_wconf 81' lang='lat' dir='ltr'><strong>SPARTIANI</strong></span> 
     </span>
    </p>
   </div>
   <div class='ocr_carea' id='block_1_2' title="bbox 125 351 2350 3066">
    <p class='ocr_par' dir='ltr' id='par_1_2' title="bbox 232 351 2272 670">
     <span class='ocr_line' id='line_1_2' title="bbox 334 351 2271 434; baseline 0.002 -22"><span class='ocrx_word' id='word_1_4' title='bbox 334 351 569 422; x_wconf 86' lang='lat' dir='ltr'>habuit,</span> <span class='ocrx_word' id='word_1_5' title='bbox 616 353 775 430; x_wconf 85' lang='lat' dir='ltr'>qnod</span> <span class='ocrx_word' id='word_1_6' title='bbox 818 370 991 431; x_wconf 84' lang='lat' dir='ltr'>reges</span> <span class='ocrx_word' id='word_1_7' title='bbox 1022 371 1242 414; x_wconf 54' lang='lat' dir='ltr'>‘eorum</span> <span class='ocrx_word' id='word_1_8' title='bbox 1296 353 1709 432; x_wconf 84' lang='lat' dir='ltr'>largitionibus</span> <span class='ocrx_word' id='word_1_9' title='bbox 1755 364 2111 434; x_wconf 87' lang='lat' dir='ltr'>prosecutus</span> <span class='ocrx_word' id='word_1_10' title='bbox 2163 363 2271 426; x_wconf 84' lang='lat' dir='ltr'>est,</span> 
     </span>
     <span class='ocr_line' id='line_1_3' title="bbox 232 437 2268 519; baseline 0.001 -19"><span class='ocrx_word' id='word_1_11' title='bbox 232 451 296 500; x_wconf 84' lang='lat'>14</span> <span class='ocrx_word' id='word_1_12' title='bbox 332 456 467 501; x_wconf 87' lang='lat' dir='ltr'>cum</span> <span class='ocrx_word' id='word_1_13' title='bbox 524 437 597 498; x_wconf 90' lang='lat' dir='ltr'>ad</span> <span class='ocrx_word' id='word_1_14' title='bbox 648 437 815 499; x_wconf 91' lang='lat' dir='ltr'>illum</span> <span class='ocrx_word' id='word_1_15' title='bbox 869 439 1077 499; x_wconf 88' lang='lat' dir='ltr'>uenire</span> <span class='ocrx_word' id='word_1_16' title='bbox 1128 441 1644 518; x_wconf 81' lang='lat' dir='ltr'>contempsissent.</span> <span class='ocrx_word' id='word_1_17' title='bbox 1723 459 1899 519; x_wconf 89' lang='lat' dir='ltr'>reges</span> <span class='ocrx_word' id='word_1_18' title='bbox 1945 442 2268 503; x_wconf 62' lang='lat' dir='ltr'>Bactrano÷</span> 
     </span>
     <span class='ocr_line' id='line_1_4' title="bbox 329 523 2272 607; baseline 0.001 -23"><span class='ocrx_word' id='word_1_19' title='bbox 329 542 462 584; x_wconf 86' lang='lat' dir='ltr'>rum</span> <span class='ocrx_word' id='word_1_20' title='bbox 507 523 731 602; x_wconf 85' lang='lat' dir='ltr'>legatos</span> <span class='ocrx_word' id='word_1_21' title='bbox 774 523 846 585; x_wconf 91' lang='lat' dir='ltr'>ad</span> <span class='ocrx_word' id='word_1_22' title='bbox 892 542 1030 585; x_wconf 89' lang='lat' dir='ltr'>eum</span> <span class='ocrx_word' id='word_1_23' title='bbox 1077 525 1370 585; x_wconf 78' lang='lat' dir='ltr'>amicitiae</span> <span class='ocrx_word' id='word_1_24' title='bbox 1413 526 1704 604; x_wconf 86' lang='lat' dir='ltr'>petendae</span> <span class='ocrx_word' id='word_1_25' title='bbox 1747 544 1925 588; x_wconf 83' lang='lat' dir='ltr'>causa</span> <span class='ocrx_word' id='word_1_26' title='bbox 1967 526 2272 607; x_wconf 88' lang='lat' dir='ltr'>supplices</span> 
     </span>
     <span class='ocr_line' id='line_1_5' title="bbox 329 609 638 670; baseline -0.003 0"><span class='ocrx_word' id='word_1_27' title='bbox 329 609 638 670; x_wconf 85' lang='lat' dir='ltr'>miserunt.</span> 
     </span>
    </p>

    <p class='ocr_par' dir='ltr' id='par_1_3' title="bbox 226 689 2350 1114">
     <span class='ocr_line' id='line_1_6' title="bbox 226 689 2350 774; baseline -0.001 -20"><span class='ocrx_word' id='word_1_28' title='bbox 226 689 312 754; x_wconf 79' lang='lat'>22</span> <span class='ocrx_word' id='word_1_29' title='bbox 460 694 717 754; x_wconf 89' lang='lat' dir='ltr'>Tutores</span> <span class='ocrx_word' id='word_1_30' title='bbox 766 694 1113 772; x_wconf 80' lang='lat' dir='ltr'>saepissime</span> <span class='ocrx_word' id='word_1_31' title='bbox 1157 693 1337 755; x_wconf 87' lang='lat' dir='ltr'>dedit.</span> <span class='ocrx_word' id='word_1_32' title='bbox 1421 693 1794 774; x_wconf 87' lang='lat' dir='ltr'>disciplinam</span> <span class='ocrx_word' id='word_1_33' title='bbox 1851 695 2090 757; x_wconf 90' lang='lat' dir='ltr'>ciuilem</span> <span class='ocrx_word' id='word_1_34' title='bbox 2145 715 2268 757; x_wconf 91' lang='lat' dir='ltr'>non</span> <span class='ocrx_word' id='word_1_35' title='bbox 2321 712 2350 752; x_wconf 84' lang='lat'>5</span> 
     </span>
     <span class='ocr_line' id='line_1_7' title="bbox 263 777 2266 858; baseline 0.002 -20"><span class='ocrx_word' id='word_1_36' title='bbox 263 789 294 838; x_wconf 83' lang='lat'><strong>2</strong></span> <span class='ocrx_word' id='word_1_37' title='bbox 331 778 502 840; x_wconf 89' lang='lat' dir='ltr'>aliter</span> <span class='ocrx_word' id='word_1_38' title='bbox 531 780 723 840; x_wconf 89' lang='lat' dir='ltr'>tenuit</span> <span class='ocrx_word' id='word_1_39' title='bbox 754 796 930 856; x_wconf 87' lang='lat' dir='ltr'>quam</span> <span class='ocrx_word' id='word_1_40' title='bbox 961 777 1299 839; x_wconf 88' lang='lat' dir='ltr'>militarem.</span> <span class='ocrx_word' id='word_1_41' title='bbox 1365 787 1674 842; x_wconf 83' lang='lat' dir='ltr'>senatores</span> <span class='ocrx_word' id='word_1_42' title='bbox 1707 789 1764 842; x_wconf 89' lang='lat' dir='ltr'>et</span> <span class='ocrx_word' id='word_1_43' title='bbox 1795 783 2028 858; x_wconf 82' lang='lat' dir='ltr'>equites</span> <span class='ocrx_word' id='word_1_44' title='bbox 2050 781 2266 842; x_wconf 83' lang='lat' dir='ltr'>Roma-</span> 
     </span>
     <span class='ocr_line' id='line_1_8' title="bbox 330 862 2268 942; baseline 0.002 -18"><span class='ocrx_word' id='word_1_45' title='bbox 330 882 443 926; x_wconf 89' lang='lat' dir='ltr'>nos</span> <span class='ocrx_word' id='word_1_46' title='bbox 473 881 712 942; x_wconf 85' lang='lat' dir='ltr'>semper</span> <span class='ocrx_word' id='word_1_47' title='bbox 740 865 803 924; x_wconf 89' lang='lat' dir='ltr'>in</span> <span class='ocrx_word' id='word_1_48' title='bbox 833 862 1073 942; x_wconf 90' lang='lat' dir='ltr'>publico</span> <span class='ocrx_word' id='word_1_49' title='bbox 1100 871 1334 942; x_wconf 86' lang='lat' dir='ltr'>togatos</span> <span class='ocrx_word' id='word_1_50' title='bbox 1365 883 1499 926; x_wconf 89' lang='lat' dir='ltr'>esse</span> <span class='ocrx_word' id='word_1_51' title='bbox 1539 867 1740 936; x_wconf 88' lang='lat' dir='ltr'>iussit,</span> <span class='ocrx_word' id='word_1_52' title='bbox 1777 868 1893 927; x_wconf 89' lang='lat' dir='ltr'>nisi</span> <span class='ocrx_word' id='word_1_53' title='bbox 1931 868 1982 926; x_wconf 90' lang='lat' dir='ltr'>si</span> <span class='ocrx_word' id='word_1_54' title='bbox 2015 885 2047 926; x_wconf 88' lang='lat' dir='ltr'>a</span> <span class='ocrx_word' id='word_1_55' title='bbox 2084 884 2268 927; x_wconf 88' lang='lat' dir='ltr'>caena</span> 
     </span>
     <span class='ocr_line' id='line_1_9' title="bbox 262 949 2266 1031; baseline 0.001 -22"><span class='ocrx_word' id='word_1_56' title='bbox 262 955 294 1002; x_wconf 88' lang='lat'><strong>3</strong></span> <span class='ocrx_word' id='word_1_57' title='bbox 331 956 803 1010; x_wconf 88' lang='lat' dir='ltr'>reuerterentur.</span> <span class='ocrx_word' id='word_1_58' title='bbox 866 950 1023 1027; x_wconf 89' lang='lat' dir='ltr'>ipse,</span> <span class='ocrx_word' id='word_1_59' title='bbox 1058 966 1196 1010; x_wconf 88' lang='lat' dir='ltr'>cum</span> <span class='ocrx_word' id='word_1_60' title='bbox 1238 951 1300 1010; x_wconf 87' lang='lat' dir='ltr'>in</span> <span class='ocrx_word' id='word_1_61' title='bbox 1341 949 1506 1011; x_wconf 84' lang='lat' dir='ltr'>Italia</span> <span class='ocrx_word' id='word_1_62' title='bbox 1537 959 1723 1021; x_wconf 89' lang='lat' dir='ltr'>esset,</span> <span class='ocrx_word' id='word_1_63' title='bbox 1757 951 1996 1031; x_wconf 72' lang='lat' dir='ltr'>semper</span> <span class='ocrx_word' id='word_1_64' title='bbox 2029 958 2266 1028; x_wconf 88' lang='lat' dir='ltr'>togatus</span> 
     </span>
     <span class='ocr_line' id='line_1_10' title="bbox 261 1033 2260 1114; baseline 0.001 -20"><span class='ocrx_word' id='word_1_65' title='bbox 261 1038 295 1086; x_wconf 84' lang='lat'>4</span> <span class='ocrx_word' id='word_1_66' title='bbox 329 1035 641 1114; x_wconf 88' lang='lat' dir='ltr'>prooessit.</span> <span class='ocrx_word' id='word_1_67' title='bbox 680 1033 777 1098; x_wconf 61' lang='lat' dir='ltr'>,ad</span> <span class='ocrx_word' id='word_1_68' title='bbox 810 1035 1154 1095; x_wconf 88' lang='lat' dir='ltr'>conuiuium</span> <span class='ocrx_word' id='word_1_69' title='bbox 1188 1036 1501 1096; x_wconf 87' lang='lat' dir='ltr'>uenientes</span> <span class='ocrx_word' id='word_1_70' title='bbox 1541 1043 1850 1098; x_wconf 83' lang='lat' dir='ltr'>senatores</span> <span class='ocrx_word' id='word_1_71' title='bbox 1891 1043 2054 1096; x_wconf 87' lang='lat' dir='ltr'>stans</span> <span class='ocrx_word' id='word_1_72' title='bbox 2086 1054 2260 1096; x_wconf 86' lang='lat' dir='ltr'>exee-</span> 
     </span>
    </p>

    <p class='ocr_par' dir='ltr' id='par_1_4' title="bbox 242 1117 2346 1539">
     <span class='ocr_line' id='line_1_11' title="bbox 330 1117 2346 1199; baseline 0 -21"><span class='ocrx_word' id='word_1_73' title='bbox 330 1120 417 1198; x_wconf 90' lang='lat' dir='ltr'>pit</span> <span class='ocrx_word' id='word_1_74' title='bbox 448 1137 806 1199; x_wconf 83' lang='lat' dir='ltr'>semperque</span> <span class='ocrx_word' id='word_1_75' title='bbox 848 1125 949 1179; x_wconf 87' lang='lat' dir='ltr'>aut</span> <span class='ocrx_word' id='word_1_76' title='bbox 988 1117 1167 1198; x_wconf 87' lang='lat' dir='ltr'>pallio</span> <span class='ocrx_word' id='word_1_77' title='bbox 1208 1127 1403 1181; x_wconf 82' lang='lat' dir='ltr'>tectus</span> <span class='ocrx_word' id='word_1_78' title='bbox 1443 1120 1740 1182; x_wconf 84' lang='lat' dir='ltr'>discubuit</span> <span class='ocrx_word' id='word_1_79' title='bbox 1781 1123 1898 1182; x_wconf 58' lang='lat' dir='ltr'>aa·</span> <span class='ocrx_word' id='word_1_80' title='bbox 1923 1129 2059 1199; x_wconf 81' lang='lat' dir='ltr'>toga</span> <span class='ocrx_word' id='word_1_81' title='bbox 2101 1139 2263 1182; x_wconf 89' lang='lat' dir='ltr'>sum·</span> <span class='ocrx_word' id='word_1_82' title='bbox 2294 1139 2346 1178; x_wconf 77' lang='grc' dir='ltr'>ιο</span> 
     </span>
     <span class='ocr_line' id='line_1_12' title="bbox 262 1202 2264 1282; baseline 0.001 -18"><span class='ocrx_word' id='word_1_83' title='bbox 262 1208 295 1256; x_wconf 82' lang='lat'>5</span> <span class='ocrx_word' id='word_1_84' title='bbox 331 1205 530 1264; x_wconf 85' lang='lat' dir='ltr'>missa.</span> <span class='ocrx_word' id='word_1_85' title='bbox 584 1202 889 1282; x_wconf 86' lang='lat' dir='ltr'>diligentia</span> <span class='ocrx_word' id='word_1_86' title='bbox 916 1204 1136 1266; x_wconf 88' lang='lat' dir='ltr'>iudicis</span> <span class='ocrx_word' id='word_1_87' title='bbox 1164 1213 1441 1282; x_wconf 88' lang='lat' dir='ltr'>sumptus</span> <span class='ocrx_word' id='word_1_88' title='bbox 1469 1207 1734 1266; x_wconf 88' lang='lat' dir='ltr'>conuiuii</span> <span class='ocrx_word' id='word_1_89' title='bbox 1765 1207 2072 1266; x_wconf 88' lang='lat' dir='ltr'>constituit</span> <span class='ocrx_word' id='word_1_90' title='bbox 2103 1213 2162 1266; x_wconf 91' lang='lat' dir='ltr'>et</span> <span class='ocrx_word' id='word_1_91' title='bbox 2192 1205 2264 1267; x_wconf 88' lang='lat' dir='ltr'>ad</span> 
     </span>
     <span class='ocr_line' id='line_1_13' title="bbox 264 1289 2262 1370; baseline 0.001 -21"><span class='ocrx_word' id='word_1_92' title='bbox 264 1292 296 1340; x_wconf 89' lang='grc'><strong>6</strong></span> <span class='ocrx_word' id='word_1_93' title='bbox 332 1290 593 1350; x_wconf 88' lang='lat' dir='ltr'>anticum</span> <span class='ocrx_word' id='word_1_94' title='bbox 624 1289 867 1350; x_wconf 88' lang='lat' dir='ltr'>modum</span> <span class='ocrx_word' id='word_1_95' title='bbox 898 1289 1150 1370; x_wconf 86' lang='lat' dir='ltr'>redegit.</span> <span class='ocrx_word' id='word_1_96' title='bbox 1210 1289 1484 1351; x_wconf 87' lang='lat' dir='ltr'>uehicula</span> <span class='ocrx_word' id='word_1_97' title='bbox 1530 1308 1665 1351; x_wconf 88' lang='lat' dir='ltr'>cum</span> <span class='ocrx_word' id='word_1_98' title='bbox 1695 1290 2037 1369; x_wconf 84' lang='lat' dir='ltr'>ingentibus</span> <span class='ocrx_word' id='word_1_99' title='bbox 2077 1293 2262 1352; x_wconf 89' lang='lat' dir='ltr'>sarci-</span> 
     </span>
     <span class='ocr_line' id='line_1_14' title="bbox 332 1373 2266 1454; baseline 0.001 -20"><span class='ocrx_word' id='word_1_100' title='bbox 332 1374 428 1434; x_wconf 88' lang='lat' dir='ltr'>nis</span> <span class='ocrx_word' id='word_1_101' title='bbox 460 1373 669 1435; x_wconf 89' lang='lat' dir='ltr'>urbem</span> <span class='ocrx_word' id='word_1_102' title='bbox 700 1373 936 1452; x_wconf 86' lang='lat' dir='ltr'>ingredi</span> <span class='ocrx_word' id='word_1_103' title='bbox 966 1374 1288 1454; x_wconf 87' lang='lat' dir='ltr'>prohibuit.</span> <span class='ocrx_word' id='word_1_104' title='bbox 1359 1375 1560 1436; x_wconf 88' lang='lat' dir='ltr'>sederi</span> <span class='ocrx_word' id='word_1_105' title='bbox 1601 1377 1787 1453; x_wconf 79' lang='lat' dir='ltr'>equo&#39;s</span> <span class='ocrx_word' id='word_1_106' title='bbox 1827 1377 1888 1436; x_wconf 90' lang='lat' dir='ltr'>in</span> <span class='ocrx_word' id='word_1_107' title='bbox 1921 1376 2266 1438; x_wconf 87' lang='lat' dir='ltr'>ciuitatibus</span> 
     </span>
     <span class='ocr_line' id='line_1_15' title="bbox 242 1458 2265 1539; baseline 0.002 -21"><span class='ocrx_word' id='word_1_108' title='bbox 242 1461 292 1511; x_wconf 73' lang='lat'>‘7</span> <span class='ocrx_word' id='word_1_109' title='bbox 332 1476 453 1518; x_wconf 88' lang='lat' dir='ltr'>uon</span> <span class='ocrx_word' id='word_1_110' title='bbox 484 1460 642 1520; x_wconf 87' lang='lat' dir='ltr'>sinit.</span> <span class='ocrx_word' id='word_1_111' title='bbox 702 1467 841 1520; x_wconf 85' lang='lat' dir='ltr'>ante</span> <span class='ocrx_word' id='word_1_112' title='bbox 872 1465 1145 1520; x_wconf 86' lang='lat' dir='ltr'>octauam</span> <span class='ocrx_word' id='word_1_113' title='bbox 1177 1458 1386 1520; x_wconf 78' lang='lat' dir='ltr'>horam</span> <span class='ocrx_word' id='word_1_114' title='bbox 1418 1462 1480 1520; x_wconf 89' lang='lat' dir='ltr'>in</span> <span class='ocrx_word' id='word_1_115' title='bbox 1510 1459 1754 1539; x_wconf 90' lang='lat' dir='ltr'>publico</span> <span class='ocrx_word' id='word_1_116' title='bbox 1799 1461 2100 1522; x_wconf 87' lang='lat' dir='ltr'>neminem</span> <span class='ocrx_word' id='word_1_117' title='bbox 2147 1462 2265 1522; x_wconf 90' lang='lat' dir='ltr'>nisi</span> 
     </span>
    </p>

    <p class='ocr_par' dir='ltr' id='par_1_5' title="bbox 230 1542 2344 1963">
     <span class='ocr_line' id='line_1_16' title="bbox 258 1542 2344 1624; baseline -0.001 -20"><span class='ocrx_word' id='word_1_118' title='bbox 258 1546 293 1596; x_wconf 87' lang='lat'>8</span> <span class='ocrx_word' id='word_1_119' title='bbox 329 1559 577 1620; x_wconf 87' lang='lat' dir='ltr'>aegrum</span> <span class='ocrx_word' id='word_1_120' title='bbox 608 1542 794 1604; x_wconf 86' lang='lat' dir='ltr'>lauari</span> <span class='ocrx_word' id='word_1_121' title='bbox 824 1561 1039 1621; x_wconf 88' lang='lat' dir='ltr'>passus</span> <span class='ocrx_word' id='word_1_122' title='bbox 1070 1551 1177 1604; x_wconf 90' lang='lat' dir='ltr'>est.</span> <span class='ocrx_word' id='word_1_123' title='bbox 1224 1543 1298 1604; x_wconf 89' lang='lat' dir='ltr'>ab</span> <span class='ocrx_word' id='word_1_124' title='bbox 1331 1545 1600 1623; x_wconf 89' lang='lat' dir='ltr'>epistulis</span> <span class='ocrx_word' id='word_1_125' title='bbox 1633 1553 1692 1606; x_wconf 88' lang='lat' dir='ltr'>et</span> <span class='ocrx_word' id='word_1_126' title='bbox 1721 1565 1754 1607; x_wconf 88' lang='lat' dir='ltr'>a</span> <span class='ocrx_word' id='word_1_127' title='bbox 1784 1544 2001 1606; x_wconf 87' lang='lat' dir='ltr'>libellis</span> <span class='ocrx_word' id='word_1_128' title='bbox 2032 1547 2263 1624; x_wconf 84' lang='lat' dir='ltr'>primus</span> <span class='ocrx_word' id='word_1_129' title='bbox 2293 1563 2344 1602; x_wconf 86' lang='lat'>15</span> 
     </span>
     <span class='ocr_line' id='line_1_17' title="bbox 260 1626 2262 1709; baseline 0.001 -21"><span class='ocrx_word' id='word_1_130' title='bbox 260 1631 291 1679; x_wconf 85' lang='lat'>9</span> <span class='ocrx_word' id='word_1_131' title='bbox 330 1629 565 1705; x_wconf 89' lang='lat' dir='ltr'>equites</span> <span class='ocrx_word' id='word_1_132' title='bbox 595 1627 895 1688; x_wconf 87' lang='lat' dir='ltr'>Romanos</span> <span class='ocrx_word' id='word_1_133' title='bbox 925 1626 1150 1688; x_wconf 85' lang='lat' dir='ltr'>habuit.</span> <span class='ocrx_word' id='word_1_134' title='bbox 1210 1646 1314 1688; x_wconf 89' lang='lat' dir='ltr'>eos</span> <span class='ocrx_word' id='word_1_135' title='bbox 1345 1645 1497 1706; x_wconf 88' lang='lat' dir='ltr'>quos</span> <span class='ocrx_word' id='word_1_136' title='bbox 1537 1647 1834 1709; x_wconf 78' lang='lat' dir='ltr'>pauperes</span> <span class='ocrx_word' id='word_1_137' title='bbox 1875 1637 1935 1690; x_wconf 92' lang='lat' dir='ltr'>et</span> <span class='ocrx_word' id='word_1_138' title='bbox 1977 1632 2262 1692; x_wconf 88' lang='lat' dir='ltr'>innocen-</span> 
     </span>
     <span class='ocr_line' id='line_1_18' title="bbox 328 1711 2262 1791; baseline 0.002 -19"><span class='ocrx_word' id='word_1_139' title='bbox 328 1720 421 1772; x_wconf 89' lang='lat' dir='ltr'>tes</span> <span class='ocrx_word' id='word_1_140' title='bbox 473 1711 622 1772; x_wconf 88' lang='lat' dir='ltr'>uidit</span> <span class='ocrx_word' id='word_1_141' title='bbox 676 1719 889 1791; x_wconf 87' lang='lat' dir='ltr'>sponte</span> <span class='ocrx_word' id='word_1_142' title='bbox 942 1712 1183 1781; x_wconf 87' lang='lat' dir='ltr'>ditauit,</span> <span class='ocrx_word' id='word_1_143' title='bbox 1240 1729 1393 1790; x_wconf 90' lang='lat' dir='ltr'>quos</span> <span class='ocrx_word' id='word_1_144' title='bbox 1444 1732 1590 1774; x_wconf 87' lang='lat' dir='ltr'>uero</span> <span class='ocrx_word' id='word_1_145' title='bbox 1644 1713 1964 1776; x_wconf 86' lang='lat' dir='ltr'>calliditate</span> <span class='ocrx_word' id='word_1_146' title='bbox 2025 1714 2262 1785; x_wconf 79' lang='lat' dir='ltr'>ditatoS,</span> 
     </span>
     <span class='ocr_line' id='line_1_19' title="bbox 230 1796 2261 1876; baseline 0.001 -20"><span class='ocrx_word' id='word_1_147' title='bbox 230 1801 293 1849; x_wconf 87' lang='grc'>10</span> <span class='ocrx_word' id='word_1_148' title='bbox 330 1798 511 1858; x_wconf 89' lang='lat' dir='ltr'>etiam</span> <span class='ocrx_word' id='word_1_149' title='bbox 542 1796 680 1858; x_wconf 90' lang='lat' dir='ltr'>odio</span> <span class='ocrx_word' id='word_1_150' title='bbox 712 1796 938 1858; x_wconf 88' lang='lat' dir='ltr'>habuit.</span> <span class='ocrx_word' id='word_1_151' title='bbox 1006 1815 1173 1860; x_wconf 84' lang='lat' dir='ltr'>sacra</span> <span class='ocrx_word' id='word_1_152' title='bbox 1202 1797 1468 1860; x_wconf 85' lang='lat' dir='ltr'>Romana</span> <span class='ocrx_word' id='word_1_153' title='bbox 1509 1798 1964 1876; x_wconf 84' lang='lat' dir='ltr'>diligentissime</span> <span class='ocrx_word' id='word_1_154' title='bbox 2009 1801 2261 1869; x_wconf 89' lang='lat' dir='ltr'>curauit,</span> 
     </span>
     <span class='ocr_line' id='line_1_20' title="bbox 330 1883 2256 1963; baseline 0.001 -21"><span class='ocrx_word' id='word_1_155' title='bbox 330 1884 649 1961; x_wconf 87' lang='lat' dir='ltr'>peregrina</span> <span class='ocrx_word' id='word_1_156' title='bbox 681 1883 1055 1961; x_wconf 86' lang='lat' dir='ltr'>contempsit.</span> <span class='ocrx_word' id='word_1_157' title='bbox 1114 1883 1412 1962; x_wconf 81' lang='lat' dir='ltr'>pontificis</span> <span class='ocrx_word' id='word_1_158' title='bbox 1443 1885 1682 1944; x_wconf 87' lang='lat' dir='ltr'>maximi</span> <span class='ocrx_word' id='word_1_159' title='bbox 1713 1885 1971 1946; x_wconf 82' lang='lat' dir='ltr'>officium</span> <span class='ocrx_word' id='word_1_160' title='bbox 2006 1886 2256 1963; x_wconf 84' lang='lat' dir='ltr'>peregit.</span> 
     </span>
    </p>

    <p class='ocr_par' dir='ltr' id='par_1_6' title="bbox 125 1967 2338 2387">
     <span class='ocr_line' id='line_1_21' title="bbox 231 1967 2338 2046; baseline -0 -19"><span class='ocrx_word' id='word_1_161' title='bbox 231 1970 291 2018; x_wconf 88' lang='grc'>11</span> <span class='ocrx_word' id='word_1_162' title='bbox 332 1985 539 2028; x_wconf 87' lang='lat' dir='ltr'>causas</span> <span class='ocrx_word' id='word_1_163' title='bbox 570 1967 792 2030; x_wconf 87' lang='lat' dir='ltr'>Romae</span> <span class='ocrx_word' id='word_1_164' title='bbox 835 1976 1013 2045; x_wconf 84' lang='lat' dir='ltr'>atque</span> <span class='ocrx_word' id='word_1_165' title='bbox 1052 1969 1116 2027; x_wconf 90' lang='lat' dir='ltr'>in</span> <span class='ocrx_word' id='word_1_166' title='bbox 1155 1969 1488 2046; x_wconf 88' lang='lat' dir='ltr'>prouinciis</span> <span class='ocrx_word' id='word_1_167' title='bbox 1518 1970 1868 2046; x_wconf 82' lang='lat' dir='ltr'>frequenter</span> <span class='ocrx_word' id='word_1_168' title='bbox 1899 1970 2126 2030; x_wconf 88' lang='lat' dir='ltr'>audiuit</span> <span class='ocrx_word' id='word_1_169' title='bbox 2156 1969 2338 2031; x_wconf 76' lang='lat' dir='ltr'>ad-·2o</span> 
     </span>
     <span class='ocr_line' id='line_1_22' title="bbox 328 2050 2261 2134; baseline 0.001 -22"><span class='ocrx_word' id='word_1_170' title='bbox 328 2050 533 2114; x_wconf 82' lang='lat' dir='ltr'>hibitis</span> <span class='ocrx_word' id='word_1_171' title='bbox 561 2054 624 2114; x_wconf 92' lang='lat' dir='ltr'>in</span> <span class='ocrx_word' id='word_1_172' title='bbox 656 2051 906 2114; x_wconf 86' lang='lat' dir='ltr'>consilio</span> <span class='ocrx_word' id='word_1_173' title='bbox 936 2069 1047 2114; x_wconf 88' lang='lat' dir='ltr'>suo</span> <span class='ocrx_word' id='word_1_174' title='bbox 1070 2052 1416 2114; x_wconf 88' lang='lat' dir='ltr'>consulibus</span> <span class='ocrx_word' id='word_1_175' title='bbox 1445 2060 1624 2131; x_wconf 89' lang='lat' dir='ltr'>atque</span> <span class='ocrx_word' id='word_1_176' title='bbox 1652 2053 2032 2134; x_wconf 85' lang='lat' dir='ltr'>praetoribus</span> <span class='ocrx_word' id='word_1_177' title='bbox 2065 2063 2123 2114; x_wconf 89' lang='lat' dir='ltr'>et</span> <span class='ocrx_word' id='word_1_178' title='bbox 2155 2073 2261 2134; x_wconf 88' lang='lat' dir='ltr'>op-</span> 
     </span>
     <span class='ocr_line' id='line_1_23' title="bbox 125 2135 2261 2220; baseline 0 -21"><span class='ocrx_word' id='word_1_179' title='bbox 125 2135 292 2188; x_wconf 63' lang='lat'>1213</span> <span class='ocrx_word' id='word_1_180' title='bbox 330 2140 513 2199; x_wconf 86' lang='lat' dir='ltr'>tumis</span> <span class='ocrx_word' id='word_1_181' title='bbox 544 2137 935 2200; x_wconf 84' lang='lat' dir='ltr'>senatoribus.</span> <span class='ocrx_word' id='word_1_182' title='bbox 985 2138 1276 2199; x_wconf 85' lang='lat' dir='ltr'>Fucinum</span> <span class='ocrx_word' id='word_1_183' title='bbox 1317 2137 1510 2200; x_wconf 87' lang='lat' dir='ltr'>lacum</span> <span class='ocrx_word' id='word_1_184' title='bbox 1543 2140 1756 2200; x_wconf 88' lang='lat' dir='ltr'>emisit.</span> <span class='ocrx_word' id='word_1_185' title='bbox 1805 2145 2084 2220; x_wconf 87' lang='lat' dir='ltr'>quattuor</span> <span class='ocrx_word' id='word_1_186' title='bbox 2115 2157 2261 2200; x_wconf 86' lang='lat' dir='ltr'>con-</span> 
     </span>
     <span class='ocr_line' id='line_1_24' title="bbox 228 2221 2261 2303; baseline -0 -19"><span class='ocrx_word' id='word_1_187' title='bbox 228 2225 292 2273; x_wconf 89' lang='grc'>14</span> <span class='ocrx_word' id='word_1_188' title='bbox 330 2221 559 2284; x_wconf 87' lang='lat' dir='ltr'>sulares</span> <span class='ocrx_word' id='word_1_189' title='bbox 589 2242 699 2302; x_wconf 87' lang='lat' dir='ltr'>per</span> <span class='ocrx_word' id='word_1_190' title='bbox 730 2241 971 2284; x_wconf 88' lang='lat' dir='ltr'>omnem</span> <span class='ocrx_word' id='word_1_191' title='bbox 1003 2222 1235 2285; x_wconf 85' lang='lat' dir='ltr'>ltaliam</span> <span class='ocrx_word' id='word_1_192' title='bbox 1275 2223 1504 2284; x_wconf 88' lang='lat' dir='ltr'>iudices</span> <span class='ocrx_word' id='word_1_193' title='bbox 1534 2226 1860 2286; x_wconf 87' lang='lat' dir='ltr'>constituit.</span> <span class='ocrx_word' id='word_1_194' title='bbox 1929 2223 2166 2303; x_wconf 87' lang='lat' dir='ltr'>quando</span> <span class='ocrx_word' id='word_1_195' title='bbox 2198 2227 2261 2284; x_wconf 87' lang='lat' dir='ltr'>in</span> 
     </span>
     <span class='ocr_line' id='line_1_25' title="bbox 327 2307 2283 2387; baseline 0 -19"><span class='ocrx_word' id='word_1_196' title='bbox 327 2308 585 2368; x_wconf 81' lang='lat' dir='ltr'>Africam</span> <span class='ocrx_word' id='word_1_197' title='bbox 638 2309 833 2376; x_wconf 88' lang='lat' dir='ltr'>uenit,</span> <span class='ocrx_word' id='word_1_198' title='bbox 898 2307 971 2369; x_wconf 87' lang='lat' dir='ltr'>ad</span> <span class='ocrx_word' id='word_1_199' title='bbox 1026 2308 1348 2369; x_wconf 86' lang='lat' dir='ltr'>aduentum</span> <span class='ocrx_word' id='word_1_200' title='bbox 1403 2310 1534 2370; x_wconf 85' lang='lat' dir='ltr'>eius</span> <span class='ocrx_word' id='word_1_201' title='bbox 1594 2318 1730 2387; x_wconf 89' lang='lat' dir='ltr'>post</span> <span class='ocrx_word' id='word_1_202' title='bbox 1781 2310 2283 2387; x_wconf 82' lang='lat' dir='ltr'>quinquennium.</span> 
     </span>
    </p>

    <p class='ocr_par' dir='ltr' id='par_1_7' title="bbox 224 2389 2340 2811">
     <span class='ocr_line' id='line_1_26' title="bbox 328 2389 2340 2470; baseline 0 -18"><span class='ocrx_word' id='word_1_203' title='bbox 328 2391 504 2470; x_wconf 90' lang='lat' dir='ltr'>pluit,</span> <span class='ocrx_word' id='word_1_204' title='bbox 559 2400 735 2469; x_wconf 88' lang='lat' dir='ltr'>atque</span> <span class='ocrx_word' id='word_1_205' title='bbox 786 2391 923 2452; x_wconf 89' lang='lat' dir='ltr'>ideo</span> <span class='ocrx_word' id='word_1_206' title='bbox 973 2389 1049 2452; x_wconf 80' lang='lat' dir='ltr'>ab</span> <span class='ocrx_word' id='word_1_207' title='bbox 1090 2393 1386 2453; x_wconf 82' lang='lat' dir='ltr'>Africanis</span> <span class='ocrx_word' id='word_1_208' title='bbox 1437 2392 1694 2453; x_wconf 84' lang='lat' dir='ltr'>dilectus</span> <span class='ocrx_word' id='word_1_209' title='bbox 1735 2401 1844 2453; x_wconf 89' lang='lat' dir='ltr'>est.</span> <span class='ocrx_word' id='word_1_210' title='bbox 2287 2411 2340 2452; x_wconf 77' lang='lat'>25</span> 
     </span>
     <span class='ocr_line' id='line_1_27' title="bbox 224 2465 2260 2555; baseline 0.002 -24"><span class='ocrx_word' id='word_1_211' title='bbox 224 2465 307 2531; x_wconf 81' lang='lat'>23</span> <span class='ocrx_word' id='word_1_212' title='bbox 441 2475 780 2553; x_wconf 85' lang='lat' dir='ltr'>Peragratis</span> <span class='ocrx_word' id='word_1_213' title='bbox 807 2493 949 2536; x_wconf 87' lang='lat' dir='ltr'>sane</span> <span class='ocrx_word' id='word_1_214' title='bbox 968 2475 1249 2539; x_wconf 86' lang='lat' dir='ltr'>omnibus</span> <span class='ocrx_word' id='word_1_215' title='bbox 1264 2475 1428 2536; x_wconf 89' lang='lat' dir='ltr'>orbis</span> <span class='ocrx_word' id='word_1_216' title='bbox 1449 2476 1722 2555; x_wconf 83' lang='lat' dir='ltr'>partibus</span> <span class='ocrx_word' id='word_1_217' title='bbox 1735 2478 1928 2555; x_wconf 81' lang='lat' dir='ltr'>capite</span> <span class='ocrx_word' id='word_1_218' title='bbox 1941 2474 2100 2536; x_wconf 89' lang='lat' dir='ltr'>nudo</span> <span class='ocrx_word' id='word_1_219' title='bbox 2117 2477 2260 2536; x_wconf 86' lang='lat' dir='ltr'>etin</span> 
     </span>
     <span class='ocr_line' id='line_1_28' title="bbox 264 2560 2258 2640; baseline 0.001 -20"><span class='ocrx_word' id='word_1_220' title='bbox 264 2587 267 2590; x_wconf 44' lang='lat'><strong>⁴</strong></span> <span class='ocrx_word' id='word_1_221' title='bbox 328 2563 575 2621; x_wconf 84' lang='lat' dir='ltr'>summis</span> <span class='ocrx_word' id='word_1_222' title='bbox 589 2560 942 2639; x_wconf 87' lang='lat' dir='ltr'>plerumque</span> <span class='ocrx_word' id='word_1_223' title='bbox 958 2560 1253 2623; x_wconf 88' lang='lat' dir='ltr'>imbribus</span> <span class='ocrx_word' id='word_1_224' title='bbox 1266 2568 1444 2638; x_wconf 87' lang='lat' dir='ltr'>atque</span> <span class='ocrx_word' id='word_1_225' title='bbox 1457 2561 1780 2640; x_wconf 76' lang='lat' dir='ltr'>frigoribus</span> <span class='ocrx_word' id='word_1_226' title='bbox 1797 2564 1860 2622; x_wconf 90' lang='lat' dir='ltr'>in</span> <span class='ocrx_word' id='word_1_227' title='bbox 1873 2560 2152 2622; x_wconf 88' lang='lat' dir='ltr'>morbum</span> <span class='ocrx_word' id='word_1_228' title='bbox 2165 2562 2258 2622; x_wconf 88' lang='lat' dir='ltr'>in-</span> 
     </span>
     <span class='ocr_line' id='line_1_29' title="bbox 258 2644 2262 2725; baseline 0.004 -25"><span class='ocrx_word' id='word_1_229' title='bbox 258 2651 291 2700; x_wconf 81' lang='lat'>2</span> <span class='ocrx_word' id='word_1_230' title='bbox 328 2644 813 2706; x_wconf 76' lang='lat' dir='ltr'>ciditlectualem.</span> <span class='ocrx_word' id='word_1_231' title='bbox 848 2645 1159 2724; x_wconf 83' lang='lat' dir='ltr'>factusque</span> <span class='ocrx_word' id='word_1_232' title='bbox 1188 2645 1264 2706; x_wconf 85' lang='lat' dir='ltr'>de</span> <span class='ocrx_word' id='word_1_233' title='bbox 1293 2663 1643 2708; x_wconf 86' lang='lat' dir='ltr'>successore</span> <span class='ocrx_word' id='word_1_234' title='bbox 1675 2644 1963 2708; x_wconf 89' lang='lat' dir='ltr'>sollicitus</span> <span class='ocrx_word' id='word_1_235' title='bbox 1994 2646 2262 2725; x_wconf 88' lang='lat' dir='ltr'>primum</span> 
     </span>
     <span class='ocr_line' id='line_1_30' title="bbox 328 2729 2256 2811; baseline 0.001 -20"><span class='ocrx_word' id='word_1_236' title='bbox 328 2729 402 2791; x_wconf 91' lang='lat' dir='ltr'>de</span> <span class='ocrx_word' id='word_1_237' title='bbox 417 2729 707 2792; x_wconf 87' lang='lat' dir='ltr'>Seruiano</span> <span class='ocrx_word' id='word_1_238' title='bbox 730 2731 1029 2808; x_wconf 84' lang='lat' dir='ltr'>cogitauit,</span> <span class='ocrx_word' id='word_1_239' title='bbox 1045 2748 1221 2808; x_wconf 85' lang='lat' dir='ltr'>quem</span> <span class='ocrx_word' id='word_1_240' title='bbox 1243 2739 1469 2811; x_wconf 89' lang='lat' dir='ltr'>postea,</span> <span class='ocrx_word' id='word_1_241' title='bbox 1490 2739 1556 2793; x_wconf 91' lang='lat' dir='ltr'>ut</span> <span class='ocrx_word' id='word_1_242' title='bbox 1569 2731 1846 2802; x_wconf 85' lang='lat' dir='ltr'>diximus,</span> <span class='ocrx_word' id='word_1_243' title='bbox 1863 2733 2018 2792; x_wconf 87' lang='lat' dir='ltr'>mori</span> <span class='ocrx_word' id='word_1_244' title='bbox 2039 2734 2256 2810; x_wconf 86' lang='lat' dir='ltr'>coegit,</span> 
     </span>
    </p>

    <p class='ocr_par' dir='ltr' id='par_1_8' title="bbox 258 2816 2336 3066">
     <span class='ocr_line' id='line_1_31' title="bbox 260 2816 2336 2896; baseline 0.002 -26"><span class='ocrx_word' id='word_1_245' title='bbox 260 2821 291 2870; x_wconf 91' lang='lat'>3</span> <span class='ocrx_word' id='word_1_246' title='bbox 326 2817 463 2876; x_wconf 83' lang='lat' dir='ltr'>item</span> <span class='ocrx_word' id='word_1_247' title='bbox 485 2816 763 2885; x_wconf 88' lang='lat' dir='ltr'>Fuscum,</span> <span class='ocrx_word' id='word_1_248' title='bbox 780 2816 937 2893; x_wconf 89' lang='lat' dir='ltr'>quod</span> <span class='ocrx_word' id='word_1_249' title='bbox 962 2818 1278 2895; x_wconf 88' lang='lat' dir='ltr'>imperium</span> <span class='ocrx_word' id='word_1_250' title='bbox 1296 2818 1622 2896; x_wconf 88' lang='lat' dir='ltr'>praesagiis</span> <span class='ocrx_word' id='word_1_251' title='bbox 1647 2824 1706 2878; x_wconf 91' lang='lat' dir='ltr'>et</span> <span class='ocrx_word' id='word_1_252' title='bbox 1727 2817 1980 2878; x_wconf 88' lang='lat' dir='ltr'>ostentis</span> <span class='ocrx_word' id='word_1_253' title='bbox 2003 2818 2258 2894; x_wconf 86' lang='lat' dir='ltr'>agitatus</span> <span class='ocrx_word' id='word_1_254' title='bbox 2284 2835 2336 2874; x_wconf 81' lang='lat'>30</span> 
     </span>
     <span class='ocr_line' id='line_1_32' title="bbox 258 2901 2256 2979; baseline -0.001 -19"><span class='ocrx_word' id='word_1_255' title='bbox 258 2905 294 2954; x_wconf 88' lang='lat'>4</span> <span class='ocrx_word' id='word_1_256' title='bbox 330 2910 618 2979; x_wconf 80' lang='lat' dir='ltr'>speraret.</span> <span class='ocrx_word' id='word_1_257' title='bbox 678 2902 740 2960; x_wconf 90' lang='lat' dir='ltr'>in</span> <span class='ocrx_word' id='word_1_258' title='bbox 771 2919 998 2962; x_wconf 90' lang='lat' dir='ltr'>summa</span> <span class='ocrx_word' id='word_1_259' title='bbox 1032 2902 1422 2962; x_wconf 88' lang='lat' dir='ltr'>detestatione</span> <span class='ocrx_word' id='word_1_260' title='bbox 1455 2901 1662 2963; x_wconf 91' lang='lat' dir='ltr'>habuit</span> <span class='ocrx_word' id='word_1_261' title='bbox 1704 2902 2026 2964; x_wconf 89' lang='lat' dir='ltr'>Pletorium</span> <span class='ocrx_word' id='word_1_262' title='bbox 2061 2901 2256 2979; x_wconf 82' lang='lat' dir='ltr'>Nepo-</span> 
     </span>
     <span class='ocr_line' id='line_1_33' title="bbox 327 2984 2256 3066; baseline 0 -22"><span class='ocrx_word' id='word_1_263' title='bbox 327 2993 477 3054; x_wconf 89' lang='lat' dir='ltr'>tem,</span> <span class='ocrx_word' id='word_1_264' title='bbox 535 3003 711 3064; x_wconf 90' lang='lat' dir='ltr'>quem</span> <span class='ocrx_word' id='word_1_265' title='bbox 760 2993 1073 3066; x_wconf 83' lang='lat' dir='ltr'>tantopere</span> <span class='ocrx_word' id='word_1_266' title='bbox 1126 2995 1263 3048; x_wconf 87' lang='lat' dir='ltr'>ante</span> <span class='ocrx_word' id='word_1_267' title='bbox 1317 2987 1522 3048; x_wconf 81' lang='lat' dir='ltr'>dilexit</span> <span class='ocrx_word' id='word_1_268' title='bbox 1575 2995 1639 3048; x_wconf 91' lang='lat' dir='ltr'>ut</span> <span class='ocrx_word' id='word_1_269' title='bbox 1691 2989 1940 3048; x_wconf 89' lang='lat' dir='ltr'>ueniens</span> <span class='ocrx_word' id='word_1_270' title='bbox 1991 2984 2062 3046; x_wconf 90' lang='lat' dir='ltr'>ad</span> <span class='ocrx_word' id='word_1_271' title='bbox 2117 3003 2256 3045; x_wconf 90' lang='lat' dir='ltr'>eum</span> 
     </span>
    </p>
   </div>
   <div class='ocr_carea' id='block_1_3' title="bbox 328 3170 2267 3578">
    <p class='ocr_par' dir='ltr' id='par_1_9' title="bbox 328 3170 2267 3578">
     <span class='ocr_line' id='line_1_34' title="bbox 430 3170 2262 3237; baseline 0 -16"><span class='ocrx_word' id='word_1_272' title='bbox 430 3173 461 3221; x_wconf 82' lang='lat'><strong>2</strong></span> <span class='ocrx_word' id='word_1_273' title='bbox 486 3171 877 3224; x_wconf 80' lang='lat' dir='ltr'>baccianorum</span> <span class='ocrx_word' id='word_1_274' title='bbox 910 3174 961 3222; x_wconf 89' lang='lat' dir='ltr'><em>V</em></span> <span class='ocrx_word' id='word_1_275' title='bbox 979 3173 1402 3224; x_wconf 75' lang='lat' dir='ltr'>Bactrianorum</span> <span class='ocrx_word' id='word_1_276' title='bbox 1427 3173 1494 3223; x_wconf 89' lang='lat' dir='ltr'><em>M</em></span> <span class='ocrx_word' id='word_1_277' title='bbox 1607 3177 1639 3224; x_wconf 88' lang='grc'><strong><em>3</em></strong></span> <span class='ocrx_word' id='word_1_278' title='bbox 1665 3171 1904 3237; x_wconf 83' lang='lat' dir='ltr'>petende</span> <span class='ocrx_word' id='word_1_279' title='bbox 1932 3170 1982 3219; x_wconf 91' lang='lat' dir='ltr'><em>B</em></span> <span class='ocrx_word' id='word_1_280' title='bbox 2120 3172 2152 3221; x_wconf 84' lang='lat'>5</span> <span class='ocrx_word' id='word_1_281' title='bbox 2176 3175 2262 3221; x_wconf 81' lang='lat' dir='ltr'>ta·</span> 
     </span>
     <span class='ocr_line' id='line_1_35' title="bbox 328 3237 2259 3304; baseline -0.001 -15"><span class='ocrx_word' id='word_1_282' title='bbox 328 3243 478 3290; x_wconf 87' lang='lat' dir='ltr'>tores</span> <span class='ocrx_word' id='word_1_283' title='bbox 511 3238 585 3287; x_wconf 90' lang='lat' dir='ltr'>B¹</span> <span class='ocrx_word' id='word_1_284' title='bbox 727 3245 787 3290; x_wconf 89' lang='grc'>11</span> <span class='ocrx_word' id='word_1_285' title='bbox 824 3241 1038 3291; x_wconf 81' lang='lat' dir='ltr'>iudices</span> <span class='ocrx_word' id='word_1_286' title='bbox 1062 3241 1225 3292; x_wconf 88' lang='lat' dir='ltr'>BPV</span> <span class='ocrx_word' id='word_1_287' title='bbox 1248 3241 1494 3291; x_wconf 82' lang='lat' dir='ltr'>iudicum</span> <span class='ocrx_word' id='word_1_288' title='bbox 1527 3241 1592 3291; x_wconf 91' lang='lat' dir='ltr'><em>M</em></span> <span class='ocrx_word' id='word_1_289' title='bbox 1613 3249 1617 3254; x_wconf 77' lang='grc'><strong>“</strong></span> <span class='ocrx_word' id='word_1_290' title='bbox 1723 3254 1931 3289; x_wconf 84' lang='lat' dir='ltr'>summa</span> <span class='ocrx_word' id='word_1_291' title='bbox 1967 3237 2259 3304; x_wconf 81' lang='lat' dir='ltr'>diligentia</span> 
     </span>
     <span class='ocr_line' id='line_1_36' title="bbox 328 3306 2262 3370; baseline 0 -14"><span class='ocrx_word' id='word_1_292' title='bbox 328 3308 387 3357; x_wconf 88' lang='lat' dir='ltr'>in</span> <span class='ocrx_word' id='word_1_293' title='bbox 415 3307 535 3358; x_wconf 77' lang='lat' dir='ltr'>dies</span> <span class='ocrx_word' id='word_1_294' title='bbox 561 3308 897 3362; x_wconf 71' lang='lat' dir='ltr'>Mommsenus</span> <span class='ocrx_word' id='word_1_295' title='bbox 1002 3309 1247 3359; x_wconf 85' lang='lat' dir='ltr'>conuiuii</span> <span class='ocrx_word' id='word_1_296' title='bbox 1271 3309 1440 3361; x_wconf 86' lang='lat' dir='ltr'>om.M</span> <span class='ocrx_word' id='word_1_297' title='bbox 1544 3310 1604 3356; x_wconf 80' lang='lat'>12</span> <span class='ocrx_word' id='word_1_298' title='bbox 1633 3309 1911 3357; x_wconf 77' lang='lat' dir='ltr'>canticum</span> <span class='ocrx_word' id='word_1_299' title='bbox 1935 3306 1985 3356; x_wconf 88' lang='lat' dir='ltr'><em>B</em></span> <span class='ocrx_word' id='word_1_300' title='bbox 2009 3306 2262 3370; x_wconf 81' lang='lat' dir='ltr'>antiqum</span> 
     </span>
     <span class='ocr_line' id='line_1_37' title="bbox 329 3374 2261 3441; baseline -0.001 -16"><span class='ocrx_word' id='word_1_301' title='bbox 329 3374 400 3425; x_wconf 76' lang='lat'>1²²</span> <span class='ocrx_word' id='word_1_302' title='bbox 537 3379 601 3426; x_wconf 86' lang='lat'>13</span> <span class='ocrx_word' id='word_1_303' title='bbox 637 3391 843 3441; x_wconf 83' lang='lat' dir='ltr'>aequos</span> <span class='ocrx_word' id='word_1_304' title='bbox 866 3376 917 3426; x_wconf 85' lang='lat' dir='ltr'>B.</span> <span class='ocrx_word' id='word_1_305' title='bbox 1056 3379 1121 3428; x_wconf 84' lang='lat'>14</span> <span class='ocrx_word' id='word_1_306' title='bbox 1154 3377 1310 3426; x_wconf 86' lang='lat' dir='ltr'>siniit</span> <span class='ocrx_word' id='word_1_307' title='bbox 1352 3377 1408 3425; x_wconf 90' lang='lat' dir='ltr'><em>V</em></span> <span class='ocrx_word' id='word_1_308' title='bbox 1539 3377 1602 3426; x_wconf 84' lang='grc'>19</span> <span class='ocrx_word' id='word_1_309' title='bbox 1636 3374 1927 3440; x_wconf 84' lang='lat' dir='ltr'>pontifices</span> <span class='ocrx_word' id='word_1_310' title='bbox 1952 3374 2063 3424; x_wconf 91' lang='lat' dir='ltr'>BV</span> <span class='ocrx_word' id='word_1_311' title='bbox 2197 3377 2261 3424; x_wconf 80' lang='lat'>21</span> 
     </span>
     <span class='ocr_line' id='line_1_38' title="bbox 328 3443 2267 3509; baseline 0 -15"><span class='ocrx_word' id='word_1_312' title='bbox 328 3445 387 3494; x_wconf 83' lang='lat' dir='ltr'>in</span> <span class='ocrx_word' id='word_1_313' title='bbox 410 3459 503 3496; x_wconf 87' lang='lat' dir='ltr'>om.</span> <span class='ocrx_word' id='word_1_314' title='bbox 538 3444 649 3495; x_wconf 91' lang='lat' dir='ltr'>VM</span> <span class='ocrx_word' id='word_1_315' title='bbox 751 3443 1134 3509; x_wconf 53' lang='lat' dir='ltr'>281e9t1galem</span> <span class='ocrx_word' id='word_1_316' title='bbox 1159 3446 1208 3494; x_wconf 91' lang='lat' dir='ltr'><em>P</em></span> <span class='ocrx_word' id='word_1_317' title='bbox 1227 3443 1486 3508; x_wconf 69' lang='lat' dir='ltr'>lectalem</span> <span class='ocrx_word' id='word_1_318' title='bbox 1520 3443 1573 3492; x_wconf 94' lang='lat' dir='ltr'><em>V</em></span> <span class='ocrx_word' id='word_1_319' title='bbox 1592 3443 1852 3494; x_wconf 78' lang='lat' dir='ltr'>loetalem</span> <span class='ocrx_word' id='word_1_320' title='bbox 1875 3443 1938 3495; x_wconf 94' lang='lat' dir='ltr'><em>M</em></span> <span class='ocrx_word' id='word_1_321' title='bbox 2037 3445 2104 3494; x_wconf 88' lang='lat'>30</span> <span class='ocrx_word' id='word_1_322' title='bbox 2127 3443 2267 3494; x_wconf 86' lang='lat' dir='ltr'>item</span> 
     </span>
     <span class='ocr_line' id='line_1_39' title="bbox 328 3510 1540 3578; baseline 0 -17"><span class='ocrx_word' id='word_1_323' title='bbox 328 3514 521 3562; x_wconf 76' lang='lat' dir='ltr'>inser-ui</span> <span class='ocrx_word' id='word_1_324' title='bbox 644 3514 965 3577; x_wconf 76' lang='lat' dir='ltr'>interpunxit</span> <span class='ocrx_word' id='word_1_325' title='bbox 991 3512 1034 3562; x_wconf 81' lang='lat' dir='ltr'><em>G</em></span> <span class='ocrx_word' id='word_1_326' title='bbox 1168 3513 1446 3578; x_wconf 83' lang='lat' dir='ltr'>sagitatus</span> <span class='ocrx_word' id='word_1_327' title='bbox 1469 3510 1540 3560; x_wconf 72' lang='lat' dir='ltr'>B*</span> 
     </span>
    </p>
   </div>
  </div>
 </body>
</html>
