2517 3884
122 2505 316 2553 Didius
384 2503 680 2554 Petronius

366 159 605 211 INDEX
640 157 992 211 NOMINVM
1028 159 1125 210 ET
1161 159 1416 212 RERVM
1439 160 2018 216 MEMORABILIVM
2087 161 2237 230 265
2333 133 2341 140 l

193 333 319 390 130,
367 325 570 383 7.ἸιιΙ.,
606 327 791 382 occidi
822 329 988 381 iussit
1018 328 1143 384 Seu.

194 401 319 458 129,
369 400 427 461 13
474 399 536 459 23
583 397 631 448 6.
680 397 907 446 tertium
963 399 1145 463 praef.

188 469 374 534 praet.
409 465 666 516 Flauium
700 464 1023 516 quenalem
1060 467 1143 516 fe-

193 537 351 584 cerat
389 535 514 595 129,
556 535 635 586 14.
675 532 885 584 amicos
938 533 1145 584 Iuliani

190 602 322 654 Seu.
361 600 764 668 proscriptioni
799 615 867 651 ac
894 603 1023 650 neci
1048 601 1142 651 de-

190 670 277 721 dit
314 672 430 728 130,
458 670 542 721 24.
578 668 746 718 Didio
772 669 960 721 occiso
986 684 1146 734 prae·

190 739 449 789 toi-ianas
509 735 762 786 cohortes
822 740 1149 787 exauctora-

194 806 281 856 uit
318 804 446 858 Seu.
487 805 729 866 137,16.
772 804 843 856 D.
881 804 1013 870 imp.
1052 819 1149 870 ap-

197 873 445 940 pellatus
483 877 539 924 et
573 873 729 922 iussu
764 870 891 922 Seu.
930 873 1151 923 occisus

190 943 309 1000 144,
346 943 431 992 21.
492 941 649 990 Pesc.
685 941 865 1006 magis
918 941 976 990 in
1021 939 1149 994 Did.

76 1071 85 1078 -
191 1009 385 1059 odium
430 1023 593 1073 quam
626 1008 688 1057 in
725 1007 1154 1060 aemulationem

190 1077 316 1128 Seu.
329 1077 631 1142 imperator
645 1075 963 1141 appellatus
974 1079 1092 1140 145,
1102 1079 1151 1130 3.

188 1144 702 1196 obdetestationem
713 1143 815 1194 Iul.
830 1145 1140 1196 Pescennio

187 1213 400 1264 Romae
426 1212 641 1262 fautum
667 1213 784 1274 146,
810 1212 857 1262 5.
883 1212 991 1264 Iul.
1018 1213 1148 1264 ode·

190 1285 321 1331 rant
366 1280 662 1347 populares
711 1280 833 1342 145,
882 1283 929 1331 9.
992 1279 1037 1332 1.
1084 1280 1155 1330 ad

190 1348 557 1400 occidendum
623 1349 783 1400 Pesc.
841 1347 1150 1414 primipila-

190 1433 309 1468 rem
342 1417 577 1468 miserat
612 1417 730 1480 145,
755 1418 834 1467 13.
874 1415 1002 1467 Seu.
1037 1419 1151 1466 iam

188 1484 434 1551 principi
480 1499 859 1541 successorem
917 1485 1149 1535 miserat

192 1555 313 1618 145,
342 1555 424 1604 16.
464 1568 585 1604 cum
622 1551 669 1606 1.
707 1552 987 1602 circenses
1036 1551 1147 1602 Ro·

188 1636 317 1672 mae
352 1619 516 1672 daret
554 1621 692 1685 (145,
728 1619 841 1684 24),
877 1620 1039 1671 Pesc.
1080 1618 1151 1670 ad

189 1689 430 1740 tutelam
488 1689 645 1740 urbis
717 1693 804 1740 est
873 1687 1151 1753 expetitus

192 1757 323 1809 odio
358 1755 463 1807 Iul.
504 1756 628 1816 145,
666 1758 751 1808 28.
802 1755 845 1806 1.
884 1755 1148 1806 iudicium

192 1826 261 1876 de
299 1824 425 1876 Seu.
466 1826 799 1890 imperatore
839 1826 963 1888 145,
992 1826 1078 1876 29.
1116 1839 1151 1873 a

194 1897 398 1946 senatu
444 1892 649 1943 Romae
696 1889 916 1943 Caesar
962 1891 1153 1957 appel·

188 1961 341 2014 latus
378 1961 497 2020 154,
534 1961 583 2012 5.
619 1959 765 2025 apud
802 1960 906 2010 Iul.
955 1959 1023 2010 de
1060 1974 1155 2010 oc-

196 2028 427 2080 cidendo
464 2028 619 2078 Pert.
656 2027 947 2093 plurimum
971 2027 1153 2076 ualuit

196 2096 504 2148 auctoritas
548 2094 742 2146 Albini
768 2097 887 2158 166,
914 2096 995 2144 18.
1036 2095 1151 2154 166,

191 2167 242 2215 4.
279 2164 389 2215 Iul.
436 2163 773 2214 Antoninum
822 2178 883 2213 se
919 2163 1151 2213 uocauit

196 2235 312 2294 185,
357 2234 405 2283 7.
447 2234 571 2291 199,
612 2233 663 2282 7.
714 2245 837 2280 cum
886 2231 1001 2279 iam
1045 2229 1151 2280 lul.

192 2305 427 2352 senatus
462 2300 853 2365 imperatorem
899 2297 1153 2360 dixisset,

196 2384 231 2420 a
268 2367 551 2420 militibus
588 2366 714 2418 Seu.
739 2365 1046 2431 imperator
1072 2369 1159 2416 est

196 2435 379 2486 dictus
414 2437 533 2494 229,
570 2435 621 2484 6.

752 2527 819 2538 --
898 2500 1152 2553 Seuerus.

203 2570 318 2622 uid.
356 2569 669 2620 Petronius.

125 2634 477 2685 -Proculus
493 2636 807 2688 fraterDid.
828 2637 958 2703 imp.
977 2639 1089 2699 117,
1107 2640 1156 2689 7.

138 2703 277 2754 Dido
316 2703 372 2754 II
413 2703 528 2762 115,
570 2704 651 2753 19.
688 2728 753 2738 -—
790 2704 1025 2755 Didonis
1059 2706 1156 2755 ha·

196 2771 327 2822 bitu
356 2774 555 2820 ornata
580 2769 829 2820 Zenobia
852 2771 907 2820 11
933 2773 1050 2833 116,
1076 2775 1159 2822 27.
1213 2773 1496 2822 Dior-mitae
1533 2769 1776 2820 armauit
1792 2770 2018 2820 Marcus
2043 2771 2124 2829 61,
2151 2772 2234 2820 20.

132 2840 248 2890 dies
311 2836 643 2888 iudiciarios
714 2836 881 2887 fastis
952 2838 1164 2888 addidit
1214 2838 1316 2888 sub
1365 2839 1648 2901 Dioqeneto
1691 2837 1959 2902 magistro
2014 2837 2250 2888 Marcus-

204 2907 432 2956 Mareus
466 2907 550 2963 52,
590 2905 673 2954 28.

134 2975 501 3025 Diocletianae
540 2972 789 3023 thermae
825 2970 883 3021 11
918 2968 1035 3035 110,
1075 2974 1159 3022 29.
1216 2971 1337 3022 sine
1375 2970 1734 3036 diplomatibus
1778 2971 1920 3036 quod
1969 2972 2239 3024 Pertinax

200 3041 442 3105 186,10.

132 3109 483 3160 Diocletianus
551 3109 609 3159 H
682 3109 1155 3170 120,19.13Ο,

198 3175 280 3227 10.
321 3178 444 3238 167,
494 3179 541 3230 9.
594 3177 719 3231 166.
782 3144 864 3227 i4.
912 3176 1041 3239 186,
1103 3145 1155 3227 6.’

196 3246 320 3306 214,
368 3246 452 3295 23.
512 3246 629 3307 225,
668 3245 753 3294 27.
816 3245 947 3307 226,
986 3244 1036 3294 6.
1083 3262 1155 3282 ·-

195 3312 271 3361 D.
307 3282 559 3377 ’Augusto
595 3281 947 3376 Spartianus
974 3311 1151 3361 uitam
1205 3325 1240 3360 a
1287 3312 1552 3362 discinctis
1587 3326 1710 3362 cum
1752 3311 2092 3376 imperatore
2141 3327 2238 3362 ce-

199 3446 372 3497 Iulius
455 3443 809 3514 Capitolinus
889 3448 947 3498 in
1026 3448 1151 3499 uita
1199 3379 1778 3513 ἀίεᾚῃὲοξιὲἰίαῗιῗε
1814 3451 2114 3512 argenteus
2148 3445 2223 3496 li-

1264 3517 1488 3568 brarum
1523 3515 1725 3584 uiginti
1759 3517 1818 3568 11
1856 3518 1970 3574 135,
2005 3517 2090 3567 24.

196 3378 584 3442 Helimisit27,
600 3382 659 3442 2,
674 3381 729 3430 4.
749 3379 817 3432 D.
832 3379 1153 3444 adloquitur

195 3513 376 3564 Marci
422 3517 517 3579 60,
564 3517 616 3572 9.
662 3518 881 3576 77,10.
939 3517 1147 3568 Vulca-

1267 330 1379 380 tius
1419 330 1749 383 Gallicanus
1780 333 1839 381 in
1873 333 1994 382 uita
2039 333 2233 384 Auidii

1270 397 1457 449 Cassii
1492 401 1585 464 80,
1623 400 1672 452 5.
1731 400 1926 451 Aelius
1974 399 2226 466 Spartia-

1266 481 1370 516 nus
1427 467 1487 515 in·
1548 467 1670 516 uita
1730 467 1925 518 Seueri
1985 470 2113 531 140,
2177 472 2228 520 3.

1267 533 1600 603 Spartianus
1671 537 1730 584 iu
1801 550 1854 588 ιι.
1926 536 2226 587 Pescennii

1272 603 1386 662 150,
1425 604 1508 655 24.
1547 601 1902 668 Capitolinus
1938 603 2068 653 inu.
2089 603 2230 669 opi·

1268 669 1335 720 lii
1375 671 1489 729 194,
1529 672 1610 723 17.
1670 671 1742 724 D.
1781 672 1939 722 aurei
1972 672 2235 737 parentis

1272 739 1488 788 saeculi
1539 739 1715 788 uitam
1768 753 1830 789 se
1896 740 2231 805 scripturum

1275 807 2230 940 {⁸⁸ss‘’izff‘ssiitzffsstissffiiii

1275 956 1401 992 esse
1437 940 1723 993 difficilius
1762 957 1922 1006 quam
1959 943 2100 994 bene
2126 944 2227 992 im-

1278 1025 1477 1075 perare
1511 1009 1569 1060 11
1607 1010 1721 1069 167,
1759 1013 1810 1063 3.
1856 1014 1920 1060 ut
1964 1012 2034 1062 D.
2074 1009 2226 1060 dice-

1279 1076 1395 1139 bat,
1435 1077 1677 1143 optimus
1713 1076 1972 1128 uenditur
2005 1078 2136 1144 imp.
2169 1077 2230 1128 11

1279 1146 1395 1208 167,
1437 1147 1527 1208 1ος
1589 1146 1670 1198 11.
1760 1145 1829 1195 Ι).
1900 1145 2233 1211 frequenter·

1276 1211 1434 1274 dixit,
1471 1212 1599 1262 Aur.
1639 1213 1819 1278 magis
1863 1213 2057 1264 ducem
2107 1229 2236 1264 esse

1276 1279 1532 1331 debuisse
1594 1295 1756 1345 quam
1815 1281 2124 1347 principem
2171 1281 2226 1331 11

1277 1349 1391 1409 167,
1431 1350 1523 1411 1⁷3
1563 1349 1644 1399 18.
1681 1363 2006 1413 responsum
2041 1349 2228 1414 Drya·

1276 1415 1361 1466 dis
1396 1415 1758 1466 Diocletiano
1795 1415 1983 1466 datum
2021 1416 2087 1468 de
2121 1434 2227 1483 po-

1273 1486 1440 1534 steris
1474 1484 1530 1534 11
1559 1484 1674 1543 167,
1715 1486 1806 1534 22..
1839 1499 1905 1534 ex
1931 1484 2242 1550 disciplina.

1270 1551 1440 1602 Probi
1475 1553 1584 1602 fuit
1618 1552 1676 1601 ΙΙ
1710 1553 1828 1617 202,
1865 1554 1916 1602 8.
1963 1553 2031 1602 D.
2061 1553 2235 1604 inter-

1276 1619 1408 1670 emit
1433 1618 1696 1669 Carinum
1731 1618 1791 1670 II
1827 1621 1944 1682 221,
1984 1622 2046 1682 8;
2084 1623 2231 1687 apud

1271 1685 1520 1738 Marcum
1542 1687 1600 1738 11
1625 1689 1741 1746 225,
1767 1689 1850 1740 24.
1875 1688 1944 1738 D.
1968 1688 2235 1740 domesti-

1273 1771 1366 1806 cos
1404 1759 1538 1806 tunc
1572 1770 1772 1821 regens
1810 1755 2094 1818 Augustus
2144 1765 2238 1808 est-

1275 1822 1590 1889 appellatus
1624 1823 1681 1873 11
1716 1825 1834 1882 222,
1875 1825 1954 1876 10.
1996 1826 2111 1883 225,
2141 1828 2224 1876 20.

1280 1892 1486 1955 Aprum
1523 1890 1702 1956 praef.
1739 1894 1919 1956 praet.
1957 1893 2234 1955 percussit

1277 1957 1462 2008 Diocl.
1507 1957 1565 2007 11
1597 1959 1725 2017 222,
1773 1959 1864 2018 243
1927 1959 2010 2008 25.
2072 1975 2238 2009 omen.

1277 2025 1501 2091 imperii
1545 2025 1758 2075 factum
1804 2040 1838 2075 a
1881 2024 2109 2088 Dryade
2165 2026 2240 2078 de

1277 2092 1426 2158 Apro
1463 2092 1764 2144 occidendo
1803 2096 1860 2142 et
1897 2092 1968 2142 ab
2004 2094 2125 2157 ipso
2160 2096 2229 2148 D.

1279 2176 1384 2212 auo
1420 2161 1652 2226 Vopisci
1695 2165 1978 2211 narratum
2019 2162 2078 2211 11
2113 2164 2238 2221 223,

1277 2231 1338 2290 83
1402 2229 1495 2290 103
1561 2229 1649 2290 143
1698 2229 1930 2290 163-173
1995 2230 2087 2291 193
2139 2232 2242 2292 24;

1278 2299 1360 2348 28.
1377 2311 1642 2346 scaenam
1656 2296 1998 2346 combustam
2017 2299 2229 2364 magni-

1278 2363 1623 2414 ficentiorem
1647 2363 1886 2414 reddidit
1907 2364 1964 2414 11
1990 2365 2108 2425 226,
2150 2368 2226 2418 18.

1277 2433 1348 2484 D.
1411 2431 1616 2482 dictum
1677 2431 1743 2482 de
1800 2431 1931 2482 Cari
1991 2432 2236 2483 editione

1276 2500 1334 2551 11
1372 2501 1497 2559 226,
1537 2501 1622 2550 25.
1681 2500 1749 2550 D.
1798 2499 2050 2551 omnibus
2099 2516 2242 2568 gen-

1278 2568 1430 2618 tibus
1489 2567 1781 2618 aduocatis
1833 2567 1988 2619 dedit
2057 2568 2246 2632 ludos,

1278 2637 1607 2754 ξὲξοὶἓεὶιιιο
1643 2651 1777 2686 usus
1813 2635 2152 2687 liberalitate
2178 2637 2238 2686 11

1284 2903 1563 2969 pingendo
1587 2919 1825 2969 -operam
1860 2903 2012 2954 dedit
2045 2906 2242 2962 47,14.

1289 3054 1506 3089 cursum
1547 3043 1942 3104 usur-pauent,
2001 3040 2237 3106 pedibus

1287 3106 1359 3158 ab
1415 3106 1720 3158 Antiochia
1779 3106 1852 3157 ad
1896 3107 2258 3173 legationem-

1282 3190 1440 3226 suam
1475 3175 1586 3227 iter
1622 3175 1812 3226 faeere
1859 3180 2085 3226 coactus
2149 3181 2249 3226 est

1278 3245 1404 3302 105,
1446 3245 1528 3295 18.
