2517 3884
664 190 1065 250 PESCENNIVS
1106 190 1327 274 NlfiER.
1385 192 1439 250 C.
1474 195 1710 250 10-12,
1882 140 1886 145 ‘
2031 187 2154 255 153

216 360 543 422 Traianum
573 359 747 420 Pium
777 359 1063 430 Marcum,
1096 359 1366 438 reliquos
1416 361 1627 420 feneos
1673 359 1772 422 uel
1824 370 2152 425 uenenatos

213 463 467 514 uocans3
545 447 801 506 maxime
834 451 1035 506 tamen
1073 446 1137 505 in
1168 444 1434 508 historiis
1463 445 1718 507 Marium
1749 452 1809 505 et
1837 445 2150 509 Camillum

220 539 277 592 et
306 531 656 603 Quinctium
684 535 745 591 et
781 529 1070 591 Marcium
1102 527 1487 592 Coriolanum
1517 529 1742 592 dilexit.
1815 531 2147 611 interroga·
2185 547 2221 596 2

213 625 311 678 tus
341 625 574 686 autem,
639 615 783 693 quid
812 614 887 675 de
918 615 1298 694 Scipionibus
1329 617 1610 686 sentiret,
1671 616 1897 677 dixisse
1936 618 2149 689 fertur,

142 713 168 754 5
220 701 425 764 felices
482 700 621 762 illos
675 701 862 763 fuisse
915 701 1105 778 magis
1169 717 1352 778 quam
1392 701 1608 770 fortes3
1666 700 1849 779 idque
1891 701 2154 782 probare

217 787 817 848 domesticam'uitam
849 792 910 846 et
936 787 1308 848 iuuentutem
1327 832 1344 857 ,
1392 803 1542 865 quae
1571 788 1634 847 in
1666 794 1923 863 utroque
1955 789 2152 849 minus

218 874 489 952 speciosa
519 870 682 932 domi
710 872 955 932 fuisset.
989 871 1147 950 apud
1179 889 1388 953 omnes
1420 878 1679 941 constat,
1737 872 1926 952 quod,
1971 875 2025 933 si
2052 892 2148 935 re·
2187 887 2224 936 3

215 976 351 1018 rum
380 958 610 1037 potitus
640 957 872 1026 fuisset,
906 957 1105 1017 omnia
1137 963 1520 1018 correcturus
1548 958 1745 1027 fuerit,
1780 974 1934 1034 quae
1965 958 2147 1019 Seue-

217 1061 322 1103 rus
352 1041 454 1104 uel
483 1060 607 1103 non
637 1043 834 1123 potuit
864 1041 1187 1103 emendare
1228 1041 1327 1102 uel
1369 1040 1588 1111 noluit,
1635 1050 1696 1104 et
1731 1037 1978 1120 =quidem
2023 1044 2152 1107 sine

140 1142 190 1182 10
218 1126 591 1198 crudelitate,
624 1129 808 1188 immo
841 1128 1017 1188 etiam
1042 1145 1175 1187 cum
1207 1126 1470 1198 lenitate,
1499 1126 1603 1188 sed
1634 1126 1892 1197 militari,
1911 1146 2029 1188 non
2054 1147 2149 1190 re-

212 1215 397 1274 missa
451 1219 511 1272 et
558 1214 762 1292 inepta
816 1219 994 1290 atque
1044 1211 1314 1273 ridicula.
1392 1212 1621 1272 Domus
1662 1214 1792 1272 eius
1822 1211 2001 1273 hodie
2030 1213 2148 1274 Ro·
2185 1224 2224 1274 4

210 1316 343 1360 mae
379 1299 594 1358 uisitur
623 1298 686 1357 in
717 1314 928 1376 campo
957 1297 1139 1367 Iouis,
1173 1315 1327 1377 quae
1357 1295 1689 1376 appellatur
1719 1297 2146 1360 Pescenniana.

204 1385 268 1444 in
300 1402 415 1462 qua
460 1382 845 1444 simulacrum
884 1383 1015 1444 eius
1056 1384 1119 1444 in
1160 1381 1430 1442 trichoro
1459 1383 1746 1451 consistit,
1787 1385 2046 1461 positum
2077 1402 2150 1444 ex

209 1467 513 1530 Thebaico
542 1484 865 1536 marmore,
901 1466 1064 1545 quod
1093 1465 1193 1527 ille
1224 1467 1296 1528 ad
1329 1465 1776 1528 similitudinem
1806 1469 1899 1528 sui
1928 1470 2148 1530 factum

136 1566 184 1607 1⁵
208 1573 241 1614 a
270 1571 421 1632 rege
451 1551 871 1614 Thebaeorum
911 1559 1242 1631 acceperat.
1323 1559 1481 1613 extat
1535 1554 1713 1613 etiam
1783 1554 2149 1633 epigramma
2187 1563 2223 1614 5

211 1638 529 1707 Graecum,
564 1638 720 1714 quod
753 1637 965 1698 Latine
994 1637 1149 1700 hanc
1177 1633 1361 1704 habet
1389 1639 1778 1699 sententiam:

299 1724 531 1785 Terror
554 1724 902 1804 Aegyptiaci
931 1721 1119 1801 Niger
1146 1729 1301 1784 astat
1328 1722 1536 1784 militis
1564 1725 1796 1801 ingens,
2183 1737 2220 1786 6

387 1807 730 1869 Thebaidos
762 1809 983 1878 socius,
1018 1825 1200 1869 aurea
1232 1806 1428 1869 saecla
1460 1807 1688 1869 uolens.

297 1893 459 1954 hunc
489 1910 684 1971 regeS,
718 1892 877 1954 hunc
906 1899 1119 1972 gentes
1149 1901 1371 1963 amant,
1403 1892 1566 1954 hunc
1595 1911 1777 1954 aurea
1806 1892 2028 1969 Roma,

139 1993 187 2032 20
386 1977 484 2038 hic
512 1978 831 2040 Antoninis
860 1997 1035 2040 carus
1062 1984 1122 2039 et
1146 1979 1422 2056 imperio.

297 2063 537 2141 nigrum
566 2081 790 2125 nomen
819 2062 1021 2133 habet,
1054 2065 1295 2142 nigrum
1324 2062 1718 2123 formauimus
1746 2063 1881 2142 ipsi,

382 2156 447 2209 ut
476 2149 847 2210 consentiret
873 2150 1087 2218 forma,
1121 2146 1379 2217 metalle,
1412 2145 1542 2208 tihi.

212 2249 367 2310 quos
399 2232 643 2311 quidem
676 2251 892 2295 uersus
923 2234 1189 2296 Seuerus
1220 2231 1389 2294 eradi
1417 2230 1637 2301 noluit,
1693 2249 1830 2293 cum
1862 2230 1976 2292 hoc
2007 2233 2061 2294 ei
2091 2240 2152 2293 et
2187 2247 2218 2296 7

202 2319 500 2398 praefecti
530 2325 929 2397 suggererent
972 2326 1032 2380 ct
1073 2318 1409 2379 officiorum
1449 2317 1737 2394 magistri,
1773 2316 2027 2379 addens:
2061 2319 2150 2380 ‘Si
2185 2329 2223 2380 8

137 2417 187 2459 25
212 2401 353 2464 talis
383 2403 525 2474 fuit,
590 2405 781 2465 sciant
822 2422 1036 2465 omnes
1078 2402 1315 2480 qualem
1367 2403 1722 2471 uicerimus3
1773 2403 1824 2463 si
1864 2401 1998 2464 talis
2028 2421 2148 2465 non

207 2489 343 2634 ignit,
376 2494 595 2634 {lilite'nt
622 2507 833 2550 omnes
860 2507 976 2550 nos
1018 2487 1201 2550 talem
1231 2489 1481 2550 uicisse:
1529 2489 1712 2548 immo
1745 2489 1832 2549 sic
1861 2489 1966 2558 sit,
1999 2490 2150 2565 squia

236 2574 380 2634 uitt
442 2575 511 2634 ‘s.
1111 2587 1128 2606 ·

308 2761 335 2809 1
364 2759 639 2810 femineos
662 2758 801 2810 P²M
937 2762 969 2809 2
994 2759 1053 2809 in
1078 2776 1173 2810 om.
1199 2755 1326 2809 BP¹
1456 2762 1488 2810 3
1515 2760 1766 2824 quintum
1789 2758 1953 2811 BPM
1977 2759 2150 2823 Quin-

204 2828 375 2877 ctium
402 2825 459 2889 (i.
486 2843 533 2880 e.
562 2827 979 2891 Cincinnatum)
1006 2830 1063 2876 et
1087 2828 1237 2878 Iord.
1401 2829 1433 2876 6
1465 2827 1627 2876 nimis
1658 2831 1792 2891 uolq.
1956 2830 2020 2877 12
2053 2842 2149 2892 pe-

205 2894 496 2953 scenniani
528 2894 697 2944 BPM
852 2898 917 2946 13
957 2894 1228 2946 trichroro
1265 2894 1314 2944 P
1470 2896 1763 2958 constituit
1797 2895 1988 2944 statim
2019 2899 2150 2961 post

205 2977 411 3015 annum
431 2961 605 3012 BPM
634 2963 893 3014 consistit
918 2963 1161 3030 positum
1190 2965 1383 3027 scripsi
1586 2965 1654 3013 20
1678 2966 1736 3012 et
1759 2979 1853 3014 om.
1880 2962 1986 3013 BP

205 3033 267 3080 21
290 3031 513 3096 nigram
538 3031 695 3082 form.
719 3030 826 3082 BP
975 3031 1041 3081 27
1078 3031 1412 3096 pescennius
1436 3029 1597 3096 niger
1619 3030 1730 3081 aeli
1755 3031 2030 3096 spartiani
2055 3047 2149 3081 ex-

208 3099 367 3162 plicit
392 3099 501 3150 BP
522 3095 775 3165 [sequitur
801 3097 1117 3164 Caracallus]

967 3365 1380 3382 —-—-·-—.---.
1968 3343 2015 3370 l
