<?xml version="1.0" encoding="UTF-8"?>
<!DOCTYPE html PUBLIC "-//W3C//DTD XHTML 1.0 Transitional//EN"
    "http://www.w3.org/TR/xhtml1/DTD/xhtml1-transitional.dtd">
<html xmlns="http://www.w3.org/1999/xhtml" xml:lang="en" lang="en">
 <head>
  <title>
</title>
<meta http-equiv="Content-Type" content="text/html;charset=utf-8" />
  <meta name='ocr-system' content='tesseract 3.04.00' />
  <meta name='ocr-capabilities' content='ocr_page ocr_carea ocr_par ocr_line ocrx_word'/>
</head>
<body>
  <div class='ocr_page' id='page_1' title='image "./scriptoreshisto02petegoog_0264.png"; bbox 0 0 2517 3884; ppageno 0'>
   <div class='ocr_carea' id='block_1_1' title="bbox 3 17 12 286">
    <p class='ocr_par' dir='ltr' id='par_1_1' title="bbox 3 8 444 286">
     <span class='ocr_line' id='line_1_1' title="bbox 3 17 12 286; baseline -0.011 -270"><span class='ocrx_word' id='word_1_1' title='bbox 3 17 12 286; x_wconf 31' lang='lat' dir='ltr'>k</span> 
     </span>
    </p>
   </div>
   <div class='ocr_carea' id='block_1_2' title="bbox 577 209 2195 305">
    <p class='ocr_par' dir='ltr' id='par_1_2' title="bbox 577 209 2195 305">
     <span class='ocr_line' id='line_1_2' title="bbox 577 209 2195 305; baseline 0.004 -35"><span class='ocrx_word' id='word_1_2' title='bbox 577 213 958 273; x_wconf 83' lang='lat' dir='ltr'>ANTONINVS</span> <span class='ocrx_word' id='word_1_3' title='bbox 1003 212 1526 305; x_wconf 83' lang='lat' dir='ltr'><strong>HELlOGABALVS.</strong></span> <span class='ocrx_word' id='word_1_4' title='bbox 1616 215 1671 274; x_wconf 91' lang='lat' dir='ltr'><strong>C.</strong></span> <span class='ocrx_word' id='word_1_5' title='bbox 1701 219 1781 273; x_wconf 85' lang='lat'><strong>34.</strong></span> <span class='ocrx_word' id='word_1_6' title='bbox 1814 219 1901 276; x_wconf 83' lang='lat'><strong>35.</strong></span> <span class='ocrx_word' id='word_1_7' title='bbox 2068 209 2195 278; x_wconf 79' lang='grc'><strong>227</strong></span> 
     </span>
    </p>
   </div>
   <div class='ocr_carea' id='block_1_3' title="bbox 4 379 2257 1550">
    <p class='ocr_par' dir='ltr' id='par_1_3' title="bbox 4 379 2257 1550">
     <span class='ocr_line' id='line_1_3' title="bbox 251 379 2191 453; baseline 0.001 -11"><span class='ocrx_word' id='word_1_8' title='bbox 251 379 527 444; x_wconf 86' lang='lat' dir='ltr'><strong>scribens</strong></span> <span class='ocrx_word' id='word_1_9' title='bbox 567 399 715 444; x_wconf 89' lang='lat' dir='ltr'><strong>uera</strong></span> <span class='ocrx_word' id='word_1_10' title='bbox 759 380 990 450; x_wconf 83' lang='lat' dir='ltr'><strong>dicere,</strong></span> <span class='ocrx_word' id='word_1_11' title='bbox 1035 399 1115 442; x_wconf 93' lang='lat' dir='ltr'><strong>ne</strong></span> <span class='ocrx_word' id='word_1_12' title='bbox 1155 380 1453 444; x_wconf 83' lang='lat' dir='ltr'><strong>maliuolis</strong></span> <span class='ocrx_word' id='word_1_13' title='bbox 1494 380 1766 444; x_wconf 81' lang='lat' dir='ltr'><strong>adulator</strong></span> <span class='ocrx_word' id='word_1_14' title='bbox 1796 381 2005 443; x_wconf 87' lang='lat' dir='ltr'><strong>uidear</strong></span> <span class='ocrx_word' id='word_1_15' title='bbox 2036 399 2191 453; x_wconf 91' lang='lat' dir='ltr'><strong>esse,</strong></span> 
     </span>
     <span class='ocr_line' id='line_1_4' title="bbox 253 465 2193 546; baseline -0.001 -19"><span class='ocrx_word' id='word_1_16' title='bbox 253 465 360 528; x_wconf 87' lang='lat' dir='ltr'><strong>sed</strong></span> <span class='ocrx_word' id='word_1_17' title='bbox 404 465 686 529; x_wconf 82' lang='lat' dir='ltr'><strong>absoluar</strong></span> <span class='ocrx_word' id='word_1_18' title='bbox 728 473 935 528; x_wconf 88' lang='lat' dir='ltr'><strong>contra</strong></span> <span class='ocrx_word' id='word_1_19' title='bbox 975 465 1234 528; x_wconf 88' lang='lat' dir='ltr'><strong>liuorem</strong></span> <span class='ocrx_word' id='word_1_20' title='bbox 1278 466 1704 546; x_wconf 88' lang='lat' dir='ltr'><strong>inproborum,</strong></span> <span class='ocrx_word' id='word_1_21' title='bbox 1748 485 1886 527; x_wconf 90' lang='lat' dir='ltr'><strong>cum</strong></span> <span class='ocrx_word' id='word_1_22' title='bbox 1930 475 1990 528; x_wconf 85' lang='lat' dir='ltr'><strong>et</strong></span> <span class='ocrx_word' id='word_1_23' title='bbox 2033 466 2193 546; x_wconf 91' lang='lat' dir='ltr'><strong>apud</strong></span> 
     </span>
     <span class='ocr_line' id='line_1_5' title="bbox 249 550 2256 631; baseline -0.001 -19"><span class='ocrx_word' id='word_1_24' title='bbox 249 550 398 612; x_wconf 87' lang='lat' dir='ltr'><strong>alios</strong></span> <span class='ocrx_word' id='word_1_25' title='bbox 441 551 671 612; x_wconf 91' lang='lat' dir='ltr'><strong>clarum</strong></span> <span class='ocrx_word' id='word_1_26' title='bbox 719 568 852 612; x_wconf 88' lang='lat' dir='ltr'><strong>esse</strong></span> <span class='ocrx_word' id='word_1_27' title='bbox 897 553 1327 631; x_wconf 81' lang='lat' dir='ltr'><strong>perspexerim.</strong></span> <span class='ocrx_word' id='word_1_28' title='bbox 1403 552 1497 613; x_wconf 90' lang='lat' dir='ltr'><strong>his</strong></span> <span class='ocrx_word' id='word_1_29' title='bbox 1540 552 1825 630; x_wconf 84' lang='lat' dir='ltr'><strong>iungendi</strong></span> <span class='ocrx_word' id='word_1_30' title='bbox 1869 561 2010 614; x_wconf 89' lang='lat' dir='ltr'><strong>sunt</strong></span> <span class='ocrx_word' id='word_1_31' title='bbox 2048 553 2187 614; x_wconf 89' lang='lat' dir='ltr'><strong>Dio·</strong></span> <span class='ocrx_word' id='word_1_32' title='bbox 2224 564 2256 610; x_wconf 77' lang='lat'>4</span> 
     </span>
     <span class='ocr_line' id='line_1_6' title="bbox 246 635 2189 716; baseline -0.001 -19"><span class='ocrx_word' id='word_1_33' title='bbox 246 635 570 707; x_wconf 82' lang='lat' dir='ltr'><strong>cletianuS,</strong></span> <span class='ocrx_word' id='word_1_34' title='bbox 603 638 773 698; x_wconf 88' lang='lat' dir='ltr'><strong>aurei</strong></span> <span class='ocrx_word' id='word_1_35' title='bbox 812 655 1034 716; x_wconf 89' lang='lat' dir='ltr'><strong>parens</strong></span> <span class='ocrx_word' id='word_1_36' title='bbox 1075 637 1295 706; x_wconf 89' lang='lat' dir='ltr'><strong>seculi,</strong></span> <span class='ocrx_word' id='word_1_37' title='bbox 1340 644 1401 697; x_wconf 84' lang='lat' dir='ltr'><strong>et</strong></span> <span class='ocrx_word' id='word_1_38' title='bbox 1442 637 1867 707; x_wconf 84' lang='lat' dir='ltr'><strong>MaximianuS,</strong></span> <span class='ocrx_word' id='word_1_39' title='bbox 1914 643 1979 699; x_wconf 87' lang='lat' dir='ltr'><strong>ut</strong></span> <span class='ocrx_word' id='word_1_40' title='bbox 2008 636 2189 716; x_wconf 81' lang='lat' dir='ltr'><strong>uulgo</strong></span> 
     </span>
     <span class='ocr_line' id='line_1_7' title="bbox 195 721 2257 802; baseline 0.001 -23"><span class='ocrx_word' id='word_1_41' title='bbox 195 740 220 779; x_wconf 85' lang='lat'>5</span> <span class='ocrx_word' id='word_1_42' title='bbox 249 721 468 783; x_wconf 88' lang='lat' dir='ltr'><strong>dicitur</strong></span> <span class='ocrx_word' id='word_1_43' title='bbox 496 723 701 791; x_wconf 82' lang='lat' dir='ltr'><strong>ferrei,</strong></span> <span class='ocrx_word' id='word_1_44' title='bbox 737 723 1042 799; x_wconf 83' lang='lat' dir='ltr'><strong>ceterique</strong></span> <span class='ocrx_word' id='word_1_45' title='bbox 1075 721 1147 782; x_wconf 89' lang='lat' dir='ltr'><strong>ad</strong></span> <span class='ocrx_word' id='word_1_46' title='bbox 1177 724 1460 802; x_wconf 85' lang='lat' dir='ltr'><strong>pietatem</strong></span> <span class='ocrx_word' id='word_1_47' title='bbox 1490 730 1672 784; x_wconf 89' lang='lat' dir='ltr'><strong>tuam.</strong></span> <span class='ocrx_word' id='word_1_48' title='bbox 1746 730 1807 784; x_wconf 88' lang='lat' dir='ltr'><strong>te</strong></span> <span class='ocrx_word' id='word_1_49' title='bbox 1838 739 2019 793; x_wconf 85' lang='lat' dir='ltr'><strong>uero,</strong></span> <span class='ocrx_word' id='word_1_50' title='bbox 2065 724 2184 784; x_wconf 81' lang='lat' dir='ltr'><strong>Au·</strong></span> <span class='ocrx_word' id='word_1_51' title='bbox 2226 735 2257 782; x_wconf 82' lang='lat'>5</span> 
     </span>
     <span class='ocr_line' id='line_1_8' title="bbox 4 741 2191 964; baseline 0.001 -98"><span class='ocrx_word' id='word_1_52' title='bbox 4 741 11 964; x_wconf 56' lang='grc' dir='ltr'><strong>ι</strong></span> <span class='ocrx_word' id='word_1_53' title='bbox 243 815 417 884; x_wconf 86' lang='lat' dir='ltr'><strong>guste</strong></span> <span class='ocrx_word' id='word_1_54' title='bbox 451 806 848 876; x_wconf 85' lang='lat' dir='ltr'><strong>uenerabilis,</strong></span> <span class='ocrx_word' id='word_1_55' title='bbox 892 805 1097 867; x_wconf 88' lang='lat' dir='ltr'><strong>multis</strong></span> <span class='ocrx_word' id='word_1_56' title='bbox 1140 807 1373 885; x_wconf 79' lang='lat' dir='ltr'>paginis</span> <span class='ocrx_word' id='word_1_57' title='bbox 1410 807 1725 885; x_wconf 81' lang='lat' dir='ltr'>isdemque</span> <span class='ocrx_word' id='word_1_58' title='bbox 1770 807 2191 868; x_wconf 85' lang='lat' dir='ltr'><strong>disertioribus</strong></span> 
     </span>
     <span class='ocr_line' id='line_1_9' title="bbox 241 890 2255 972; baseline -0.001 -20"><span class='ocrx_word' id='word_1_59' title='bbox 241 891 333 952; x_wconf 91' lang='lat' dir='ltr'><strong>illi</strong></span> <span class='ocrx_word' id='word_1_60' title='bbox 363 897 828 972; x_wconf 82' lang='lat' dir='ltr'><strong>prosequentur,</strong></span> <span class='ocrx_word' id='word_1_61' title='bbox 863 890 1080 968; x_wconf 85' lang='lat' dir='ltr'><strong>quibus</strong></span> <span class='ocrx_word' id='word_1_62' title='bbox 1110 892 1172 952; x_wconf 90' lang='lat' dir='ltr'><strong>id</strong></span> <span class='ocrx_word' id='word_1_63' title='bbox 1202 891 1436 953; x_wconf 78' lang='lat' dir='ltr'><strong>felicior</strong></span> <span class='ocrx_word' id='word_1_64' title='bbox 1466 899 1681 953; x_wconf 87' lang='lat' dir='ltr'><strong>natura</strong></span> <span class='ocrx_word' id='word_1_65' title='bbox 1724 891 2029 954; x_wconf 90' lang='lat' dir='ltr'><strong>detulerit.</strong></span> <span class='ocrx_word' id='word_1_66' title='bbox 2091 891 2189 954; x_wconf 89' lang='lat' dir='ltr'><strong>his</strong></span> <span class='ocrx_word' id='word_1_67' title='bbox 2225 903 2255 949; x_wconf 82' lang='grc'><strong>6</strong></span> 
     </span>
     <span class='ocr_line' id='line_1_10' title="bbox 249 975 2188 1058; baseline 0.001 -22"><span class='ocrx_word' id='word_1_68' title='bbox 249 975 513 1038; x_wconf 87' lang='lat' dir='ltr'><strong>addendi</strong></span> <span class='ocrx_word' id='word_1_69' title='bbox 542 985 683 1038; x_wconf 85' lang='lat' dir='ltr'><strong>sunt</strong></span> <span class='ocrx_word' id='word_1_70' title='bbox 710 976 976 1038; x_wconf 86' lang='lat' dir='ltr'><strong>Licinius</strong></span> <span class='ocrx_word' id='word_1_71' title='bbox 1011 975 1308 1058; x_wconf 89' lang='lat' dir='ltr'><strong>[Seuerus</strong></span> <span class='ocrx_word' id='word_1_72' title='bbox 1338 975 1704 1058; x_wconf 81' lang='lat' dir='ltr'><strong>Alexander]</strong></span> <span class='ocrx_word' id='word_1_73' title='bbox 1738 983 1918 1055; x_wconf 83' lang='lat' dir='ltr'><strong>atque</strong></span> <span class='ocrx_word' id='word_1_74' title='bbox 1948 978 2188 1038; x_wconf 86' lang='lat' dir='ltr'><strong>Maxen-</strong></span> 
     </span>
     <span class='ocr_line' id='line_1_11' title="bbox 241 1060 2190 1139; baseline -0.001 -16"><span class='ocrx_word' id='word_1_75' title='bbox 241 1063 396 1131; x_wconf 78' lang='lat' dir='ltr'><strong>tiuS,</strong></span> <span class='ocrx_word' id='word_1_76' title='bbox 445 1078 704 1139; x_wconf 84' lang='lat' dir='ltr'><strong>quorum</strong></span> <span class='ocrx_word' id='word_1_77' title='bbox 749 1061 1022 1123; x_wconf 88' lang='lat' dir='ltr'><strong>omnium</strong></span> <span class='ocrx_word' id='word_1_78' title='bbox 1061 1064 1157 1123; x_wconf 91' lang='lat' dir='ltr'><strong>ius</strong></span> <span class='ocrx_word' id='word_1_79' title='bbox 1198 1064 1265 1122; x_wconf 90' lang='lat' dir='ltr'><strong>in</strong></span> <span class='ocrx_word' id='word_1_80' title='bbox 1308 1060 1603 1122; x_wconf 83' lang='lat' dir='ltr'><strong>dicionem</strong></span> <span class='ocrx_word' id='word_1_81' title='bbox 1643 1068 1809 1122; x_wconf 89' lang='lat' dir='ltr'><strong>tuam</strong></span> <span class='ocrx_word' id='word_1_82' title='bbox 1839 1065 2036 1132; x_wconf 88' lang='lat' dir='ltr'><strong>uenit,</strong></span> <span class='ocrx_word' id='word_1_83' title='bbox 2085 1060 2190 1124; x_wconf 92' lang='lat' dir='ltr'><strong>sed</strong></span> 
     </span>
     <span class='ocr_line' id='line_1_12' title="bbox 166 1146 2254 1226; baseline 0 -20"><span class='ocrx_word' id='word_1_84' title='bbox 166 1167 216 1206; x_wconf 78' lang='grc' dir='ltr'><strong>ιο</strong></span> <span class='ocrx_word' id='word_1_85' title='bbox 243 1149 327 1208; x_wconf 83' lang='lat' dir='ltr'><strong>ita</strong></span> <span class='ocrx_word' id='word_1_86' title='bbox 363 1153 427 1207; x_wconf 82' lang='lat' dir='ltr'><strong>ut</strong></span> <span class='ocrx_word' id='word_1_87' title='bbox 461 1146 611 1208; x_wconf 88' lang='lat' dir='ltr'><strong>nihil</strong></span> <span class='ocrx_word' id='word_1_88' title='bbox 642 1149 718 1206; x_wconf 85' lang='lat' dir='ltr'><strong>de</strong></span> <span class='ocrx_word' id='word_1_89' title='bbox 749 1165 957 1207; x_wconf 87' lang='lat' dir='ltr'><strong>eorum</strong></span> <span class='ocrx_word' id='word_1_90' title='bbox 989 1149 1214 1208; x_wconf 80' lang='lat' dir='ltr'><strong>uirtute</strong></span> <span class='ocrx_word' id='word_1_91' title='bbox 1247 1147 1592 1226; x_wconf 81' lang='lat' dir='ltr'><strong>derogetur.</strong></span> <span class='ocrx_word' id='word_1_92' title='bbox 1640 1165 1761 1206; x_wconf 87' lang='lat' dir='ltr'><strong>non</strong></span> <span class='ocrx_word' id='word_1_93' title='bbox 1794 1149 1954 1207; x_wconf 89' lang='lat' dir='ltr'><strong>enim</strong></span> <span class='ocrx_word' id='word_1_94' title='bbox 1986 1165 2097 1225; x_wconf 84' lang='lat' dir='ltr'><strong>ego</strong></span> <span class='ocrx_word' id='word_1_95' title='bbox 2127 1147 2188 1206; x_wconf 87' lang='lat' dir='ltr'><strong>id</strong></span> <span class='ocrx_word' id='word_1_96' title='bbox 2226 1161 2254 1206; x_wconf 80' lang='lat'>7</span> 
     </span>
     <span class='ocr_line' id='line_1_13' title="bbox 241 1230 2190 1312; baseline -0.001 -20"><span class='ocrx_word' id='word_1_97' title='bbox 241 1233 465 1294; x_wconf 82' lang='lat' dir='ltr'><strong>faciam</strong></span> <span class='ocrx_word' id='word_1_98' title='bbox 497 1231 658 1309; x_wconf 88' lang='lat' dir='ltr'><strong>quod</strong></span> <span class='ocrx_word' id='word_1_99' title='bbox 685 1231 960 1311; x_wconf 83' lang='lat' dir='ltr'><strong>plerique</strong></span> <span class='ocrx_word' id='word_1_100' title='bbox 992 1234 1322 1312; x_wconf 85' lang='lat' dir='ltr'><strong>scriptores</strong></span> <span class='ocrx_word' id='word_1_101' title='bbox 1354 1231 1565 1302; x_wconf 82' lang='lat' dir='ltr'><strong>solent,</strong></span> <span class='ocrx_word' id='word_1_102' title='bbox 1598 1239 1667 1292; x_wconf 85' lang='lat' dir='ltr'><strong>ut</strong></span> <span class='ocrx_word' id='word_1_103' title='bbox 1694 1230 1770 1290; x_wconf 90' lang='lat' dir='ltr'><strong>de</strong></span> <span class='ocrx_word' id='word_1_104' title='bbox 1798 1231 1851 1291; x_wconf 91' lang='lat' dir='ltr'><strong>is</strong></span> <span class='ocrx_word' id='word_1_105' title='bbox 1880 1230 2190 1292; x_wconf 80' lang='lat' dir='ltr'><strong>detraham</strong></span> 
     </span>
     <span class='ocr_line' id='line_1_14' title="bbox 245 1316 2186 1396; baseline 0 -18"><span class='ocrx_word' id='word_1_106' title='bbox 245 1319 351 1394; x_wconf 91' lang='lat' dir='ltr'><strong>qui</strong></span> <span class='ocrx_word' id='word_1_107' title='bbox 406 1317 553 1380; x_wconf 83' lang='lat' dir='ltr'><strong>uicti</strong></span> <span class='ocrx_word' id='word_1_108' title='bbox 603 1325 772 1386; x_wconf 81' lang='lat' dir='ltr'><strong>sunt,</strong></span> <span class='ocrx_word' id='word_1_109' title='bbox 829 1336 968 1378; x_wconf 88' lang='lat' dir='ltr'><strong>cum</strong></span> <span class='ocrx_word' id='word_1_110' title='bbox 1018 1317 1393 1396; x_wconf 81' lang='lat' dir='ltr'><strong>intellegam,</strong></span> <span class='ocrx_word' id='word_1_111' title='bbox 1436 1316 1660 1395; x_wconf 83' lang='lat' dir='ltr'><strong>gloriae</strong></span> <span class='ocrx_word' id='word_1_112' title='bbox 1701 1322 1839 1376; x_wconf 85' lang='lat' dir='ltr'><strong>tuae</strong></span> <span class='ocrx_word' id='word_1_113' title='bbox 1881 1316 2186 1386; x_wconf 85' lang='lat' dir='ltr'><strong>accedere,</strong></span> 
     </span>
     <span class='ocr_line' id='line_1_15' title="bbox 244 1401 2189 1482; baseline -0.001 -19"><span class='ocrx_word' id='word_1_114' title='bbox 244 1403 300 1463; x_wconf 88' lang='lat' dir='ltr'><strong>si</strong></span> <span class='ocrx_word' id='word_1_115' title='bbox 342 1403 542 1464; x_wconf 88' lang='lat' dir='ltr'><strong>omnia</strong></span> <span class='ocrx_word' id='word_1_116' title='bbox 585 1401 660 1464; x_wconf 89' lang='lat' dir='ltr'><strong>de</strong></span> <span class='ocrx_word' id='word_1_117' title='bbox 702 1401 821 1464; x_wconf 89' lang='lat' dir='ltr'><strong>illis</strong></span> <span class='ocrx_word' id='word_1_118' title='bbox 863 1419 1016 1480; x_wconf 87' lang='lat' dir='ltr'><strong>quae</strong></span> <span class='ocrx_word' id='word_1_119' title='bbox 1055 1402 1214 1465; x_wconf 86' lang='lat' dir='ltr'><strong>bona</strong></span> <span class='ocrx_word' id='word_1_120' title='bbox 1255 1403 1319 1464; x_wconf 87' lang='lat' dir='ltr'><strong>in</strong></span> <span class='ocrx_word' id='word_1_121' title='bbox 1362 1420 1427 1464; x_wconf 92' lang='lat' dir='ltr'><strong>se</strong></span> <span class='ocrx_word' id='word_1_122' title='bbox 1466 1401 1789 1464; x_wconf 81' lang='lat' dir='ltr'><strong>habuerint</strong></span> <span class='ocrx_word' id='word_1_123' title='bbox 1828 1419 1974 1464; x_wconf 87' lang='lat' dir='ltr'><strong>uera</strong></span> <span class='ocrx_word' id='word_1_124' title='bbox 2017 1418 2189 1482; x_wconf 87' lang='lat' dir='ltr'><strong>prae-</strong></span> 
     </span>
     <span class='ocr_line' id='line_1_16' title="bbox 244 1486 476 1550; baseline 0.009 -4"><span class='ocrx_word' id='word_1_125' title='bbox 244 1486 476 1550; x_wconf 76' lang='lat' dir='ltr'><strong>dicare.</strong></span> 
     </span>
    </p>
   </div>
   <div class='ocr_carea' id='block_1_4' title="bbox 243 1671 2199 2150">
    <p class='ocr_par' dir='ltr' id='par_1_4' title="bbox 243 1671 2199 2150">
     <span class='ocr_line' id='line_1_17' title="bbox 244 1671 2197 1738; baseline 0 -16"><span class='ocrx_word' id='word_1_126' title='bbox 244 1671 381 1723; x_wconf 84' lang='lat' dir='ltr'><strong>B¹P</strong></span> <span class='ocrx_word' id='word_1_127' title='bbox 403 1688 474 1738; x_wconf 90' lang='lat' dir='ltr'><strong>qo</strong></span> <span class='ocrx_word' id='word_1_128' title='bbox 497 1673 580 1723; x_wconf 63' lang='lat' dir='ltr'><strong>B*</strong></span> <span class='ocrx_word' id='word_1_129' title='bbox 720 1677 746 1724; x_wconf 89' lang='lat'>1</span> <span class='ocrx_word' id='word_1_130' title='bbox 777 1674 1033 1724; x_wconf 77' lang='lat' dir='ltr'><strong>dicerent</strong></span> <span class='ocrx_word' id='word_1_131' title='bbox 1056 1673 1160 1724; x_wconf 92' lang='lat' dir='ltr'><strong>BP</strong></span> <span class='ocrx_word' id='word_1_132' title='bbox 1181 1689 1250 1724; x_wconf 82' lang='lat' dir='ltr'><strong>an</strong></span> <span class='ocrx_word' id='word_1_133' title='bbox 1276 1674 1462 1724; x_wconf 84' lang='lat' dir='ltr'><strong>dicere</strong></span> <span class='ocrx_word' id='word_1_134' title='bbox 1477 1709 1490 1735; x_wconf 90' lang='lat'><strong>‚</strong></span> <span class='ocrx_word' id='word_1_135' title='bbox 1516 1678 1581 1723; x_wconf 80' lang='lat' dir='ltr'><strong>ut</strong></span> <span class='ocrx_word' id='word_1_136' title='bbox 1605 1688 1677 1723; x_wconf 85' lang='lat' dir='ltr'><strong>ne</strong></span> <span class='ocrx_word' id='word_1_137' title='bbox 1702 1673 1866 1724; x_wconf 69' lang='lat' dir='ltr'><strong>mah?</strong></span> <span class='ocrx_word' id='word_1_138' title='bbox 2008 1671 2197 1724; x_wconf 81' lang='lat' dir='ltr'><strong>adola-</strong></span> 
     </span>
     <span class='ocr_line' id='line_1_18' title="bbox 243 1735 2117 1808; baseline -0.001 -17"><span class='ocrx_word' id='word_1_139' title='bbox 243 1746 336 1792; x_wconf 79' lang='lat' dir='ltr'><strong>tur</strong></span> <span class='ocrx_word' id='word_1_140' title='bbox 357 1741 464 1792; x_wconf 88' lang='lat' dir='ltr'><strong>BP</strong></span> <span class='ocrx_word' id='word_1_141' title='bbox 597 1744 628 1794; x_wconf 87' lang='lat'><strong>3</strong></span> <span class='ocrx_word' id='word_1_142' title='bbox 653 1739 760 1808; x_wconf 84' lang='lat' dir='ltr'><strong>his]</strong></span> <span class='ocrx_word' id='word_1_143' title='bbox 784 1742 844 1792; x_wconf 84' lang='lat' dir='ltr'><strong>hi</strong></span> <span class='ocrx_word' id='word_1_144' title='bbox 865 1741 969 1792; x_wconf 89' lang='lat' dir='ltr'><strong>BP</strong></span> <span class='ocrx_word' id='word_1_145' title='bbox 1080 1743 1112 1793; x_wconf 83' lang='lat'>6</span> <span class='ocrx_word' id='word_1_146' title='bbox 1137 1745 1377 1808; x_wconf 81' lang='lat' dir='ltr'><strong>paganis</strong></span> <span class='ocrx_word' id='word_1_147' title='bbox 1398 1739 1529 1792; x_wconf 59' lang='lat' dir='ltr'><strong>BP*</strong></span> <span class='ocrx_word' id='word_1_148' title='bbox 1663 1740 1989 1806; x_wconf 79' lang='lat' dir='ltr'><strong>hisdemque</strong></span> <span class='ocrx_word' id='word_1_149' title='bbox 2013 1735 2117 1790; x_wconf 87' lang='lat' dir='ltr'><strong>BP</strong></span> 
     </span>
     <span class='ocr_line' id='line_1_19' title="bbox 247 1807 2194 1874; baseline -0.001 -15"><span class='ocrx_word' id='word_1_150' title='bbox 247 1809 646 1874; x_wconf 78' lang='lat' dir='ltr'><strong>disertionibus</strong></span> <span class='ocrx_word' id='word_1_151' title='bbox 667 1809 722 1860; x_wconf 92' lang='lat' dir='ltr'><em>B</em></span> <span class='ocrx_word' id='word_1_152' title='bbox 857 1811 890 1861; x_wconf 89' lang='lat'>8</span> <span class='ocrx_word' id='word_1_153' title='bbox 913 1809 1233 1861; x_wconf 80' lang='lat' dir='ltr'><strong>Alexander</strong></span> <span class='ocrx_word' id='word_1_154' title='bbox 1256 1812 1393 1861; x_wconf 79' lang='lat' dir='ltr'><strong>delet</strong></span> <span class='ocrx_word' id='word_1_155' title='bbox 1425 1810 1466 1860; x_wconf 85' lang='lat' dir='ltr'><em>C</em></span> <span class='ocrx_word' id='word_1_156' title='bbox 1489 1809 1729 1860; x_wconf 85' lang='lat' dir='ltr'><strong>Seuerus</strong></span> <span class='ocrx_word' id='word_1_157' title='bbox 1752 1807 2073 1862; x_wconf 69' lang='lat' dir='ltr'><strong>Alexander</strong></span> <span class='ocrx_word' id='word_1_158' title='bbox 2095 1810 2194 1858; x_wconf 86' lang='lat' dir='ltr'><strong>del.</strong></span> 
     </span>
     <span class='ocr_line' id='line_1_20' title="bbox 245 1875 2199 1944; baseline -0.003 -15"><span class='ocrx_word' id='word_1_159' title='bbox 245 1878 590 1930; x_wconf 68' lang='lat' dir='ltr'><strong>Mommsenus</strong></span> <span class='ocrx_word' id='word_1_160' title='bbox 726 1880 758 1928; x_wconf 88' lang='grc'><strong>9</strong></span> <span class='ocrx_word' id='word_1_161' title='bbox 782 1878 871 1929; x_wconf 81' lang='lat' dir='ltr'><strong>uis</strong></span> <span class='ocrx_word' id='word_1_162' title='bbox 893 1878 997 1928; x_wconf 92' lang='lat' dir='ltr'><strong>BP</strong></span> <span class='ocrx_word' id='word_1_163' title='bbox 1133 1878 1364 1930; x_wconf 78' lang='lat' dir='ltr'><strong>deuenit</strong></span> <span class='ocrx_word' id='word_1_164' title='bbox 1386 1877 1456 1929; x_wconf 90' lang='lat' dir='ltr'><strong><em>M</em></strong></span> <span class='ocrx_word' id='word_1_165' title='bbox 1476 1883 1479 1887; x_wconf 83' lang='lat'>&#39;</span> <span class='ocrx_word' id='word_1_166' title='bbox 1588 1879 1653 1929; x_wconf 89' lang='grc'><strong>10</strong></span> <span class='ocrx_word' id='word_1_167' title='bbox 1678 1877 1746 1926; x_wconf 87' lang='lat' dir='ltr'><strong>de</strong></span> <span class='ocrx_word' id='word_1_168' title='bbox 1771 1878 1955 1928; x_wconf 77' lang='lat' dir='ltr'><strong>addidi</strong></span> <span class='ocrx_word' id='word_1_169' title='bbox 2086 1875 2199 1944; x_wconf 81' lang='lat' dir='ltr'><strong>uir-</strong></span> 
     </span>
     <span class='ocr_line' id='line_1_21' title="bbox 247 1945 2199 2012; baseline -0.002 -16"><span class='ocrx_word' id='word_1_170' title='bbox 247 1951 370 1998; x_wconf 77' lang='lat' dir='ltr'><strong>tute</strong></span> <span class='ocrx_word' id='word_1_171' title='bbox 396 1948 466 1998; x_wconf 89' lang='lat' dir='ltr'><em>M</em></span> <span class='ocrx_word' id='word_1_172' title='bbox 607 1947 670 1998; x_wconf 87' lang='lat'><strong>11</strong></span> <span class='ocrx_word' id='word_1_173' title='bbox 696 1947 785 1997; x_wconf 85' lang='lat' dir='ltr'><strong>his</strong></span> <span class='ocrx_word' id='word_1_174' title='bbox 808 1945 978 1997; x_wconf 91' lang='lat' dir='ltr'><strong>BPM</strong></span> <span class='ocrx_word' id='word_1_175' title='bbox 995 1947 1048 1996; x_wconf 83' lang='lat' dir='ltr'><strong>is</strong></span> <span class='ocrx_word' id='word_1_176' title='bbox 1070 1949 1263 2012; x_wconf 67' lang='lat' dir='ltr'><strong>scripsi</strong></span> <span class='ocrx_word' id='word_1_177' title='bbox 1408 1947 1473 1997; x_wconf 80' lang='lat'><strong>13</strong></span> <span class='ocrx_word' id='word_1_178' title='bbox 1496 1945 1813 1996; x_wconf 80' lang='lat' dir='ltr'><strong>habuerunt</strong></span> <span class='ocrx_word' id='word_1_179' title='bbox 1837 1945 1904 1995; x_wconf 91' lang='lat' dir='ltr'><em>M</em></span> <span class='ocrx_word' id='word_1_180' title='bbox 2036 1959 2199 2008; x_wconf 82' lang='lat' dir='ltr'><strong>prae·</strong></span> 
     </span>
     <span class='ocr_line' id='line_1_22' title="bbox 251 2010 2195 2080; baseline -0.001 -16"><span class='ocrx_word' id='word_1_181' title='bbox 251 2015 514 2066; x_wconf 79' lang='lat' dir='ltr'><strong>dicauero</strong></span> <span class='ocrx_word' id='word_1_182' title='bbox 539 2013 622 2064; x_wconf 81' lang='lat' dir='ltr'><strong>B²</strong></span> <span class='ocrx_word' id='word_1_183' title='bbox 762 2017 827 2065; x_wconf 87' lang='grc'><strong>14</strong></span> <span class='ocrx_word' id='word_1_184' title='bbox 861 2014 974 2065; x_wconf 83' lang='lat' dir='ltr'><strong>aeli</strong></span> <span class='ocrx_word' id='word_1_185' title='bbox 995 2014 1281 2080; x_wconf 81' lang='lat' dir='ltr'><strong>lampridii</strong></span> <span class='ocrx_word' id='word_1_186' title='bbox 1311 2014 1615 2065; x_wconf 75' lang='lat' dir='ltr'><strong>antoninus</strong></span> <span class='ocrx_word' id='word_1_187' title='bbox 1646 2014 1840 2064; x_wconf 83' lang='lat' dir='ltr'><strong>uarius</strong></span> <span class='ocrx_word' id='word_1_188' title='bbox 1872 2010 2195 2077; x_wconf 75' lang='lat' dir='ltr'><strong>heliogaba-</strong></span> 
     </span>
     <span class='ocr_line' id='line_1_23' title="bbox 245 2079 1429 2150; baseline -0.002 -16"><span class='ocrx_word' id='word_1_189' title='bbox 245 2083 333 2135; x_wconf 81' lang='lat' dir='ltr'><strong>lus</strong></span> <span class='ocrx_word' id='word_1_190' title='bbox 355 2084 461 2134; x_wconf 91' lang='lat' dir='ltr'><strong>BP</strong></span> <span class='ocrx_word' id='word_1_191' title='bbox 486 2081 740 2150; x_wconf 76' lang='lat' dir='ltr'><strong>[sequitur</strong></span> <span class='ocrx_word' id='word_1_192' title='bbox 764 2085 817 2134; x_wconf 82' lang='lat' dir='ltr'><strong>in</strong></span> <span class='ocrx_word' id='word_1_193' title='bbox 843 2082 894 2132; x_wconf 91' lang='lat' dir='ltr'><em>B</em></span> <span class='ocrx_word' id='word_1_194' title='bbox 916 2090 969 2133; x_wconf 77' lang='lat' dir='ltr'><strong>et</strong></span> <span class='ocrx_word' id='word_1_195' title='bbox 991 2085 1043 2132; x_wconf 94' lang='lat' dir='ltr'><em>P</em></span> <span class='ocrx_word' id='word_1_196' title='bbox 1060 2079 1429 2148; x_wconf 64' lang='lat' dir='ltr'><strong>Diadumenus]</strong></span> 
     </span>
    </p>
   </div>
  </div>
 </body>
</html>
