2517 3884
556 195 623 250 Μ.
666 195 819 251 ΑΝΤ.
862 193 1335 253 ΡΗιιοεοΡΗνε.
1411 197 1464 252 C.
1499 199 1738 252 27-29,
2044 190 2126 255 67

202 369 489 424 amarunt.
560 363 817 442 septimo
847 363 943 424 die
974 372 1255 442 grauatus
1286 371 1378 424 est
1407 371 1466 424 et
1495 363 1691 425 solum
1721 363 1908 424 filium
1939 362 2125 424 admi·
2163 374 2196 424 8

201 449 288 508 sit.
338 463 517 525 quem
550 449 749 508 statim
780 449 1031 518 dimisit,
1093 459 1170 510 ne
1211 451 1274 508 in
1317 467 1454 510 eum
1513 449 1762 510 morbus
1821 451 2122 510 transiret.

201 533 437 594 dimisso
480 530 602 593 filio
662 541 841 613 caput
898 535 1141 614 operuit
1196 536 1368 611 quasi
1408 532 1618 595 uolens
1661 534 1957 604 dormire,
2021 534 2126 595 sed
2163 545 2196 592 9
2296 600 2300 605 ,

200 624 367 678 nocte
398 620 659 679 animam
691 619 930 679 efflauit.
1008 620 1201 680 fertur
1241 619 1426 680 filium
1469 621 1626 680 mori
1655 619 1948 686 uoluisse,
1992 638 2126 680 cum
2164 630 2229 678 10

156 718 177 756 ⁵
201 722 330 764 eum
358 702 541 764 talem
571 703 807 764 uideret
834 704 1126 773 futurum,
1160 704 1352 783 qualis
1395 705 1588 766 extitit
1626 712 1766 784 post
1807 705 1936 766 eius
1965 723 2126 765 mor·

200 797 334 857 tem,
368 807 466 858 ne,
500 796 565 848 ut
592 791 723 868 ipse
765 787 1017 860 dicebat,
1062 788 1272 850 similis
1311 789 1534 850 Neroni
1577 788 1876 868 Caligulae
1920 798 1980 850 et
2009 791 2124 851 Do-

198 875 437 934 mitiano
468 883 643 934 esset.

318 958 568 1020 Crimini
592 961 655 1019 ei
697 959 900 1020 datum
944 965 1052 1030 est,
1099 958 1259 1038 quod
1303 958 1607 1021 adulteros
1649 961 1856 1021 uxoris
1885 978 2126 1039 promo·
2144 957 2232 1023 29

200 1045 377 1114 uerit,
433 1044 770 1106 Tertullum
822 1051 881 1105 et
935 1044 1176 1106 Vtilium
1220 1051 1282 1104 et
1317 1043 1571 1104 Orfitum
1632 1051 1691 1105 et
1733 1045 2126 1116 Moderatum,
2235 1083 2257 1102 κ

133 1143 175 1182 10
198 1129 265 1190 ad
296 1131 503 1190 uarios
531 1129 821 1200 honores,
885 1147 1023 1190 cum
1053 1129 1392 1190 Tertullum
1453 1137 1511 1190 et
1551 1129 1948 1208 prandentem
1991 1150 2128 1192 cum

200 1232 383 1275 uxore
414 1207 901 1296 deprehenderit.
951 1213 1031 1276 de
1068 1232 1185 1292 quo
1215 1215 1435 1275 mimus
1462 1215 1526 1274 in
1567 1233 1779 1275 scaena
1809 1223 2127 1294 praesente
2163 1225 2196 1274 2

196 1301 493 1362 Antonino
525 1298 689 1371 dixit,
738 1319 877 1362 cum
920 1300 1195 1379 stupidus
1254 1317 1474 1359 nomen
1533 1299 1789 1360 adulteri
1851 1303 2055 1361 uxoris
2095 1319 2127 1360 a

198 1403 375 1446 seruo
398 1393 735 1462 quaereret,
768 1393 831 1446 et
858 1384 961 1445 ille
994 1385 1224 1446 diceret
1254 1393 1348 1444 ter
1379 1384 1656 1455 ‘Tullus'‚
1693 1392 1752 1446 et
1781 1384 1972 1445 adhuc
2003 1392 2125 1446 stu·

196 1470 370 1550 pidus
400 1477 739 1548 quaereret,
772 1471 1084 1550 respondit
1124 1469 1257 1530 ille:
1315 1469 1458 1530 ‘iam
1485 1470 1596 1532 tibi
1625 1470 1747 1530 dixi
1775 1476 1889 1541 ter,
1923 1470 2129 1532 Tullus

126 1569 171 1609 15
194 1557 453 1616 dicitur’.
516 1564 577 1616 et
632 1555 709 1616 de
749 1555 865 1617 hoc
906 1556 1145 1633 quidem
1186 1554 1374 1617 multa
1403 1555 1688 1636 populus„
1734 1555 1917 1618 multa
1949 1557 2128 1618 etiam
2163 1568 2196 1616 3

29 1653 31 1658 ’
194 1642 291 1702 alii
322 1640 602 1701 dixerunt
628 1641 985 1720 patientiam.
1006 1643 1293 1702 Antonini
1323 1643 1714 1702 incussanteS.
1793 1643 1946 1702 Ante
1979 1648 2126 1702 tem·
2162 1652 2198 1701 4

190 1745 303 1806 pus
334 1744 483 1786 sane
524 1728 765 1796 mortis,
826 1729 1175 1806 priusquam
1218 1726 1291 1786 ad
1333 1724 1555 1787 bellum
1588 1727 2132 1788 Marcomannicum

191 1811 438 1881 rediret,
468 1812 533 1872 in
564 1809 851 1891 Capitolio
880 1813 1130 1883 iurauit,
1164 1809 1394 1872 nullum
1427 1818 1764 1874 senatorem
1807 1831 1872 1873 se
1904 1813 2132 1873 sciente

192 1897 457 1958 occisum
474 1943 489 1965 ‚
523 1895 657 1956 cum
707 1899 884 1958 etiam
929 1895 1294 1958 rebelliones
1350 1896 1567 1958 dixerit
1627 1916 1692 1958 se
1753 1906 2128 1958 seruaturum

126 1996 169 2035 2⁰
192 1983 399 2051 fuisse,
434 1983 485 2042 si
515 1983 747 2043 scisset.
795 1981 945 2043 nihil
978 1984 1145 2043 enirn
1169 1983 1360 2060 magis
1405 1990 1464 2042 et
1505 1984 1703 2042 timuit
1743 1990 1802 2042 et
1842 1983 2125 2061 depreca-
2163 1994 2197 2042 5

192 2078 287 2128 tus
318 2074 413 2128 est
443 2082 619 2145 quam
650 2069 934 2129 auaritiae
964 2068 1213 2137 famam,
1258 2067 1334 2126 de
1373 2083 1491 2143 qua
1521 2085 1584 2127 se
1625 2064 1828 2127 multis
1860 2067 2128 2146 epistulis

192 2160 427 2232 purgat.
506 2151 815 2214 dederunt.
840 2161 901 2214 et
928 2154 1096 2223 uitio,
1132 2151 1292 2230 quod
1337 2152 1565 2212 effictus
1604 2153 1815 2212 fuisset
1853 2169 1967 2212 nec
2007 2159 2128 2212 tam
2165 2163 2196 2210 6

194 2237 449 2316 simplex
492 2254 670 2314 quam
711 2238 1051 2308 uideretur,
1114 2246 1215 2298 aut
1257 2253 1432 2316 quam
1491 2235 1589 2297 uel
1630 2237 1771 2298 Pius
1812 2236 1911 2297 uel
1941 2239 2135 2297 Verus·

192 2325 421 2383 suisset.
470 2321 780 2383 dederunt.
808 2325 985 2384 etiam
1016 2324 1282 2392 crimini,
1347 2322 1504 2399 quod
1545 2321 1796 2383 aulicam
1837 2319 2126 2400 adrogan-
2165 2336 2194 2383 7

120 2421 167 2460 25
194 2410 337 2468 tiam
368 2408 817 2468 confirmauerit
862 2407 1296 2468 summouendo
1323 2409 1548 2468 amicos
1588 2425 1620 2467 a
1652 2409 1934 2468 societate
1965 2425 2126 2468 com·

192 2494 361 2553 muni
406 2499 465 2552 et
504 2511 537 2552 a
584 2493 894 2554 conuiuiis.
970 2491 1328 2554 Parentibus
1365 2494 1874 2554 consecrationem
1919 2493 2126 2552 decre·
2163 2506 2212 2554 8-

191 2581 298 2640 uit.
379 2579 605 2638 amicos
662 2585 977 2656 parentum
1039 2579 1219 2638 etiam
1277 2584 1546 2639 mortuos
1605 2579 1814 2638 statuis
1873 2580 2124 2639 ornauit.

194 2661 701 2740 Suffragatoribus
722 2681 842 2724 non
868 2664 985 2724 cito
1010 2661 1281 2732 credidit,
1307 2661 1413 2724 sed
1437 2679 1674 2742 semper
1704 2663 1806 2723 diu
1835 2665 2129 2742 quaesiuit
2164 2677 2196 2725 9

193 2747 355 2826 quod
388 2754 519 2808 erat
558 2765 787 2809 uerum.
865 2748 1049 2810 Enisa
1077 2756 1172 2809 est
1197 2747 1401 2816 Fabia,
1441 2756 1508 2809 ut
1563 2749 1843 2810 Faustina
1896 2756 2128 2808 mortua
2166 2761 2230 2810 10

123 2843 169 2884 ³0
194 2835 257 2892 in
290 2834 421 2893 eius
451 2833 1137 2894 matrimoniumcoiret.
1190 2832 1295 2894 sed
1323 2831 1435 2893 ille.
1457 2832 1850 2895 concubinam
1881 2831 1996 2892 sibi
2025 2832 2127 2892 ad·

192 2918 374 2978 sciuit
402 2919 813 2996 procuratoris
842 2919 1046 2978 uxoris
1074 2936 1219 2980 suae
1245 2915 1446 2988 filiam,
1479 2936 1556 2978 ne
1579 2925 1676 2979 tot
1690 2916 1896 2978 liberis
1921 2935 2128 2997 super·

193 3004 447 3064 duceret
474 3019 817 3064 nouercam.-

298 3123 332 3172 5
356 3119 587 3185 quitalis
610 3119 714 3170 BP
846 3121 1080 3172 &tatum
1104 3121 1157 3170 B
1260 3123 1333 3173 m
1352 3121 1522 3172 etiam
1545 3117 1698 3172 P'M'
1783 3122 1844 3171 11
1873 3135 2038 3172 oxore
2062 3118 2130 3171 P²

302 3190 366 3238 16
390 3189 713 3238 incusantes
736 3189 788 3238 P
922 3191 985 3240 17
1009 3189 1564 3241 mareumannicumB
1701 3189 1765 3239 18
1790 3189 2058 3239 scientem
2081 3188 2134 3238 B

298 3259 364 3308 21
400 3271 562 3322 quem
585 3255 639 3305 B
772 3256 1029 3321 epistolis
1050 3256 1103 3306 B
1237 3260 1400 3308 met*
1418 3259 1604 3308 uictus
1634 3257 1687 3308 B
1731 3257 2001 3307 cimicem
2023 3255 2139 3306 PM

195 3340 291 3378 em.
325 3323 579 3376 fimas
678 3325 748 3376 25
770 3324 1199 3376 summouendo&
1215 3325 1330 3376 BP·
1426 3325 1632 3378 32finit
1653 3327 1802 3375 uitau
1828 3323 1994 3376 finita*
2009 3325 2132 3374 nita.

198 3391 830 3458 antonini-philosophi:
865 3393 1065 3460 incipit
1090 3394 1337 3444 eiusdem
1366 3409 1532 3446 uerus
1560 3393 1806 3446 feliciter
1823 3391 1946 3444 BP
2061 3389 2130 3439 ad

200 3459 598 3512 diocletianum
621 3466 917 3528 augustum
939 3463 1061 3514 add.
1086 3460 1229 3514 P³M

408 3590 437 3626 N
1633 3613 1718 3677 ὃ*
