2517 3884
875 171 1184 230 SEVERVS.
1277 173 1331 230 C.
1378 175 1551 229 7—9.
2058 171 2178 236 131

234 341 560 402 Domitium
591 341 883 402 Dextrum
912 343 976 400 in
1005 340 1204 402 locum
1237 342 1409 404 Bassi
1448 341 1817 420 praefectum
1859 342 1996 404 urbi
2036 343 2173 406 reli·
2211 351 2247 407 8

156 455 160 460 ·
235 429 363 506 quit
404 433 586 505 atque
623 428 782 487 intra
825 421 1068 503 triginta
1111 427 1236 486 dies
1281 444 1457 505 quam
1504 427 1753 489 Romam
1795 439 2045 492 uenerat
2086 439 2177 492 est

234 513 562 592 profectus
630 529 910 589 egressus
953 511 1026 572 ab
1069 512 1220 572 urbe
1264 512 1338 573 ad
1380 513 1531 574 Saxa
1581 511 1765 574 rubra
1820 513 2173 578 seditionem
2208 529 2241 580 9

213 599 542 676 ingentem
583 597 660 658 ob
701 596 901 682 locum
945 605 1279 660 castrorum
1324 598 1744 660 metandorum
1791 599 1864 660 ab
1906 602 2202 662 exercitu-

189 698 212 738 5
235 689 590 763 passusest.
654 683 923 744 occurrit
953 684 1010 744 ei
1040 690 1100 743 et
1130 685 1333 744 statim
1363 683 1510 762 Geta
1538 685 1725 744 frater
1768 703 1943 754 suus,
1988 703 2171 764 quem
2211 701 2278 754 10

223 769 614 848 prouinciam
641 768 754 829 sibi
787 768 1075 829 creditam
1113 786 1329 847 regere
1370 771 1678 849 praecepit
1718 769 1879 831 aliud
1923 789 2169 851 speran-

234 862 374 916 tem.
440 853 611 932 Nigri
647 852 874 914 liberos
917 854 990 914 ad
1033 872 1098 914 se
1142 853 1431 916 adductos
1471 855 1533 914 in
1578 873 1649 916 eo
1691 854 1901 916 habuit
1939 855 2169 917 honore
2208 871 2271 923 11
2372 921 2381 930 ,

237 956 352 1017 quo
387 957 544 1000 suos,
620 941 866 1000 miserat
895 956 1038 1000 sane
1079 938 1407 1018 legionem,
1456 957 1605 1016 quae
1638 939 1949 1002 Graeciam
1978 942 2170 1004 Thra·
2209 957 2275 1008 12

237 1027 506 1103 ciamque
545 1025 952 1105 praeciperet,
998 1043 1076 1086 ne
1119 1043 1220 1086 eas
1262 1025 1629 1088 Pescennius
1670 1035 2019 1106 occuparet,
2067 1028 2185 1088 sed·
2233 1051 2237 1056 ’

163 1128 208 1166 10
233 1111 355 1172 iam
395 1111 742 1190 Byzantium
785 1109 970 1188 Niger
1009 1110 1268 1172 tenebat.
1356 1107 1711 1174 Perinthum
1760 1113 1939 1175 etiam
1986 1112 2171 1190 Niger
2210 1126 2275 1178 13

235 1195 450 1257 uolens
503 1213 796 1275 occupare
848 1195 1140 1274 plurimos
1194 1195 1269 1257 de
1322 1197 1585 1256 exercitu
1635 1197 1936 1258 interfecit
1997 1205 2172 1277 atque

231 1281 368 1341 ideo
401 1280 592 1342 hostis
623 1300 756 1342 cum
785 1279 1114 1342 Aemiliano
1155 1288 1245 1342 est
1276 1279 1623 1360 appellatus.
1690 1298 1945 1359 cumque
1986 1282 2277 1346 Seue-14

235 1385 369 1426 rum
413 1366 487 1426 ad
517 1368 932 1446 participatum
971 1374 1247 1437 uocaret,
1298 1374 1676 1446 contemptus
1720 1374 1830 1428 est.
1891 1369 2171 1445 promisit
2208 1380 2275 1434 15

237 1470 378 1513 sane
423 1449 608 1532 Nigro
662 1460 850 1512 tutum
909 1444 1181 1520 exilium,
1238 1453 1289 1512 si
1337 1451 1549 1521 uellet,
1603 1451 1933 1513 Aemiliano
1974 1461 2169 1513 autem

165 1555 211 1594 15
235 1555 358 1599 non
385 1537 637 1614 ignouit.
709 1536 1070 1598 Aemilianus
1113 1536 1329 1598 dehinc
1370 1539 1565 1600 uictus
1603 1539 1666 1597 in
1706 1536 2095 1618 Hellesponto
2139 1557 2173 1600 a
2208 1550 2275 1602 16

237 1622 450 1683 Seueri
491 1621 740 1683 ducibus
779 1623 1054 1702 Cyzicum
1093 1624 1356 1702 primum
1396 1623 1661 1700 confugit
1702 1631 1879 1701 atque
1918 1622 2057 1684 inde
2108 1625 2172 1684 in

239 1708 411 1772 aliam
455 1709 784 1776 ciuitatem,
830 1709 895 1768 in
939 1725 1053 1784 qua
1095 1725 1303 1769 eorum
1344 1710 1512 1770 iussu
1556 1710 1789 1769 occisus
1832 1716 1943 1770 est.
2002 1709 2171 1770 fusae
2208 1723 2274 1774 17

237 1801 374 1854 sunt
400 1795 548 1854 item
580 1794 786 1873 copiae
818 1793 890 1854 ab
921 1789 1114 1854 isdem
1146 1792 1396 1854 ducibus
1430 1795 1606 1854 etiam
1635 1793 1821 1871 Nigri.
1883 1793 1977 1855 his
2007 1793 2169 1855 audi·
2202 1797 2245 1864 9

235 1880 314 1940 tis
346 1878 419 1939 ad
451 1886 721 1940 senatum
753 1878 1014 1940 Seuerus
1045 1879 1533 1955 quasi·coufectis
1572 1879 1757 1940 rebus
1797 1878 2029 1940 litteras
2056 1881 2171 1940 mi-

163 1982 212 2023 πο
239 1967 332 2026 sit.
397 1963 538 2024 dein
569 1963 836 2025 conflixit
877 1981 1011 2024 cum
1053 1962 1238 2042 Nigro
1282 1982 1535 2044 eumque
1578 1963 1735 2042 apud
1766 1963 2040 2043 Cyzicum
2079 1966 2171 2024 in-

239 2051 480 2110 teremit
511 2058 813 2129 caputque
857 2051 984 2109 eius
1013 2048 1137 2127 pilo
1180 2049 1559 2110 circumtulit.
1636 2047 1787 2108 tilios
1827 2049 1995 2126 Nigri
2036 2056 2173 2127 post
2208 2065 2240 2115 2

237 2135 369 2204 hoc,
419 2151 566 2211 quos
609 2153 852 2195 suorum
880 2134 1208 2207 liberorum
1251 2131 1409 2194 cultu
1450 2133 1769 2201 habuerat,
1815 2135 1878 2192 in
1932 2132 2169 2192 exilium

240 2239 374 2280 cum
405 2228 595 2280 matre
627 2221 805 2281 misit.
879 2219 1108 2280 litteras
1151 2219 1226 2278 ad
1270 2227 1541 2279 senatum
1582 2219 1655 2278 de
1696 2219 1949 2278 uictoria
1990 2217 2167 2279 dedit.
2208 2235 2241 2285 3

238 2322 434 2382 neque
479 2321 836 2383 quemquam
881 2312 1224 2366 senatorum
1266 2305 1369 2382 qui
1408 2304 1578 2382 Nigri
1628 2305 1886 2382 partium
1938 2304 2175 2365 fuerant

167 2407 217 2448 25
241 2398 482 2470 praeter
521 2396 730 2450 unum‘
749 2389 1040 2470 supplicio
1086 2388 1322 2473 adfecit.
1414 2387 1913 2450 Antiochensibus
1960 2390 2171 2450 iratior
2206 2405 2241 2456 4

239 2477 380 2545 fuit,
431 2475 588 2555 quod
621 2484 679 2536 et
710 2476 1222 2536 administrantem
1270 2493 1335 2536 se
1376 2477 1439 2535 in
1472 2476 1765 2536 orientem
1804 2475 2067 2536 riserant
2117 2482 2175 2535 et

240 2561 489 2640 Nigrum
524 2563 700 2622 etiam
731 2563 894 2621 uictu
923 2563 1218 2621 iuuerant.
1284 2559 1539 2640 denique
1582 2560 1766 2622 multa
1806 2560 1901 2620 his
1932 2560 2167 2621 ademit.
2209 2575 2243 2628 5

240 2645 642 2726 Neapolitanis
702 2648 879 2709 etiam
945 2645 1489 2708 Palaestinensibus
1548 2647 1642 2707 ius
1706 2647 1957 2706 ciuitatis
2018 2643 2169 2713 tulit,
2314 2683 2380 2755 -Χ<

243 2731 398 2808 quod
440 2749 553 2810 pro
594 2731 778 2810 Nigro
824 2730 921 2790 diu
961 2732 1024 2791 in
1067 2732 1249 2792 armis
1290 2732 1549 2792 suerunt.
1623 2733 1687 2790 in
1738 2730 1956 2790 multos
1996 2747 2173 2790 saeue
2208 2745 2243 2797 6
2294 2727 2345 2782 s

165 2835 215 2876 ao
241 2816 688 2885 animaduertit,
733 2824 974 2896 praeter
1021 2816 1291 2877 ordinem
1348 2817 1741 2884 senatorium,
1786 2816 1887 2892 qui
1924 2813 2174 2912 Nigrum

239 2903 478 2964 fuerant
507 2904 712 2962 secuti.
776 2899 992 2962 multas
1023 2903 1202 2962 etiam
1231 2903 1502 2962 ciuitates
1548 2899 1811 2962 eiusdem
1852 2899 2041 2980 partis
2080 2900 2172 2960 in-
2208 2917 2241 2970 ¹2

238 2989 410 3049 iuriis
451 2986 672 3048 adfecit
714 2995 772 3048 et
815 2986 1062 3049 damnis
1139 3005 1242 3049 eos
1285 2994 1594 3050 senatores
1638 2983 1854 3046 occidit
1893 2985 1998 3062 qui
2040 3003 2175 3047 cum
2208 3001 2245 3056 8

342 3177 370 3225 1
399 3174 676 3242 praefecti
697 3173 866 3224 BPM
883 3189 974 3227 em.
999 3173 1338 3224 Mommsenus
1460 3173 1491 3222 6
1516 3172 1736 3238 accepit
1758 3171 1862 3222 BP
1970 3173 2003 3224 8
2027 3171 2180 3224 trha-

242 3243 493 3306 ciamque
517 3242 622 3292 BP
765 3245 796 3292 9
823 3242 1168 3308 praeriperet
1191 3241 1259 3292 M
1415 3242 1479 3291 10
1511 3241 1829 3305 byzantium
1852 3239 1956 3290 BP
2114 3241 2179 3292 17

238 3311 363 3361 uisu
387 3310 440 3360 B
581 3311 645 3360 18
669 3309 883 3360 hisdem
906 3309 1009 3360 BP
1143 3309 1599 3360 anthiocensibus
1620 3309 1725 3359 BP
1848 3311 1911 3359 19
1939 3308 2181 3360 Seuerus

238 3380 506 3432 Pertinax
531 3379 599 3428 M
727 3378 792 3428 26
819 3395 884 3428 an
907 3379 966 3428 in
991 3379 1203 3430 oriente
1227 3378 1563 3429 inriserant?
1694 3378 1760 3429 27
1784 3378 1995 3428 uictum
2017 3374 2186 3426 BPM

341 3449 407 3498 29
435 3461 492 3497 se
519 3447 623 3497 BP
643 3462 737 3500 om.
765 3447 831 3498 M
860 3462 1052 3499 seuere
1077 3448 1190 3498 cod.
1216 3447 1588 3498 Riccardianua
1613 3463 1659 3499 a.
1683 3464 1745 3498 m.
1770 3463 1813 3498 «ς.
1854 3459 2022 3497 saeue
2044 3444 2179 3494 ecri-

239 3518 339 3580 psi.
393 3533 462 3566 an
487 3517 766 3566 Seuerus?

1668 3595 1709 3659 9
1734 3599 1769 3637 ae
