2517 3884
403 208 527 274 172
1077 209 1252 266 AELIl
1296 207 1642 265 SPARTIANl

335 393 367 444 7
404 383 505 460 qui
534 386 672 459 post
703 397 838 440 eum
867 378 1083 438 inuasit
1111 376 1449 454 imperium,
1480 375 1878 453 interemptus
1911 383 2016 436 est.
2095 376 2337 437 Conscii

379 465 604 529 *caedis
644 465 888 525 fuerunt
911 461 1304 523 Nemesianus
1348 466 1407 520 et
1436 458 1625 520 frater
1670 461 1799 520 eius
1828 459 2187 540 Apollinaris
2216 460 2336 522 Re-

404 553 725 629 cianusque
746 595 762 618 ,
826 549 930 628 qui
987 546 1329 625 praefectus
1386 543 1641 622 legionis
1691 545 1989 606 secundae
2018 545 2335 606 Parthicae

402 635 697 698 militabat
741 639 800 694 et
843 633 942 712 qui
985 629 1288 708 equitibus
1320 629 1807 690 extraordinariis
1837 639 2151 709 praeerat,
2214 651 2339 694 non

401 717 818 799 ignorantibus
849 718 1070 779 Marcio
1104 716 1381 794 Agrippa,
1417 717 1517 795 qui
1548 714 1721 775 classi
1751 723 2047 795 praeerat,
2070 725 2129 777 et
2158 735 2337 798 prae·
2394 731 2425 772 5

406 809 567 867 terea
599 803 904 883 plerisque
937 799 1276 862 officialium
1308 797 1547 879 inpulsu
1577 799 1879 861 Martialis.

331 888 367 950 7
530 888 778 950 Occisus
839 894 929 948 est
980 893 1177 948 autem
1219 887 1283 946 in
1325 884 1522 946 medio
1564 886 1779 945 itinere
1821 887 1983 946 inter
2017 887 2233 948 Carras
2278 893 2340 947 et

402 973 748 1042 Hedessam,
793 990 928 1033 cum
959 969 1250 1032 leuandae
1294 971 1529 1030 uesicae
1570 970 1759 1048 gratia
1792 990 1865 1032 ex
1898 990 2052 1050 equo
2084 971 2337 1032 descen-

402 1059 587 1119 disset
644 1064 823 1135 atque
877 1058 1034 1117 inter
1079 1061 1455 1135 protectores
1497 1073 1667 1124 SUOS,
1732 1057 2075 1117 coniuratos
2116 1056 2335 1126 caediS,

333 1158 366 1206 2
403 1152 626 1223 ageret.
704 1142 959 1222 denique
991 1159 1127 1201 cum
1158 1140 1330 1201 illum
1371 1142 1432 1198 in
1477 1156 1695 1216 equum
1759 1148 1979 1202 strator
2011 1143 2139 1204 eius
2168 1139 2334 1202 leua-
2368 1169 2427 1210 10

401 1237 515 1304 ret,
577 1229 838 1307 pugione
897 1225 1053 1287 latus
1113 1227 1239 1285 eius
1302 1223 1599 1293 confodit,
1648 1225 2201 1307 conclamatumque
2262 1225 2337 1287 ab

401 1312 684 1374 omnihus
718 1318 826 1382 est,
860 1311 922 1371 id
952 1309 1284 1372 Martialem
1315 1310 1548 1370 fecisse.

333 1413 366 1461 3
529 1399 601 1458 Et
633 1399 914 1476 quoniam
944 1395 1041 1455 dei
1070 1394 1224 1455 Luni
1266 1394 1517 1455 fecimus
1546 1395 1943 1465 mentionem,
2005 1395 2337 1466 sciendum,

400 1483 761 1543 doctissimis
814 1478 1150 1558 quibusque
1202 1479 1264 1538 id
1324 1475 1651 1540 memoriae
1692 1479 1979 1542 traditum
2039 1487 2215 1560 atque
2255 1483 2340 1541 ita

397 1584 560 1628 nunc
591 1583 828 1647 quoque
859 1583 891 1624 a
923 1563 1203 1624 Carrenis
1244 1565 1571 1642 praecipue
1600 1563 1835 1635 haberi,
1878 1572 1944 1625 ut
1974 1567 2074 1645 qui
2104 1565 2338 1626 Lunam
2368 1591 2423 1632 15

399 1652 660 1712 femineo
692 1649 933 1710 nomine
964 1665 1034 1709 ac
1065 1665 1210 1708 sexu
1239 1649 1545 1727 putauerit
1572 1649 2031 1728 nuncupandam
2061 1652 2113 1710 is
2138 1651 2339 1711 addic-

329 1749 364 1797 4
401 1743 496 1795 tus
526 1733 881 1794 mulieribus
913 1750 1154 1810 semper
1184 1734 1503 1800 inseruiat;
1586 1734 1688 1809 qui
1718 1750 1865 1793 uero
1897 1751 2126 1794 marem
2158 1733 2341 1797 deum

401 1838 533 1881 esse
565 1818 908 1887 crediderit,
941 1819 993 1878 is
1023 1817 1367 1878 dominetur
1398 1817 1572 1877 uxori
1604 1835 1799 1897 neque
1831 1817 1980 1879 ullas
2010 1818 2340 1881 muliebres

331 1918 364 1968 5
397 1906 655 1984 patiatur
683 1903 949 1964 insidias.
1027 1901 1216 1971 unde,
1264 1903 1540 1979 quamuis
1572 1901 1784 1963 Graeci
1823 1901 1921 1963 uel
1952 1904 2222 1984 Aegyptii
2265 1924 2337 1967 eo

399 2008 622 2068 genere
653 2008 772 2068 quo
802 1989 1082 2048 feminam
1116 1985 1422 2048 hominem
1454 1987 1630 2048 etiam
1645 1986 1875 2050 Lunam
1911 1988 2089 2050 deum
2119 1988 2335 2061 dicant,
2366 2017 2419 2056 20

401 2076 648 2156 mystice
678 2080 881 2135 tamen
911 2072 1091 2133 deum
1121 2071 1347 2132 dicunt.
2010 2145 2025 2154 ,

328 2157 368 2220 8
527 2160 662 2220 Scio
697 2159 770 2219 de
785 2158 1095 2238 Papiniani
1125 2175 1275 2218 nece
1306 2155 1526 2217 multos
1556 2159 1636 2218 ita
1667 2159 1731 2218 in
1763 2158 1992 2220 litteras
2015 2159 2335 2233 rettulisse,

399 2251 466 2303 ut
497 2244 696 2305 caedis
727 2263 848 2304 non
881 2243 1246 2304 adsciuerint
1277 2261 1538 2312 causam,
1602 2242 1731 2305 aliis
1761 2243 1875 2304 alia
1903 2245 2334 2316 referentibus3

399 2329 504 2389 sed
563 2347 672 2405 ego
732 2326 916 2388 malui
972 2329 1326 2388 uarietatem
1378 2329 1729 2406 opinionum
1784 2328 1963 2388 edere
2024 2349 2200 2408 quam
2258 2332 2337 2392 de

335 2422 368 2469 2
402 2414 552 2472 tanti
607 2413 724 2472 uiri
784 2411 968 2472 caede
1012 2413 1290 2472 reticere.
1366 2411 1756 2490 Papinianum
1789 2413 2213 2474 amicissimum
2244 2417 2336 2477 fu·
2365 2437 2419 2477 25

399 2498 521 2557 isse
550 2497 902 2574 imperatori
933 2494 1162 2556 Seuero
1195 2502 1285 2564 et,
1339 2502 1405 2555 ut
1446 2494 1628 2573 aliqui
1669 2492 2025 2574 loquuntur,
2080 2499 2339 2562 adfinem

330 2590 362 2638 3
407 2582 582 2641 etiam
611 2598 723 2659 per
755 2579 1077 2640 secundam
1105 2597 1378 2649 uxorem,
1412 2581 1739 2640 memoriae
1773 2580 2057 2652 traditum
2108 2590 2166 2644 et
2195 2584 2339 2646 huic

399 2666 722 2745 praecipue
753 2670 1076 2743 utrumque
1095 2662 1290 2730 filium
1322 2683 1355 2724 a
1388 2663 1612 2724 Seuero
1638 2666 2140 2740 commendatum,
2169 2687 2335 2732 eum-

403 2768 517 2828 que
558 2768 697 2811 cum
739 2747 968 2810 Seuero
1028 2749 1367 2829 professum
1428 2748 1537 2810 sub
1571 2749 1861 2812 Scaeuola
1904 2760 1963 2812 et
2005 2753 2231 2816 Seuero
2273 2757 2337 2815 in

500 2920 532 2969 2
555 2919 890 2982 Reanusque
915 2917 982 2968 M
1113 2918 1144 2966 6
1167 2917 1447 2967 marcialis
1470 2917 1637 2969 BPM
1768 2920 1799 2970 8
1823 2922 2079 2973 uessieae
2104 2923 2210 2975 BP

401 2989 465 3037 12
489 2985 803 3036 marcialem
827 2985 996 3036 BPM
1128 2987 1192 3036 15
1217 2984 1411 3035 abheri
1434 2984 1487 3034 B
1624 2989 1688 3043 16
1712 2990 2140 3055 nuncupandum
2162 2994 2213 3043 is
2238 2993 2335 3044 ad-

376 3055 568 3106 odictis
591 3052 671 3105 B¹
813 3055 874 3104 17
903 3067 1118 3119 semper
1139 3069 1238 3104 om.
1262 3053 1315 3102 B
1449 3054 1685 3105 inseruit
1710 3060 1770 3105 at
1795 3058 1891 3121 qui
1911 3073 2043 3109 uero
2066 3059 2235 3110 BPM
2252 3063 2335 3112 in-

400 3123 612 3172 seriuat
638 3122 732 3186 qui
753 3137 889 3172 uero
911 3123 1101 3185 scripsi
1125 3119 1323 3185 (Iord.)
1465 3123 1527 3172 18
1550 3121 1695 3174 ullos
1717 3123 1769 3173 B
1883 3128 1949 3176 20
1974 3127 2249 3178 hominem
2285 3137 2337 3179 et

402 3188 562 3238 deum
587 3187 728 3252 (post
751 3189 988 3253 Lunam)
1017 3190 1114 3242 del.
1141 3189 1293 3239 Iord.
1452 3191 1518 3238 22
1544 3190 1801 3241 retulisse
1826 3191 1879 3241 B
2038 3198 2105 3245 24
2126 3197 2339 3257 uerit&

398 3261 513 3305 tem
539 3255 700 3305 BPM
731 3271 823 3307 em.
854 3257 893 3306 Ο
1043 3258 1110 3306 25
1144 3257 1434 3321 papiniani
1466 3256 1592 3305 BP¹
1744 3261 1809 3308 26
1846 3263 1904 3310 et
1935 3277 2029 3316 om.
2053 3262 2183 3312 BP1
2208 3266 2335 3314 add.

397 3322 540 3372 ΡΜ
639 3324 705 3373 27
730 3322 971 3372 traditur
993 3351 1058 3358 —-
1087 3324 1525 3374 commendatum
1547 3340 1638 3374 om.
1664 3324 1735 3376 B¹
1764 3329 1887 3378 add.
1910 3327 1985 3377 B¹
2094 3331 2162 3380 28
2187 3347 2335 3381 eum-

329 3427 333 3432 .
401 3405 508 3456 que
533 3417 600 3426 -
623 3391 962 3441 successisse
986 3407 1081 3440 om.
1106 3389 1234 3442 BP¹
1266 3394 1386 3444 add.
1412 3391 1490 3440 1²²
1534 3407 1763 3442 uersuum
1787 3397 1917 3446 ordo
1939 3398 2059 3448 milti
2080 3413 2192 3448 esse
2218 3415 2336 3450 con-

391 3459 542 3521 fusus
581 3459 784 3507 uidetur
825 3461 1098 3524 uerior-que
1140 3459 1283 3509 hice:
1328 3459 1697 3524 Papinianum
1732 3462 2123 3515 amicissimum
2159 3467 2334 3517 fuisse

377 3527 529 3591 imp.
557 3525 763 3576 Seuero
802 3521 828 3592 Η
869 3540 1100 3590 eumque
1129 3539 1252 3576 cum
1278 3527 1489 3578 Seuero
1510 3527 1824 3592 professum
1849 3533 1949 3582 sub
1978 3533 2251 3585 Scaeuola
2277 3539 2338 3587 et
