2517 3884
347 173 473 239 174
1056 174 1277 267 FLAvu
1319 173 1573 231 VOPISCI

275 357 308 406 6
345 346 480 407 simi
507 342 918 423 imperatorie,
943 358 1151 403 senem
1178 338 1341 402 uelle
1370 337 1706 421 principem
1738 343 1956 403 facere.
1988 362 2062 405 en
2092 364 2289 407 mem·

343 430 482 498 bra,
539 446 690 506 quae
721 426 968 488 iaculari
996 426 1265 495 ualeant,
1319 442 1469 502 quae
1509 424 1723 488 hastile
1754 434 2073 505 torquere,
2132 446 2293 507 quae,
2346 430 2359 436 ”

343 514 554 595 clipeis
593 515 903 583 intonare,
957 528 1108 589 quae
1150 510 1224 570 ad
1270 504 1607 588 exemplum
1642 511 1897 573 docendi
1925 512 2129 575 militis
2158 516 2284 575 fre-

342 606 600 677 quenter
631 599 915 677 equitare.
990 597 1094 655 uix
1123 595 1327 655 munia
1358 600 1601 657 senatus
1628 596 1963 675 implemus
2011 600 2113 658 uix
2136 618 2287 661 sen-

272 696 304 746 7
341 686 576 754 tentiaS,
611 682 683 743 ad
715 700 862 761 quas
891 698 1000 741 nos
1026 679 1200 741 locus
1229 686 1403 751 artat,
1436 679 1743 743 edicimus.
1798 681 1999 743 uidete
2028 680 2281 761 diligen·
2339 696 2371 737 5
2438 722 2444 729 .

339 770 491 838 tiuS,
547 784 726 844 quam
767 771 1025 827 aetatem
1062 763 1141 825 >de
1171 763 1445 825 cubiculo
1489 773 1666 844 atque
1698 765 1911 827 umbra
1939 768 2003 827 in
2033 770 2283 846 pruinas

340 860 661 929 aestusque
689 851 952 911 mittatis·
989 867 1062 910 ac
1089 848 1449 929 probaturos
1482 868 1688 911 senem
1718 851 2143 930 imperatorem
2168 854 2283 913 mi-

271 948 304 999 8
340 936 477 997 lites
517 936 797 997 creditis?
856 933 1078 1003 uidete,
1103 952 1202 995 ·ne
1231 939 1296 994 et
1321 935 1414 993 rei
1440 950 1501 1011 p.
1546 952 1673 995 non
1706 953 1842 996 eum
1872 954 2051 1015 quem
2081 935 2284 997 uelitis

338 1022 674 1100 principem
715 1020 895 1087 detis,
943 1026 1006 1079 et
1045 1017 1192 1079 mihi
1221 1018 1335 1078 hoc
1366 1016 1563 1079 solum
1594 1018 1808 1081 obesse
1842 1022 2089 1099 incipiat
2120 1020 2285 1099 quod

338 1124 433 1167 me
463 1105 828 1166 unanimiter
857 1103 1228 1183 delegisti3.“
1412 1176 1417 1179 ι
2308 1119 2365 1159 10

227 1194 308 1260 v5
465 1191 608 1251 Post
651 1188 806 1249 haec
856 1187 1318 1249 adclamationes
1368 1194 1609 1249 senatus
1659 1186 1772 1251 hae
1825 1190 2100 1251 fuerunt:
2161 1189 2284 1260 „Et

335 1274 632 1337 Traianus
662 1273 735 1335 ad
767 1274 1084 1353 imperium
1113 1290 1299 1333 senex
1322 1273 1555 1332 uenits‘
1587 1271 1865 1333 dixerunt
1894 1273 2115 1347 denies.
2159 1274 2285 1343 „Et

335 1358 670 1420 Hadrianus
711 1358 784 1418 ad
825 1359 1168 1438 imperium,
1195 1374 1381 1417 senex
1427 1358 1659 1417 uenit.“
1700 1357 2000 1434 dixerunt
2050 1358 2277 1419 decies,

335 1444 452 1513 „Et
479 1444 813 1504 Antoninus
843 1442 914 1503 ad
937 1442 1253 1520 imperium
1277 1458 1459 1501 senex
1484 1442 1719 1503 uenit.“
1751 1441 2035 1503 dixerunt
2054 1442 2277 1503 decies.

129 1528 458 1614 vgpfflmsst
485 1535 552 1587 tu
581 1527 806 1605 legisti:
850 1526 1188 1608 lucanaque
1216 1532 1415 1587 menta
1444 1527 1605 1603 regis
1635 1525 1955 1587 Romani.“
2000 1526 2282 1589 dixerunt
2310 1539 2361 1580 1⁵

338 1612 556 1672 decies,
631 1612 890 1687 „Ecquis
931 1610 1147 1671 melius
1191 1626 1371 1687 quam
1402 1627 1587 1670 senex
1616 1612 1954 1689 imperat?“
1996 1612 2282 1673 dixerunt

334 1696 552 1755 decies,
588 1695 1063 1773 „imperatorem
1092 1701 1170 1763 te,
1204 1711 1327 1755 non
1358 1693 1607 1755 militem
1638 1695 1960 1758 facimus.“
1997 1697 2281 1757 dixerunt

265 1802 296 1850 2
334 1780 542 1841 uicieS.
633 1780 768 1849 „Tu
807 1779 1002 1849 iube„
1039 1778 1258 1839 milites
1318 1786 1655 1857 pugnent.“
1716 1780 2001 1848 dixerunt(
2054 1782 2276 1842 tricies.

333 1862 574 1935 „Habes
618 1864 994 1942 prudentiam
1027 1870 1086 1923 et
1114 1862 1339 1923 bonum
1380 1864 1700 1924 fratrem.“
1743 1864 2022 1925 dixerunt
2050 1866 2272 1925 decieS.

333 1948 640 2019 „Seuerus
697 1948 871 2017 dixit,
935 1954 1114 2027 caput
1162 1950 1465 2025 imperare
1516 1966 1638 2009 non
1688 1948 1937 2027 pedeS.“
1996 1949 2277 2011 dixerunt
2302 1962 2359 2001 20

329 2034 554 2094 tricies,
619 2034 935 2103 „Animum
966 2040 1152 2101 tuum,
1196 2050 1320 2093 non
1352 2050 1583 2111 -corpus
1616 2032 1956 2111 eligimus·.“
1978 2033 2277 2095 dixerunt

331 2118 534 2179 uicies.
613 2118 858 2188 „Tacite
887 2118 1179 2195 Auguste,
1225 2117 1285 2176 di
1315 2124 1375 2177 te
1408 2118 1740 2180 seruent!“.
1785 2117 2031 2189 ‘Deinde
2062 2136 2275 2179 omnes

261 2224 294 2273 3
330 2203 698 2281 interrogati.
784 2208 1096 2281 praeterea
1141 2202 1240 2280 qui
1284 2208 1422 2279 post
1453 2201 1723 2264 Tacitum
1756 2202 2002 2263 sedehat
2032 2210 2274 2268 senator

331 2287 694 2355 consularis,
737 2286 996 2348 Maecius
1038 2284 1361 2347 Falconius
1390 2285 1787 2347 Nicomachus
1817 2287 1877 2347 in
1909 2286 2058 2347 haec
2086 2287 2274 2349 uerba

330 2371 644 2444 disseruit:
713 2409 716 2413 .
1616 2384 1626 2394 ·
2292 2382 2348 2425 25

259 2460 299 2525 6
457 2454 755 2532 „Semper
795 2453 1054 2531 quidem,
1097 2471 1156 2530 p.
1195 2472 1269 2522 c.‚
1302 2460 1469 2514 recte
1514 2462 1697 2531 atque
1726 2454 2059 2535 prudenter
2082 2457 2177 2516 ⁴rei
2208 2474 2266 2535 p.

327 2540 675 2622 magnificus
715 2538 812 2598 hic
854 2538 1002 2598 ordo
1047 2537 1381 2607 consuluit,
1442 2556 1641 2617 neque
1682 2558 1715 2599 a
1756 2557 2055 2619 quoquam
2102 2532 2272 2601 orbis

325 2630 527 2685 terrae
575 2622 798 2703 populo
847 2622 1092 2684 solidior
1137 2638 1423 2698 umquam
1472 2631 1783 2702 expectata
1825 2626 2113 2703 sapientia
2159 2634 2266 2695 est,

325 2714 584 2768 attamen
597 2712 611 2749 -'
629 2706 792 2769 nulla
834 2723 1116 2783 umquam
1161 2723 1363 2783 neque
1406 2710 1651 2785 grauior
1690 2725 1887 2786 neque
1914 2709 2271 2787 prudentior-

258 2812 290 2862 2
326 2793 387 2851 in
417 2791 532 2853 hoc
571 2794 832 2854 sacrario
874 2791 1028 2851 dicta
1072 2792 1369 2853 sententia
1410 2799 1517 2853 est.
1600 2794 1901 2855 seniorem
1930 2795 2263 2873 principem
2290 2804 2344 2845 3⁰

323 2878 576 2937 fecimus
607 2884 668 2937 et
696 2880 894 2937 uirum
926 2877 1030 2953 qui
1060 2876 1344 2937 omnibus
1374 2878 1549 2955 quasi
1578 2886 1751 2957 pater
1783 2877 2073 2939 consulat.
2116 2878 2265 2939 nihil

325 2960 400 3021 ab
423 2960 538 3022 hoc
560 2963 942 3031 inmaturum,
967 2960 1116 3021 nihil
1137 2977 1638 3041 praeproperum,
1664 2960 1815 3023 nihil
1843 2980 2124 3042 asperum
2143 2965 2264 3024 for-

458 3146 490 3194 2
515 3146 680 3195 astile
704 3146 809 3195 BP
949 3148 981 3197 3
1001 3144 1074 3195 ad
1099 3144 1338 3211 emplum
1362 3143 1440 3195 P¹
1589 3148 1621 3195 6
1645 3162 1715 3196 ne
1744 3148 1867 3198 cub.
1892 3147 2062 3197 BPM
2202 3150 2265 3199 10

321 3211 679 3263 unianimiter
699 3212 752 3263 B
879 3215 942 3265 15
966 3227 1128 3277 reges
1153 3212 1256 3263 BP
1374 3214 1437 3265 16
1462 3214 1649 3278 etquis
1672 3214 1844 3267 BPM
1862 3216 2055 3280 ecquis
2077 3216 2267 3281 scripsi
2298 3275 2303 3278 ,

323 3278 622 3343 (Eyssenha)
703 3282 769 3332 23
791 3281 1154 3345 interrogatis
1175 3280 1281 3331 BP
1302 3297 1370 3331 an
1392 3279 1731 3347 interrogati
1752 3285 1918 3333 sunt?
2006 3284 2074 3333 24
2098 3282 2261 3335 falto—

319 3346 446 3396 nius
469 3345 572 3395 BP
703 3347 1096 3399 nichomachus
1119 3347 1174 3397 B
1201 3348 1564 3413 niehomaeus
1586 3350 1638 3399 P
1780 3352 1847 3400 29
1879 3350 2141 3401 adtamen
2162 3350 2267 3400 BP

455 3414 520 3463 32
545 3428 872 3480 praepetum
892 3414 996 3465 BP
1017 3430 1311 3515 pei-porum
1338 3416 1399 3467 M
1422 3431 1857 3484 praeproperum
1889 3420 2082 3483 scripsi
2103 3417 2262 3485 (Eys-

318 3480 442 3529 senlz
463 3478 482 3541 )
623 3481 1022 3548 formidandam
1044 3481 1097 3530 B
1449 3490 1459 3497 “
2187 3542 2190 3547 ι
