2517 3884
342 149 466 214 104
508 155 660 212 AELI
701 155 1012 212 LAMPRIDI
1056 153 1409 211 COMMODVS
1454 152 1849 236 ANTONlNl⁷S.
1913 154 1968 210 C.
2003 155 2089 208 19.
2120 157 2210 209 20.

340 342 454 402 pro
486 329 547 382 te
579 324 905 385 timuimus,
970 340 1005 380 o
1050 339 1161 382 nos
1203 320 1440 390 felices,
1486 328 1546 381 te
1585 321 1719 380 uiro
1762 321 2116 399 imperante.
2192 320 2282 381 De

342 407 642 488 parricida
673 408 866 476 refer,
898 407 1090 475 refer,
1134 423 1411 484 perroga.
1473 407 1877 484 praesentiam
1906 412 2071 467 tuam
2099 422 2277 482 roga-

278 501 308 548 9
347 512 501 555 mus.
576 493 933 553 Innocentes
973 490 1191 570 sepulti
1246 509 1369 551 non
1413 497 1569 551 sunt.
1642 490 1978 570 parricidae
2021 490 2277 551 cadauer

308 577 635 640 trahatur.
706 574 1007 657 parricida
1062 575 1332 654 sepultos
1381 577 1560 673 eruit.
1633 575 1972 655 parricidae
2024 575 2281 635 cadauer

346 662 683 725 trahatur.“
2332 672 2368 709 5

241 741 325 804 20
473 749 548 808 Et
580 764 716 806 eum
745 748 915 806 iussu
947 745 1281 806 Pertinacis
1311 745 1519 806 Liuius
1549 744 1894 813 Laurensi's,
1925 751 2283 823 procurator

346 832 721 912 patrimonii,
753 829 939 890 Fabio
972 827 1205 891 Chiloni
1236 828 1468 892 consuli
1509 828 2155 907 designato‘dedisset,
2172 847 2284 908 per

278 925 309 972 2
347 924 584 978 noctem
628 915 938 977 Commodi
984 915 1241 978 cadauer
1285 915 1584 994 sepultum
1629 921 1738 976 est.
1802 921 2048 977 senatus
2089 914 2283 975 adela-

280 1011 313 1057 3
349 1003 559 1064 mauit:
597 1000 781 1072 „Quo-
803 1007 1048 1061 auctore
1080 999 1486 1079 sepelierunt?
1515 999 1816 1079 parricida
1847 998 2117 1078 sepultus
2149 1017 2284 1060 eru-

348 1095 501 1155 atur,
533 1085 873 1146 trahatur.“
935 1086 1178 1163 Cingius
1211 1085 1474 1146 Seuerus
1505 1085 1682 1153 dixit;
1717 1084 1983 1155 „Iniuste
2014 1083 2284 1163 sepultus
2317 1095 2372 1134 10

350 1179 456 1232 est.
534 1189 648 1250 qua
695 1170 964 1249 pontifex
1008 1171 1170 1240 dieo,
1216 1169 1332 1230 hoe
1376 1169 1692 1248 collegium
1731 1170 2078 1248 pontificum
2121 1169 2282 1248 dicit.

280 1265 315 1311 4
350 1258 631 1336 quoniam
670 1255 825 1316 laeta
865 1257 1215 1334 percensui,
1257 1273 1420 1316 nuno
1451 1261 1770 1316 conuertar
1813 1254 1888 1316 ad
1915 1256 2284 1319 necessaria:

304 1402 309 1409 ,
358 1359 579 1402 censeo
624 1359 773 1418 quas
817 1343 867 1401 is
914 1342 1015 1417 qui
1046 1359 1169 1402 non
1199 1342 1317 1400 nisi
1362 1340 1433 1400 ad
1476 1341 1806 1420 perniciem
1851 1341 2070 1400 ciuium
2115 1346 2174 1399 et
2216 1339 2286 1400 ad

352 1426 615 1487 dedecus
658 1443 833 1486 suum
878 1427 1056 1491 uixit,
1104 1425 1181 1486 oh
1223 1425 1516 1487 honorem
1561 1443 1734 1486 suum
1787 1425 2030 1486 decerni
2071 1425 2286 1500 coegit,

284 1521 315 1568 5
354 1510 679 1575 abolendas
708 1517 948 1580 statuas,
986 1527 1135 1586 quae
1166 1510 1436 1587 undique
1467 1518 1606 1571 sunt
1635 1509 1992 1580 abolendae,
2037 1526 2288 1570 nomen·
2318 1519 2382 1557 15

354 1613 470 1673 que
504 1614 577 1654 ex
608 1594 884 1655 omnibus
913 1596 1167 1674 priuatis
1198 1594 1574 1674 publicisque
1605 1597 2008 1656 monumentis
2039 1593 2289 1654 eraden-

354 1679 497 1740 dum
530 1697 889 1756 mensesque
934 1681 989 1740 is
1033 1680 1377 1741 nominibus
1409 1680 1840 1760 nuncupandos
1881 1677 2094 1758 quibus
2133 1695 2288 1738 nun-

355 1764 762 1908 cupabantur,
808 1783 943 1825 cum
984 1767 1257 1844 primum,
1281 1765 1429 1826 illud
1474 1764 1699 1828 malum
1728 1767 1792 1826 in
1822 1783 1890 1825 re
1919 1761 2156 1843 publica
2197 1764 2289 1820 in-

356 1869 429 1910 eu
475 1850 629 1910 uit.“
1170 1879 1177 1886 ·

461 2038 487 2084 1
516 2039 573 2084 te
598 2035 731 2084 uiuo
758 2036 801 2084 0
844 2040 903 2084 te
928 2038 1087 2100 uiuo,
1123 2040 1179 2085 te
1204 2036 1332 2101 imp.
1359 2037 1612 2102 Eyssenh.
1765 2039 1793 2084 7
1833 2032 2166 2099 patromonii
2196 2031 2308 2082 BP

447 2104 575 2165 sort.
605 2101 787 2152 Ciloni
914 2105 945 2154 8
972 2093 1057 2153 est
1082 2120 1173 2154 om.
1202 2104 1252 2152 B
1358 2107 1388 2154 9
1427 2109 1682 2154 seruatur
1705 2102 1808 2151 BP
1909 2104 1970 2150 ll
2009 2102 2140 2165 quia
2163 2099 2304 2151 P³M

352 2172 480 2234 fort.
510 2169 657 2234 quod
796 2173 859 2220 12
884 2171 1055 2221 letum
1078 2172 1129 2220 B
1152 2172 1361 2221 laetam
1383 2173 1435 2222 P
1456 2172 1608 2221 laeta
1633 2185 1812 2234 nuper
1837 2170 2029 2220 censui
2055 2169 2096 2218 S
2234 2171 2303 2218 13

359 2253 499 2302 quae
527 2239 577 2287 is
600 2238 703 2288 BP
748 2253 853 2302 que
882 2239 1067 2303 quod
1052 2255 1100 2288 1s
1125 2240 1187 2288 M
1212 2255 1301 2288 em.
1331 2239 1371 2288 S
1534 2240 1596 2287 16
1631 2238 1924 2302 publisque
1952 2237 2054 2285 BP
2087 2245 2121 2286 t.
2149 2237 2296 2286 Iord.

463 2309 523 2356 17
550 2307 636 2356 his
661 2306 828 2356 BPM
960 2312 1352 2370 nuncupantur
1375 2307 1425 2355 B
1572 2307 1636 2355 19
1660 2306 1973 2355 commodus
1999 2305 2304 2356 antoninus

360 2375 493 2424 aelii
517 2374 799 2438 lampridii
826 2373 1070 2438 explicit.
1098 2373 1298 2437 incipit
1325 2373 1582 2436 pertinax
1608 2373 1708 2421 iuli
1737 2373 2031 2438 capitolini
2054 2373 2158 2430 BP

363 2443 431 2491 de
458 2442 643 2492 heluio
670 2443 959 2506 pertinace
986 2457 1099 2492 ecce.
