2517 3884
344 161 438 227 42
1038 164 1169 223 le1
1212 162 1584 222 CAPrroLINl

280 348 317 396 6
352 334 571 396 Extant
610 332 767 394 dicta
810 339 871 393 et
912 330 1105 393 soluta
1154 334 1424 393 oratione
1467 339 1528 391 et
1567 330 1846 393 uersibus
1877 332 2218 393 Gordiani
2199 350 2300 392 lu-

356 420 571 487 nioris,
636 436 787 495 quae
817 417 997 478 hodie
1026 416 1101 477 ab
1134 418 1264 477 eius
1295 416 1590 478 adfinibus
1619 418 1998 495 frequentant
2043 433 2107 486 r,
2170 435 2300 478 non

354 517 565 582 magna
598 522 717 565 non
764 504 1005 563 minima
1052 501 1156 563 sed
1200 501 1394 575 media
1439 509 1499 563 et
1529 519 1681 579 quae
1711 510 1998 582 appareat
2111 503 2301 563 minis

252 650 259 654 .
357 608 491 651 esse
530 589 834 667 ingeniosi
884 586 991 651 sed
1031 587 1390 648 luxuriantis
1421 595 1492 652 et
1535 606 1707 649 suum
1739 586 2076 649 deserentis
2116 589 2298 665 inge-

246 674 333 738 21
357 676 541 735 nium.
616 674 943 735 Pomorum
974 679 1032 733 et
1063 672 1292 733 olerum
1337 670 1715 733 auidissimus
1755 673 1903 742 suit,
1947 673 2012 733 in
2056 672 2302 752 reliquo
2363 685 2395 724 ⁵

356 760 627 821 ciborum
658 775 880 836 genere
911 759 1324 837 parcissimus,
1387 775 1628 837 semper
1686 776 2004 836 pomorum
2065 756 2300 837 aliquid

284 859 319 907 2
356 846 687 906 recentium
748 844 1061 905 deuoranS.
1137 842 1488 921 frigidarum
1548 842 1910 923 percupidus
1949 861 2064 903 nec
2120 842 2304 915 facile

355 948 467 1009 per
510 935 796 991 aestatem
851 930 967 989 nisi
1008 928 1255 1007 frigidas
1311 934 1371 988 et
1421 946 1595 1007 quam
1639 927 1926 1011 plurimas
1985 927 2162 989 bibit.
2245 935 2308 992 et

359 1023 488 1075 erat
518 1016 791 1094 corporis
822 1016 1006 1083 uasti,
1072 1030 1258 1091 quare
1292 1014 1480 1091 magis
1511 1012 1585 1074 ad
1618 1013 1866 1091 frigidas
1896 1012 2296 1091 urguebatur.

281 1116 320 1163 3
486 1100 647 1161 Haec
676 1099 751 1160 de
783 1098 1083 1159 Gordiano
1113 1100 1352 1160 iuniore
1383 1098 1559 1177 digna
1587 1105 1960 1159 memoratus
1990 1100 2298 1177 comperi·
2339 1112 2398 1151 10

360 1204 523 1246 mus:
574 1203 695 1246 non
727 1186 887 1245 enim
918 1183 1095 1245 nobis
1126 1183 1265 1245 talia
1289 1183 1540 1245 dicenda
1571 1190 1710 1245 sunt
1739 1183 2114 1264 quaelunius
2147 1184 2300 1245 Cor-

359 1270 470 1331 dus
501 1268 751 1332 ridicule
796 1289 865 1331 ac
902 1269 1085 1330 stulte
1130 1270 1468 1349 composuit
1510 1269 1585 1329 de
1627 1268 2040 1347 uoluptatibus
2085 1268 2301 1329 dome-

280 1372 323 1419 4
358 1358 523 1417 sticis
583 1357 923 1433 ceterisque
979 1355 1201 1416 infimis
1256 1354 1458 1415 rehuS.
1535 1372 1686 1433 quae
1743 1356 1846 1433 qui
1905 1353 2056 1415 uelit
2115 1355 2295 1423 scire,

355 1444 555 1521 ipsum
588 1440 745 1519 legat
776 1440 1067 1508 Cordum,
1132 1441 1232 1519 qui
1266 1440 1440 1508 dieit,
1506 1448 1564 1500 et
1593 1458 1742 1519 quos
1773 1457 1984 1500 seruos
2015 1438 2303 1500 habuerit

357 1528 769 1604 unusquisque
797 1524 1142 1604 principum
1188 1531 1245 1585 et
1287 1544 1438 1604 quos
1481 1526 1703 1587 amicos
1745 1531 1803 1585 et
1833 1531 1981 1602 quot
2007 1524 2300 1604 paenulas
2330 1538 2391 1579 15

356 1618 579 1689 quotue
611 1609 938 1691 clamydes,
984 1628 1239 1689 quorum
1287 1612 1462 1672 etiam
1507 1610 1757 1671 scientia
1798 1608 1946 1681 nulli
1989 1611 2082 1670 rei
2113 1609 2298 1690 prod-

357 1703 477 1765 est,
522 1697 573 1755 si
612 1694 853 1772 quidem
896 1713 963 1756 ea
1008 1693 1266 1758 debeant
1307 1696 1368 1756 in
1411 1694 1662 1756 historia
1704 1696 1844 1774 poni
1889 1693 1965 1755 ab
2009 1694 2298 1756 historio-

280 1794 321 1843 5
356 1780 537 1858 graiis
582 1798 735 1857 quae
778 1786 881 1841 aut
920 1779 1205 1859 fugienda
1246 1782 1368 1841 sint
1409 1786 1510 1841 aut
1554 1780 1878 1858 sequenda.
1957 1797 2104 1840 sane
2136 1779 2298 1859 quod

356 1864 954 1945 praetermittendum
988 1884 1123 1927 esse
1152 1884 1274 1926 non
1309 1867 1541 1934 censui,
1605 1866 1742 1946 quia
1783 1864 2060 1926 mirabile
2090 1867 2298 1927 uisum
2395 1880 2408 1889 ·

360 1959 472 2020 est,
505 1951 725 2012 lectum
757 1950 913 2030 apud
949 1951 1277 2012 Vulcatium
1313 1951 1760 2020 Terentianum,
1810 1952 1912 2026 qui
1945 1956 2006 2011 et
2039 1951 2173 2029 ipse
2203 1949 2296 2009 hi·
2326 1964 2388 2004 ao

358 2038 605 2097 storiam
638 2037 732 2097 sui
766 2038 1055 2116 temporis
1085 2037 1347 2116 scripsit,
1379 2038 1440 2096 in
1473 2034 1702 2097 litteras
1733 2037 1886 2105 misi,
1923 2035 2298 2096 Gordianum

356 2124 661 2182 seniorem
692 2122 944 2199 Augusti
985 2121 1216 2182 uultum
1264 2123 1351 2183 sic
1380 2128 1867 2199 repraesentasse
1897 2128 1962 2182 ut
1993 2128 2053 2181 et
2085 2138 2300 2181 uocem

358 2214 421 2267 et
478 2225 707 2267 morem
770 2214 830 2266 et
890 2213 1175 2267 staturam
1248 2206 1512 2267 eiusdem
1587 2213 1890 2267 ostentare
1961 2205 2298 2275 uideretur,

358 2290 547 2353 silium
590 2310 739 2352 uero
782 2292 1067 2374 Pompeio
1110 2288 1477 2352 simillimum
1519 2292 1749 2362 uisum,
1814 2293 2089 2368 quamuis
2120 2289 2300 2351 Pom-

358 2378 533 2455 peius
576 2376 745 2437 obesi
784 2378 1055 2455 corporis
1098 2376 1284 2437 fuisse
1341 2376 1702 2453 denegetur;
1747 2382 2028 2455 nepotem
2073 2382 2296 2445 autem,
2325 2392 2388 2433 25

354 2462 532 2521 cuius
577 2462 756 2520 etiam
800 2478 960 2521 nunc
1011 2462 1301 2538 imagines
1341 2460 1646 2533 uidemus,
1713 2462 2014 2541 Scipionis
2055 2462 2304 2523 Asiatici

355 2546 574 2605 faciem
616 2543 939 2605 rettulisse.
1018 2545 1177 2622 quod
1230 2563 1341 2624 pro
1389 2546 1482 2607 sui
1534 2545 1925 2608 admiratione
1978 2546 2300 2608 tacendum

258 2678 265 2684 .
356 2648 495 2690 esse
524 2648 645 2690 non
678 2627 921 2689 credidi.
1949 2662 1952 2667 -

496 2886 529 2935 3
554 2897 677 2934 esse
701 2883 936 2934 hominis
961 2846 1027 2933 M
1158 2886 1188 2934 7
1214 2883 1512 2935 deuoraret
1536 2886 1704 2936 BPM
1723 2885 1998 2937 denotans
2020 2886 2212 2951 scripsi

352 2954 393 3003 8
420 2967 581 3016 quem
602 2951 704 3000 BP
726 2966 887 3015 quam
911 2950 1201 3017 plurimum
1223 2953 1292 3003 M
1397 2950 1562 3019 bibit]
1591 2953 1707 3003 edit
1731 2953 1776 3003 S
1910 2957 1974 3005 10
1997 2960 2308 3005 memoratu

362 3020 423 3068 M
449 3019 522 3083 (in
547 3020 598 3069 P
620 3034 645 3068 s
670 3019 829 3083 eras.)
1001 3022 1062 3069 11
1091 3020 1344 3071 dicentes
1377 3036 1594 3087 uncque
1621 3022 1670 3073 B
1719 3021 1974 3071 dieentes
2007 3037 2228 3088 unoque
2253 3023 2311 3072 P

357 3102 464 3137 nos
489 3092 529 3137 t.
559 3086 745 3137 dicere
780 3087 1053 3139 noluimus
1088 3089 1155 3139 M
1185 3104 1277 3141 em.
1317 3089 1358 3139 S
1517 3090 1580 3138 16
1619 3090 1765 3154 quod
1800 3090 1892 3140 uel
1925 3088 2032 3139 BP
2188 3089 2306 3140 ela.-

354 3153 536 3204 mides
559 3153 611 3204 B
747 3156 828 3205 rei
850 3172 941 3207 om.
970 3156 1031 3206 M
1192 3159 1256 3207 17
1283 3158 1453 3207 deant
1476 3156 1554 3207 P·
1791 3158 1964 3208 storia
1989 3157 2040 3207 B
2187 3162 2305 3208 sto—

356 3221 614 3287 riografis
646 3220 727 3271 B¹
905 3225 968 3275 18
1014 3238 1146 3275 sane
1198 3225 1418 3289 quidem
1471 3223 1564 3290 [sic
1609 3158 1790 3291 1ιοῖρῖῙῖ
1820 3252 1886 3261 —
1933 3222 2204 3291 [scripsit]
2240 3226 2304 3277 in

354 3288 585 3341 litteras
616 3290 768 3341 misit
800 3291 1093 3344 Mommsen.
1232 3296 1300 3346 20
1323 3294 1432 3344 iste
1457 3292 1526 3343 B¹
1555 3294 1674 3344 ibse
1699 3294 1773 3342 B²
1909 3294 2215 3358 hystoriam
2247 3293 2306 3343 B

469 3360 533 3407 21
559 3358 708 3408 misit
731 3358 880 3411 P³M
1009 3363 1075 3411 22
1102 3359 1203 3427 sic]
1232 3362 1340 3412 sibi
1363 3362 1468 3412 BP
1599 3364 1666 3412 23
1689 3359 1913 3428 morem]
1943 3378 2006 3411 os
2029 3362 2072 3412 S
2093 3364 2304 3413 motum

358 3426 601 3489 Draeyer
623 3428 755 3478 Phil.
780 3428 892 3479 XX
909 3446 965 3494 p.
992 3432 1097 3480 524
1233 3432 1301 3482 25
1325 3429 1556 3480 obhaesi
1579 3429 1682 3480 BP
1813 3430 2125 3497 denegatur
2148 3430 2214 3479 M

354 3494 424 3543 27
452 3494 878 3548 administrasne
903 3498 1008 3548 BP
1027 3497 1507 3549 administratione
1527 3498 1594 3549 M
