2517 3884
318 174 445 238 224
1039 179 1189 236 AELI
1231 179 1565 236 LAMPmmI

317 348 646 410 redemisse
679 353 919 408 centum
954 347 1243 406 sestertiis
1276 343 1523 424 eamque
1555 347 1833 406 intactam
1866 345 2031 406 uelut
2059 346 2254 422 uirgi-

242 451 280 498 2
319 453 453 494 nem
505 432 778 493 coluisse.
854 431 992 492 huic
1037 430 1234 491 eidem
1280 431 1517 508 priuato
1561 449 1696 491 cum
1738 430 1979 508 quidam
2023 431 2260 494 diceret

317 519 493 588 „Non
523 520 697 580 times
726 535 956 596 pauper
985 516 1196 576 fieri?“
1249 515 1469 575 dixisse
1500 515 1747 576 dicitur:
1784 516 1985 588 „Quid
2014 515 2267 586 meliuS,

247 622 284 670 3
319 623 498 684 quam
527 611 595 664 ut
623 605 752 682 ipse
783 601 929 662 mihi
959 600 1136 662 heres
1185 601 1297 660 sim
1344 607 1403 660 et
1432 602 1607 662 uxori
1648 602 1901 661 meae?“
1961 600 2263 662 habuerat

317 694 626 770 praeterea
657 684 970 748 facultates
1002 705 1034 746 a
1065 683 1267 748 multis
1300 684 1573 748 dimissas
1602 687 1793 764 gratia
1824 687 2027 765 patris.
2092 686 2291 764 idem·
2324 702 2383 743 5:

249 791 285 838 4
318 773 470 834 filios
503 792 566 834 se
597 771 756 832 nolle
788 771 1050 840 dicebat,
1097 789 1174 831 ne
1208 773 1341 848 quis
1374 773 1429 831 ei
1460 771 1621 848 frugi
1652 772 2045 849 contingeret.
2110 771 2262 831 odo-

319 877 418 923 res
449 858 685 919 Indicos
717 859 844 917 sine
877 855 1237 917 carbonibus
1270 855 1342 916 ad
1376 857 1751 935 uaporandas
1784 865 1983 916 zaetas
2014 855 2265 916 iubebat

317 942 573 1003 incendi.
638 944 753 1002 iter
781 943 1056 1022 priuatus
1087 938 1415 1020 numquam
1448 943 1642 1001 minus
1675 943 1981 1020 sexaginta
2013 940 2263 1001 uehicu-

319 1026 392 1087 lis
421 1028 563 1088 fecit
593 1028 721 1087 auia
753 1045 858 1087 sua
889 1028 1061 1086 Varia
1094 1025 1491 1096 reclamante,
1538 1025 1697 1105 quod
1744 1029 1941 1086 omnia
1984 1024 2264 1105 perditu-

243 1132 282 1180 ,5
318 1130 423 1172 rus
455 1118 628 1172 esset.
675 1113 999 1191 imperator
1037 1130 1180 1171 uero
1214 1113 1391 1172 etiam
1424 1109 1697 1172 sescenta
1730 1110 2001 1173 uehicula
2036 1109 2263 1170 dicitur
2297 1129 2359 1167 ιο

320 1198 590 1267 duxisse,
649 1196 964 1266 adserenS,
1015 1197 1221 1257 decem
1254 1195 1499 1258 milibus
1532 1195 1896 1256 camelorum
1938 1197 2262 1256 Persarum

319 1280 524 1360 regem
568 1285 683 1342 iter
725 1282 956 1352 facere,
1002 1289 1062 1342 et
1099 1280 1401 1341 Neronem
1442 1282 1783 1360 quingentis
1836 1283 2103 1343 carrucis
2145 1283 2267 1341 iter

251 1386 284 1432 6
322 1370 522 1428 inisse.
587 1385 760 1428 causa
792 1365 1207 1428 uehiculorum
1253 1374 1381 1427 erat
1422 1366 1703 1427 lenonum
1749 1365 2020 1427 lenarum
2063 1385 2265 1426 mere-

325 1455 539 1513 tricum
583 1451 1014 1519 exsoletorum,
1051 1450 1438 1512 subactorum
1492 1453 1669 1512 etiam
1722 1451 1875 1512 bene
1910 1459 2263 1514 uasatorum

253 1558 283 1603 7
322 1535 658 1598 multitudo,
749 1538 812 1622 in
843 1535 1070 1596 balneis
1103 1554 1344 1614 semper
1397 1554 1529 1596 cum
1584 1536 1935 1597 mulieribus
1988 1537 2131 1606 suit,
2177 1539 2263 1596 ita
2296 1554 2357 1594 15

320 1630 383 1682 ut
430 1641 527 1682 eas
567 1623 698 1700 ipse
738 1618 1030 1699 psilothro
1064 1628 1343 1695 curaret,
1390 1623 1518 1699 ipse
1564 1638 1801 1700 quoque
1848 1621 2091 1680 barbam
2136 1624 2265 1700 psi-

321 1706 516 1766 lothro
563 1723 868 1774 accurans,
929 1703 1202 1783 quodque
1257 1704 1598 1784 pudendum
1660 1705 1825 1765 dictu
1878 1707 1983 1774 sit,
2048 1706 2265 1766 eodem

323 1810 440 1868 quo
472 1790 757 1852 mulieres
789 1789 1218 1850 accurabantur
1249 1794 1377 1850 loco
1425 1799 1483 1848 et
1514 1789 1718 1849 eadem
1768 1789 1933 1850 hora.
2010 1792 2157 1850 rasit
2204 1798 2269 1851 et

321 1875 517 1936 uirilia
573 1874 990 1936 subactoribus
1038 1876 1160 1934 suis
1217 1874 1287 1935 ad
1348 1873 1667 1936 nouaclum
1718 1892 1897 1935 manu
1954 1893 2088 1944 sua,
2147 1894 2267 1954 qua

253 1980 284 2027 8
321 1968 529 2041 postea
559 1959 804 2020 barbam
835 1961 999 2020 fecit.
1060 1958 1240 2021 scobe
1284 1961 1414 2020 auri
1456 1961 1756 2038 porticum
1799 1961 2013 2020 strauit
2061 1968 2118 2020 et
2161 1979 2259 2021 ar·
2294 1981 2352 2018 20

283 2115 292 2124 ¹
321 2048 502 2124 genti,
540 2045 766 2114 dolens,
803 2045 960 2122 quod
993 2064 1108 2104 non
1133 2051 1339 2124 posset
1364 2051 1424 2104 et
1444 2044 1669 2113 electri,
1703 2045 1880 2121 idque
1907 2046 2264 2121 frequenter

324 2149 694 2211 quacumque
739 2131 882 2190 fecit
920 2132 1035 2190 iter
1077 2129 1334 2209 pedibus
1375 2148 1563 2210 usque
1609 2129 1682 2190 ad
1728 2146 1943 2207 equum
1986 2129 2086 2190 uel
2130 2149 2263 2191 car-

323 2228 590 2296 pentum,
623 2222 690 2276 ut
719 2217 785 2276 fit
814 2215 992 2275 hodie
1024 2215 1095 2276 de
1129 2234 1337 2276 aurosa
1373 2235 1569 2276 arena.

214 2305 304 2370 32
453 2301 915 2362 Calciamentum
947 2319 1273 2379 numquam
1306 2301 1573 2369 iterauit,
1620 2299 1825 2360 anulos
1870 2302 2046 2360 etiam
2078 2303 2259 2377 nega-

322 2394 420 2444 tur
451 2387 716 2445 iterasse.
793 2387 1088 2464 pretiosas
1128 2392 1327 2445 uestes
1370 2403 1547 2464 saepe
1592 2385 1881 2445 conscidit
1922 2384 2019 2445 uel
2064 2383 2257 2446 lanam
2288 2403 2343 2442 25

324 2472 483 2548 cepit
521 2476 580 2529 et
625 2469 911 2547 appendit
954 2478 1130 2548 atque
1174 2469 1245 2528 ad
1292 2471 1419 2529 eius
1462 2470 1931 2530 aestimationem
1975 2470 2259 2550 ponderis

247 2549 286 2619 '2
321 2556 520 2633 pisces
553 2556 758 2614 amicis
792 2553 1076 2614 exhibuit.
1141 2572 1328 2614 naues
1370 2561 1611 2614 onustas
1653 2557 1862 2616 mersit
1901 2557 1963 2616 in
1996 2562 2256 2634 portum,

323 2640 822 2716 magnanimitatis
864 2637 979 2699 hoc
1023 2657 1155 2699 esse
1199 2640 1424 2700 dicenS.
1502 2657 1651 2700 onus
1694 2641 1923 2700 uentris
1964 2659 2114 2700 auro
2158 2659 2259 2700 ex-

251 2745 287 2792 3
325 2726 500 2803 cepit,
533 2725 596 2784 in
625 2725 906 2807 myrrinis
937 2730 997 2784 et
1026 2723 1274 2804 onychis
1305 2726 1535 2786 minxit.
1592 2725 1752 2786 idem
1784 2725 2001 2786 dixisse
2033 2726 2282 2786 fertur:-

325 2809 434 2881 „Si
463 2808 729 2870 habuero
761 2809 1075 2878 heredem,
1123 2809 1275 2870 dabo
1318 2809 1402 2870 illi
1445 2818 1739 2880 tutorem,
1787 2813 1886 2890 qui
1916 2809 2082 2871 illum
2111 2809 2263 2871 haec
2292 2827 2346 2868 30

253 2913 290 2961 4
325 2897 524 2956 facere
569 2901 739 2972 cogat
783 2912 930 2972 quae
973 2896 1102 2974 ipse
1153 2897 1293 2955 feci*
1322 2897 1711 2973 facturusque
1765 2903 1965 2956 sum.“
2053 2895 2267 2956 babuit

325 2982 505 3040 etiam
533 2981 706 3040 istam
739 2979 1260 3050 consuetudinem,
1310 2987 1377 3041 ut
1406 2999 1585 3042 cenas
1618 2981 1729 3041 sibi
1761 2980 2083 3042 exhiberet·
2116 2979 2265 3040 tales

427 3169 458 3215 2
483 3164 633 3215 idem
655 3165 759 3215 BP
894 3166 1112 3232 quidem
1135 3166 1186 3216 B
1325 3169 1359 3216 4
1380 3168 1591 3218 hereim
1614 3165 1694 3216 B¹
1837 3168 1869 3215 6
1893 3167 2043 3216 notie
2068 3165 2121 3216 B
2146 3165 2266 3216 nol-

323 3235 404 3282 tie
429 3234 482 3283 P
617 3234 785 3284 odore
811 3233 885 3285 Ρ1
1013 3237 1043 3285 7
1069 3240 1225 3285 zetas
1247 3235 1415 3285 BPM
1547 3237 1578 3285 8
1600 3231 1729 3301 iter]
1758 3237 1815 3284 in
1840 3235 1943 3284 BP
2078 3235 2140 3286 11
2166 3235 2266 3284 mi-

323 3301 399 3350 lia
424 3301 476 3351 B
499 3301 618 3351 mili
640 3303 692 3352 P
837 3305 902 3352 14
922 3307 1206 3354 uastorum
1227 3303 1333 3352 BP
1394 3355 1398 3360 ,
1476 3304 1539 3353 16
1565 3303 1795 3367 psilotro
1821 3303 1988 3353 BPM
2007 3301 2126 3367 (bis)

327 3371 389 3420 17
416 3384 482 3419 eo
507 3368 595 3441 die
622 3385 730 3435 quo
755 3369 824 3419 M
954 3373 1018 3421 18
1039 3371 1165 3422 loco
1189 3373 1309 3421 add.
1342 3371 1381 3420 C
1526 3373 1589 3421 19
1613 3371 1752 3420 uilia
1777 3370 1827 3420 B
1968 3372 2267 3422 subaucto-

324 3434 478 3486 ribus
501 3437 552 3486 B
691 3437 966 3488 nouacula
989 3439 1055 3488 M
1187 3438 1252 3490 22'
1278 3439 1427 3488 inter
1450 3439 1551 3491 BP
1693 3441 1759 3489 23
1785 3440 1857 3488 sit
1882 3439 1934 3489 B
2080 3441 2148 3490 25
2172 3439 2268 3490 uel

322 3503 596 3555 lacerauit
623 3509 680 3555 et
704 3506 974 3571 appendit
997 3507 1335 3558 Mommsenus
1473 3509 1537 3558 31
1565 3505 1792 3574 ἰασαΡί
