2517 3884
1022 184 1412 252 PRAEFArio.
2033 184 2192 242 xxm
2241 139 2247 142 ’

237 325 561 389 ‚contendas
593 325 725 382 helii
758 323 1023 398 spartiani
1056 340 1197 398 opus
1229 322 1464 380 feliciter
1499 321 1755 397 explicit!
1804 321 1921 380 Non
1955 322 2136 380 omnia
2161 339 2192 378 a

236 411 465 469 librario
510 411 794 485 descripta
836 417 981 471 sunt,
1024 425 1147 466 cum
1191 423 1355 481 saepe
1396 424 1536 481 quae
1578 409 1625 464 ei
1670 406 1836 482 longa
1863 407 2190 468 uiderentur

234 497 465 554 omnino
497 493 985 570 praetermitteret,
1018 493 1122 549 alia
1164 492 1219 548 in
1250 492 1479 549 breuius
1509 500 1751 567 cogeret.

344 584 455 636 ·11.
498 582 689 637 codex
740 579 1175 636 Laurentianus
1221 577 1364 652 plut.
1418 576 1571 633 LXVI
1613 595 1697 633 nr.
1740 579 1810 632 32
1851 579 2189 637 chartaceus,

240 669 438 742 Incipit
468 673 534 722 ut
564 664 685 722 cod.
712 663 829 719 Vat.
853 665 1003 718 1897.
1070 662 1223 736 Expl.
1255 676 1452 735 ‚neque
1484 678 1810 737 quemquam
1841 663 2008 720 alium
2039 666 2192 740 prin-

236 755 420 826 cipem
453 751 535 808 sic
564 750 840 806 amatum’.
912 749 1075 804 etiam
1121 749 1177 803 in
1221 747 1328 804 hoc
1369 746 1580 822 aliquot
1622 747 1762 804 locis
1791 750 2036 806 narratio
2067 749 2192 807 hre-

238 841 391 894 uiata
422 843 526 893 est.

372 925 455 976 12.
488 921 677 976 codeae
706 917 1123 976 Ambrosianus
1167 918 1416 990 signatus
1447 916 1485 972 C
1519 919 1618 971 110
1647 916 1808 974 infer.
1849 919 2190 978 membrana-

236 1023 393 1069 ceus,
422 1021 531 1062 sec.
564 1004 669 1067 XV,
700 1003 845 1060 binis
887 1004 1158 1061 columnis
1206 1003 1464 1078 scriptus.
1524 1002 1664 1060 Inc.:
1710 1002 1892 1066 ‚Gesta
1935 1020 2190 1062 romano-

242 1108 365 1148 rum
391 1091 787 1166 imperatorum
818 1091 912 1162 qui
941 1103 1187 1146 caesares
1215 1101 1312 1142 seu
1336 1087 1555 1160 augusti
1581 1087 1906 1161 simpliciter
1929 1089 2188 1164 appellati

238 1185 374 1232 sunt
425 1184 482 1231 et
538 1183 894 1248 tyrannorum
948 1173 1042 1246 qui
1094 1187 1384 1228 romanum
1434 1173 1720 1247 imperium
1762 1172 2078 1230 invaserunt
2121 1175 2188 1231 ab

240 1261 467 1318 adriano
498 1275 678 1334 usque
708 1258 775 1315 ad
816 1259 1230 1315 numerianum!
1292 1255 1474 1330 Expl.:
1519 1257 1855 1318 ,contendas
1915 1257 2065 1316 Finis
2109 1261 2191 1316 fe·

240 1345 426 1403 liciter
455 1347 530 1401 sit
549 1345 657 1400 Deo
684 1344 911 1400 Gratias,
971 1340 1282 1416 Expliciunt
1311 1348 1470 1414 gesta
1498 1341 1848 1399 diuersorum
1879 1343 2188 1419 principum

234 1447 495 1488 cesarum
555 1437 612 1485 et
656 1438 1009 1503 tyrannorum
1066 1426 1161 1500 qui
1201 1425 1496 1483 Romanam
1539 1441 1712 1500 remp.
1758 1434 2056 1484 tenuerunt
2097 1429 2188 1487 uel

238 1516 524 1572 uiolenter
554 1514 877 1571 inuaserant
908 1511 975 1568 ab
1006 1511 1226 1568 adriano
1258 1527 1435 1585 usque
1465 1510 1531 1566 ad
1559 1510 1974 1569 numerianum.’

376 1603 459 1654 13.
490 1601 675 1655 codex
705 1598 1129 1670 Neapolitanus
1155 1597 1331 1652 musei
1360 1594 1668 1658 nationalis,
1703 1597 1851 1670 quod
1881 1613 2025 1655 nunc
2056 1598 2191 1658 dici-

240 1694 353 1748 tur,
398 1685 649 1758 signatus
680 1683 770 1738 1111
799 1683 839 1740 E
884 1683 965 1744 39,
1014 1697 1122 1738 sec.
1157 1680 1268 1736 XVI
1313 1683 1536 1737 ineunte
1565 1681 1821 1738 Parrhasi
1861 1698 2024 1740 manu
2056 1700 2187 1740 con-

236 1772 504 1844 scriptus,
546 1777 611 1825 ut
648 1767 873 1825 Ianellio
917 1765 1095 1837 (catal.
1128 1782 1183 1839 p.
1219 1763 1340 1837 168)
1381 1765 1984 1824 uidetur.·chartaceuS.
2048 1767 2187 1825 Con·

236 1857 381 1912 tinet
394 1853 574 1912 Valeri
596 1853 774 1910 Flacci
797 1851 1167 1925 Argonautica
1200 1858 1255 1907 et
1286 1849 1346 1918 Q.
1371 1849 1558 1907 Sereni
1589 1851 1783 1908 medici
1813 1850 2030 1914 librum,
2063 1853 2185 1909 dein

236 1941 407 1996 hosce
440 1941 743 2011 scriptores
774 1937 870 1993 sed
910 1935 1195 1993 maximam
1237 1943 1451 2010 partem
1493 1943 1799 2009 excerptos,
1835 1936 2072 2011 denique
2102 1938 2184 1993 in·

237 2026 571 2099 scriptiones
602 2023 879 2096 quasdam.
910 2022 1032 2077 hice
1056 2022 1374 2095 scriptores,
1401 2020 1600 2093 quibus
1623 2039 1652 2077 a
1678 2023 1988 2078 recentiore
2022 2039 2188 2080 manu

234 2109 678 2184 superscriptum
700 2115 785 2164 est
815 2106 1010 2168 ‚helius
1034 2106 1364 2179 spartianus’
1397 2107 1696 2178 incipiunt:
1727 2105 2001 2168 ‚Hadriani
2025 2110 2184 2182 origo

236 2196 560 2251 uetustior’.
604 2192 779 2266 expl.:
823 2192 1129 2254 ,erichenus
1174 2191 1400 2264 scripsit
1439 2191 1698 2246 uiuorum
1729 2192 1843 2247 uita
1873 2193 2184 2267 principum

235 2295 350 2335 non
382 2279 500 2336 sine
531 2276 957 2351 reprehensione
988 2275 1187 2332 dicitur

941 2359 1123 2417 deficit
1153 2359 1464 2434 exemplar’.

375 2448 605 2504 Tertiae
636 2444 874 2519 denique
911 2445 1175 2518 familiae
1217 2441 1358 2520 (Ψ),
1405 2444 1563 2501 cuius
1593 2453 1843 2502 naturam
1875 2447 1979 2502 iam
2012 2465 2182 2522 supra

236 2531 716 2593 adumbrauimus‚
750 2531 1165 2606 antiquissimus
1196 2529 1450 2605 idemque
1482 2529 1723 2604 optimus
1755 2538 1866 2586 est:

370 2619 455 2672 14.
480 2619 667 2673 codex
693 2615 1007 2672 Vaticanus
1036 2632 1129 2671 nr.
1150 2616 1298 2670 1899
1326 2614 1787 2679 membranaceus,
1819 2616 1990 2672 seculi
2020 2616 2172 2679 Xlssl.

234 2701 523 2774 eleganter
565 2701 823 2775 scriptus,
868 2700 1017 2757 foliis
1050 2702 1166 2762 114,
1199 2699 1375 2754 forma
1405 2701 1648 2756 maxima.
1719 2701 1985 2774 Incipitz,
1991 2702 2175 2763 G‚esta

236 2792 301 2841 et
342 2785 487 2840 uitas
529 2787 1029 2860 superscriptorum
1072 2784 1380 2858 principum
1426 2786 1767 2858 scripserunt
1809 2784 1951 2842 infra
1981 2787 2178 2904 scripti

232 2869 643 2943 istoriographi

548 2954 714 3012 uitam
745 2955 874 3012 helii
903 2954 1107 3011 adriani
1140 2955 1364 3028 scripsit
1392 2951 1570 3010 helius
1601 2953 1948 3028 spartianus”

237 3048 358 3103 tum
402 3041 653 3115 sequitur
693 3046 1021 3114 conspectus
1068 3039 1308 3096 uitarum
1351 3039 1714 3113 scriptoribus
1757 3038 1953 3096 additis
1985 3041 2177 3098 eodem

236 3123 435 3179 ordine
476 3142 586 3198 quo
618 3127 675 3180 in
706 3125 761 3180 B
790 3132 846 3180 et
875 3125 931 3180 P
954 3125 1307 3197 digestarum.
1378 3123 1530 3198 Expl.
1575 3124 1910 3187 „contendas
1941 3125 2178 3182 feliciter

238 3206 473 3281 Explicit
531 3210 647 3266 uite
705 3209 1052 3266 diuersorum
1096 3211 1408 3283 principum
1467 3217 1521 3264 et
1575 3217 1933 3282 tyrannorum
1976 3229 2006 3267 a
2048 3211 2176 3268 diuo

235 3293 464 3349 adriano
494 3311 674 3367 usque
705 3294 769 3350 ad
801 3295 1179 3352 numerianum
1211 3294 1446 3351 feliciter
1476 3301 1630 3350 utere
1663 3294 1856 3350 selex.''

368 3378 489 3452 lpse
518 3379 716 3436 Romae
744 3381 913 3436 uitam
943 3377 1200 3437 Hadriani
1234 3387 1290 3436 et
1320 3386 1506 3453 partes
1537 3377 1746 3452 aliquot
1776 3380 2016 3436 uitarum
2047 3378 2178 3435 alia-

237 3477 363 3518 rum
394 3463 624 3521 contuli.

370 3547 707 3622 Descriptum
758 3557 939 3610 autem
982 3563 1104 3606 esse
1144 3549 1290 3606 hunc
1341 3547 1541 3604 librum
1586 3564 1650 3602 ex
1693 3547 1878 3604 codice
1922 3548 2016 3620 qui
2058 3562 2140 3601 err
