2517 3884
365 170 490 235 110
969 173 1307 231 TREBELLll
1348 172 1689 229 POLLIONIS

1220 368 1423 435 PISO

257 546 340 611 21
491 545 599 606 Hic
648 565 679 606 a
719 544 1016 605 Macriano
1064 542 1136 602 ad
1175 543 1656 606 interficiendum
1702 541 2001 603 Valentem
2048 544 2295 613 missuS,

365 631 465 691 ubi
498 649 632 690 eum
666 628 984 708 prouidum
1015 628 1354 688 futurorum
1384 629 1683 706 imperare
1708 630 2005 705 cognouit,
2033 628 2295 688 Thessa-

362 716 500 775 liam
563 715 861 774 concessit
925 720 1098 789 atque
1158 710 1279 773 illic
1336 714 1543 791 paucis
1605 712 1718 772 sibi
1778 713 2296 773 consentientibus

363 801 616 878 sumpsit
643 800 962 877 imperium
994 796 1493 876 Thessalicusque
1525 796 1859 876 appellatus
1888 800 2287 876 interemptus
2344 816 2375 855 5

363 893 482 953 est,
518 886 612 943 uir
642 900 908 945 summae
941 883 1269 943 sanctitatis
1301 890 1359 943 et
1388 882 1759 961 temporibus
1792 884 1917 943 suis
1948 884 2133 961 Frugi
2164 884 2293 943 dic-

325 996 332 1003 ·
360 977 457 1029 tus
490 976 548 1029 et
577 972 678 1048 qui
711 988 782 1029 ex
813 967 912 1027 illa
944 967 1226 1028 Pisonum
1275 965 1496 1029 familia
1539 957 1762 1027 ducere
1806 970 2097 1045 originem
2130 968 2291 1029 dice-

292 1070 322 1117 2
361 1062 528 1114 retur
560 1056 656 1114 cui
685 1072 749 1114 se
781 1054 988 1114 Cicero
1019 1052 1371 1112 nobilitandi
1402 1070 1581 1113 causa
1612 1054 1965 1113 sociauerat.
2030 1053 2129 1113 hic
2161 1068 2288 1113 om-

359 1140 536 1201 nibus
566 1137 940 1217 principibus
970 1139 1422 1215 acceptissimus
1445 1137 1573 1197 suit.
1622 1139 1751 1215 ipse
1775 1137 2033 1216 denique
2055 1137 2289 1209 ValenS‚

359 1226 462 1301 qui
521 1224 590 1285 ad
665 1242 802 1285 eum
864 1240 1255 1301 percussores
1317 1222 1551 1282 misisse
1609 1221 1993 1300 perhibetur,
2070 1222 2291 1283 dixisse
2321 1228 2377 1280 lo

359 1306 604 1377 dicitur,
652 1327 772 1368 non
825 1307 939 1368 sibi
980 1306 1135 1385 apud
1180 1306 1324 1367 deos
1368 1307 1594 1366 inferos
1641 1314 1915 1367 constare
1970 1309 2289 1377 rationem,

358 1394 516 1472 quod
565 1394 835 1470 quamuis
880 1390 1112 1451 hostem
1158 1409 1365 1460 suum,
1428 1392 1708 1451 Pisonem
1764 1398 1960 1451 tamen
2016 1394 2292 1453 iussisset

358 1478 574 1546 occidi,
637 1480 837 1537 uirum
897 1478 1068 1536 cuius
1126 1476 1381 1536 similem
1434 1476 1695 1553 Romana
1751 1494 1850 1537 res
1882 1496 1939 1554 p.
2002 1495 2123 1537 non
2183 1476 2287 1539 ha-

356 1564 548 1623 beret.
1322 1601 1340 1635 ,
2382 1562 2397 1573 ’

291 1663 321 1707 3
487 1648 740 1707 Senatus
785 1644 1118 1721 consultum
1161 1644 1236 1705 de
1278 1644 1495 1705 Pisone
1540 1646 1762 1706 factum
1804 1646 1874 1707 ad
1918 1647 2283 1707 noscendam
2314 1666 2369 1704 ιε

358 1734 485 1793 eius
515 1733 883 1792 maiestatem
938 1728 1192 1790 libenter
1221 1731 1481 1791 inserui:
1530 1731 1636 1791 Die
1679 1733 1931 1809 septimo
1955 1726 2070 1791 kal.
2108 1730 2286 1791 iulia*

353 1836 490 1877 rum
533 1834 670 1877 cum
705 1822 863 1885 esset
892 1816 1259 1883 nuntiatum,
1294 1814 1568 1875 Pisonem
1602 1834 1635 1876 a
1666 1815 1913 1876 Valente
1949 1818 2279 1895 interemp-

354 1910 511 1970 tum,
573 1903 766 1981 ipsum
801 1900 1107 1961 Valentem
1151 1917 1184 1959 a
1225 1902 1347 1960 suis
1382 1901 1671 1969 occisum,
1732 1900 1990 1963 Arellius
2032 1902 2279 1971 Fuscus,

356 1985 684 2048 consularis
743 1987 973 2066 primae
1031 1987 1396 2054 sententiae,
1461 1987 1560 2062 qui
1618 1986 1679 2045 in
1742 1984 1941 2046 locum
1987 1986 2279 2047 Valeriani

287 2086 320 2133 4
355 2080 754 2141 successerat,
785 2072 908 2131 ait:
957 2070 1241 2141 „Consul,
1290 2070 1600 2131 consule.“
1674 2087 1927 2148 cumque
1972 2071 2279 2132 consultus
2306 2090 2361 2127 20

355 2164 512 2218 esset
554 2157 890 2229 „Diuinos“
927 2155 1134 2233 inquid
1189 2155 1493 2225 „honores
1535 2155 1735 2216 Pisoni
1777 2156 2063 2225 decerno,
2110 2174 2167 2234 p.
2203 2175 2274 2226 c.,

353 2241 683 2304 Gallienum
729 2251 787 2303 et
831 2240 1206 2302 Valerianum
1251 2247 1311 2300 et
1356 2239 1702 2301 Saloninum
1744 2243 2141 2320 imperatores
2171 2259 2277 2301 no-

277 2382 286 2384 ,
353 2334 510 2389 stros
543 2344 673 2387 esse
701 2327 762 2386 id
792 2326 1154 2405 probaturos
1185 2324 1470 2385 confid0.-
1514 2344 1708 2405 neque
1752 2328 1911 2387 enim·
1942 2326 2156 2387 melior
2183 2328 2278 2387 uir

283 2423 314 2472 5
351 2414 660 2489 quisquam
720 2412 829 2471 suit
887 2429 1084 2490 neque
1144 2411 1576 2470 constantior.“
1658 2419 1796 2489 post
1854 2424 2033 2490 quem
2094 2413 2277 2471 ceteri

352 2496 607 2556 consulti
637 2502 888 2556 statuam
915 2496 1075 2555 inter
1104 2492 1498 2573 triumphales
1542 2503 1601 2555 et
1644 2514 1858 2557 currus
1892 2496 2274 2575 quadriiugos
2298 2512 2353 2551 25

283 2592 314 2639 6
349 2580 551 2641 Pisoni
595 2580 1009 2641 decreuerunt.
1089 2579 1192 2639 sed
1237 2586 1426 2640 statua
1464 2580 1591 2639 eius
1634 2581 1908 2651 uidetur,
1956 2581 2277 2659 quadrigae

350 2673 578 2735 autem,
613 2681 763 2742 quae
795 2664 1068 2725 decretae
1099 2664 1366 2733 fuerant,
1428 2666 1595 2742 quasi
1655 2667 2108 2728 transferendae
2138 2666 2278 2727 alibi

282 2765 310 2813 7
349 2753 580 2832 positae
610 2758 749 2811 sunt
780 2768 892 2811 nec
923 2748 1113 2811 adhuc
1133 2748 1419 2809 redditae.
1468 2768 1604 2810 nam
1638 2752 1698 2811 in
1731 2751 1823 2812 his
1854 2752 2000 2811 locis
2032 2753 2276 2813 fuerunt

347 2839 408 2898 in
454 2836 670 2917 quibus
708 2835 979 2897 thermae
1021 2834 1419 2896 Diocletianae
1461 2842 1600 2896 sunt
1640 2836 2091 2907 exaedificatae,
2154 2845 2275 2908 tam

349 2924 575 2984 aeterni
605 2922 862 2983 nominis
891 2939 1068 3000 quam
1101 2916 1349 2981 sacrati.'
1994 2977 2003 2985 ,
2300 2934 2354 2973 30

483 3161 514 3209 5
537 3160 596 3208 ui
618 3159 983 3223 interemptus
1003 3156 1107 3207 BP
1241 3159 1270 3207 ‘1
1298 3157 1525 3207 duceret
1548 3156 1676 3207 BP1
1815 3157 1879 3207 16
1902 3156 2279 3209 Kalendarum

308 3237 314 3243 ’
346 3224 612 3276 Iuliarum
635 3227 703 3276 M
846 3229 907 3277 17
933 3226 1258 3275 nunciatum
1281 3225 1386 3274 BP
1522 3228 1583 3275 18
1607 3225 1863 3275 Aurelius
1888 3226 1949 3275 M
2096 3228 2160 3276 22
2189 3241 2275 3276 sa-

343 3294 572 3343 lolinum
595 3293 646 3342 B
782 3296 846 3346 23
870 3294 1238 3358 imperaturos
1260 3293 1365 3341 BP
1384 3310 1475 3343 om.
1502 3294 1565 3345 M
1587 3293 1644 3342 id
1669 3294 2112 3359 probaturosssm·
2140 3293 2183 3343 S

300 3408 302 3411 ,
344 3363 412 3411 24
436 3362 577 3410 citer
610 3360 917 3411 consultum
947 3358 1143 3411 B¹PM
1175 3360 1423 3423 (circiter
1444 3360 1547 3425 B2)
1708 3364 1772 3411 27
1809 3361 1881 3410 ad
1914 3361 2079 3411 aliurn
2116 3360 2285 3411 BPM

343 3428 480 3479 alibi
501 3430 692 3493 scripsi
822 3430 888 3479 29
915 3428 1289 3479 dioclecianae
1312 3430 1365 3477 P

781 3656 811 3671 φ
