<?xml version="1.0" encoding="UTF-8"?>
<!DOCTYPE html PUBLIC "-//W3C//DTD XHTML 1.0 Transitional//EN"
    "http://www.w3.org/TR/xhtml1/DTD/xhtml1-transitional.dtd">
<html xmlns="http://www.w3.org/1999/xhtml" xml:lang="en" lang="en">
 <head>
  <title>
</title>
<meta http-equiv="Content-Type" content="text/html;charset=utf-8" />
  <meta name='ocr-system' content='tesseract 3.04.00' />
  <meta name='ocr-capabilities' content='ocr_page ocr_carea ocr_par ocr_line ocrx_word'/>
</head>
<body>
  <div class='ocr_page' id='page_1' title='image "./scriptoreshisto02petegoog_0045.png"; bbox 0 0 2517 3884; ppageno 0'>
   <div class='ocr_carea' id='block_1_1' title="bbox 294 167 1543 232">
    <p class='ocr_par' dir='ltr' id='par_1_1' title="bbox 294 167 1543 232">
     <span class='ocr_line' id='line_1_1' title="bbox 294 167 1543 232; baseline -0.003 0"><span class='ocrx_word' id='word_1_1' title='bbox 294 167 336 232; x_wconf 89' lang='grc'>8</span> <span class='ocrx_word' id='word_1_2' title='bbox 990 173 1163 229; x_wconf 86' lang='lat' dir='ltr'>AELll</span> <span class='ocrx_word' id='word_1_3' title='bbox 1193 171 1543 228; x_wconf 81' lang='lat' dir='ltr'>SPARTIANI</span> 
     </span>
    </p>
   </div>
   <div class='ocr_carea' id='block_1_2' title="bbox 74 337 2325 2777">
    <p class='ocr_par' dir='ltr' id='par_1_2' title="bbox 294 337 2241 503">
     <span class='ocr_line' id='line_1_2' title="bbox 294 337 2241 420; baseline 0 -20"><span class='ocrx_word' id='word_1_4' title='bbox 294 341 438 401; x_wconf 87' lang='lat' dir='ltr'>naui</span> <span class='ocrx_word' id='word_1_5' title='bbox 468 339 717 399; x_wconf 81' lang='lat' dir='ltr'>Romam</span> <span class='ocrx_word' id='word_1_6' title='bbox 747 339 1008 398; x_wconf 83' lang='lat' dir='ltr'>dimissis</span> <span class='ocrx_word' id='word_1_7' title='bbox 1048 339 1178 417; x_wconf 88' lang='lat' dir='ltr'>ipse</span> <span class='ocrx_word' id='word_1_8' title='bbox 1208 337 1581 398; x_wconf 79' lang='lat' dir='ltr'>Antiochiam</span> <span class='ocrx_word' id='word_1_9' title='bbox 1623 355 1939 416; x_wconf 81' lang='lat' dir='ltr'>regressus</span> <span class='ocrx_word' id='word_1_10' title='bbox 1981 359 2241 420; x_wconf 88' lang='lat' dir='ltr'>praepo-</span> 
     </span>
     <span class='ocr_line' id='line_1_3' title="bbox 297 422 2237 503; baseline 0.001 -19"><span class='ocrx_word' id='word_1_11' title='bbox 297 427 534 501; x_wconf 88' lang='lat' dir='ltr'>sitoque</span> <span class='ocrx_word' id='word_1_12' title='bbox 565 423 774 503; x_wconf 81' lang='lat' dir='ltr'>Syriae</span> <span class='ocrx_word' id='word_1_13' title='bbox 807 422 1012 484; x_wconf 88' lang='lat' dir='ltr'>Catilio</span> <span class='ocrx_word' id='word_1_14' title='bbox 1045 422 1275 483; x_wconf 88' lang='lat' dir='ltr'>Seuero</span> <span class='ocrx_word' id='word_1_15' title='bbox 1304 441 1415 502; x_wconf 89' lang='lat' dir='ltr'>per</span> <span class='ocrx_word' id='word_1_16' title='bbox 1444 422 1745 502; x_wconf 78' lang='lat' dir='ltr'>Illyricum</span> <span class='ocrx_word' id='word_1_17' title='bbox 1769 423 2020 485; x_wconf 81' lang='lat' dir='ltr'>Romam</span> <span class='ocrx_word' id='word_1_18' title='bbox 2052 428 2237 486; x_wconf 87' lang='lat' dir='ltr'>uenit.</span> 
     </span>
    </p>

    <p class='ocr_par' dir='ltr' id='par_1_3' title="bbox 225 504 2325 758">
     <span class='ocr_line' id='line_1_4' title="bbox 225 504 2238 590; baseline 0.001 -22"><span class='ocrx_word' id='word_1_19' title='bbox 225 504 268 568; x_wconf 88' lang='grc'><strong>6</strong></span> <span class='ocrx_word' id='word_1_20' title='bbox 425 508 682 568; x_wconf 89' lang='lat' dir='ltr'>Traiano</span> <span class='ocrx_word' id='word_1_21' title='bbox 730 507 965 590; x_wconf 84' lang='lat' dir='ltr'>diuinos</span> <span class='ocrx_word' id='word_1_22' title='bbox 995 506 1258 590; x_wconf 84' lang='lat' dir='ltr'>honores</span> <span class='ocrx_word' id='word_1_23' title='bbox 1291 507 1443 568; x_wconf 89' lang='lat' dir='ltr'>datis</span> <span class='ocrx_word' id='word_1_24' title='bbox 1474 509 1545 568; x_wconf 93' lang='lat' dir='ltr'>ad</span> <span class='ocrx_word' id='word_1_25' title='bbox 1580 516 1853 569; x_wconf 81' lang='lat' dir='ltr'>senatum</span> <span class='ocrx_word' id='word_1_26' title='bbox 1896 521 1956 570; x_wconf 86' lang='lat' dir='ltr'>et</span> <span class='ocrx_word' id='word_1_27' title='bbox 1998 511 2238 587; x_wconf 88' lang='lat' dir='ltr'>quidem</span> 
     </span>
     <span class='ocr_line' id='line_1_5' title="bbox 298 591 2239 671; baseline 0.001 -17"><span class='ocrx_word' id='word_1_28' title='bbox 298 595 759 654; x_wconf 84' lang='lat' dir='ltr'>accuratissimis</span> <span class='ocrx_word' id='word_1_29' title='bbox 787 591 1002 653; x_wconf 88' lang='lat' dir='ltr'>litteris</span> <span class='ocrx_word' id='word_1_30' title='bbox 1031 591 1357 671; x_wconf 90' lang='lat' dir='ltr'>postulauit</span> <span class='ocrx_word' id='word_1_31' title='bbox 1388 602 1448 653; x_wconf 88' lang='lat' dir='ltr'>et</span> <span class='ocrx_word' id='word_1_32' title='bbox 1478 596 1709 654; x_wconf 83' lang='lat' dir='ltr'>&#39;cunctis</span> <span class='ocrx_word' id='word_1_33' title='bbox 1740 593 2083 656; x_wconf 87' lang='lat' dir='ltr'>uolentibus</span> <span class='ocrx_word' id='word_1_34' title='bbox 2112 615 2239 656; x_wconf 91' lang='lat' dir='ltr'>me-</span> 
     </span>
     <span class='ocr_line' id='line_1_6' title="bbox 295 677 2325 758; baseline 0.001 -19"><span class='ocrx_word' id='word_1_35' title='bbox 295 681 436 744; x_wconf 87' lang='lat' dir='ltr'>ruit,</span> <span class='ocrx_word' id='word_1_36' title='bbox 479 681 560 738; x_wconf 89' lang='lat' dir='ltr'>ita</span> <span class='ocrx_word' id='word_1_37' title='bbox 590 686 658 738; x_wconf 89' lang='lat' dir='ltr'>ut</span> <span class='ocrx_word' id='word_1_38' title='bbox 687 684 931 738; x_wconf 88' lang='lat' dir='ltr'>senatus</span> <span class='ocrx_word' id='word_1_39' title='bbox 961 677 1176 746; x_wconf 88' lang='lat' dir='ltr'>multa,</span> <span class='ocrx_word' id='word_1_40' title='bbox 1221 694 1377 754; x_wconf 89' lang='lat' dir='ltr'>quae</span> <span class='ocrx_word' id='word_1_41' title='bbox 1417 677 1755 739; x_wconf 82' lang='lat' dir='ltr'>Hadrianus</span> <span class='ocrx_word' id='word_1_42' title='bbox 1806 698 1928 739; x_wconf 91' lang='lat' dir='ltr'>non</span> <span class='ocrx_word' id='word_1_43' title='bbox 1968 680 2234 758; x_wconf 89' lang='lat' dir='ltr'>postula·</span> <span class='ocrx_word' id='word_1_44' title='bbox 2294 695 2325 734; x_wconf 83' lang='lat'>5</span> 
     </span>
    </p>

    <p class='ocr_par' dir='ltr' id='par_1_4' title="bbox 227 762 2237 841">
     <span class='ocr_line' id='line_1_7' title="bbox 227 762 2237 841; baseline 0.002 -20"><span class='ocrx_word' id='word_1_45' title='bbox 227 774 261 821; x_wconf 78' lang='lat'>2</span> <span class='ocrx_word' id='word_1_46' title='bbox 297 771 484 833; x_wconf 86' lang='lat' dir='ltr'>uerat,</span> <span class='ocrx_word' id='word_1_47' title='bbox 516 765 580 822; x_wconf 90' lang='lat' dir='ltr'>in</span> <span class='ocrx_word' id='word_1_48' title='bbox 608 762 898 823; x_wconf 85' lang='lat' dir='ltr'>honorem</span> <span class='ocrx_word' id='word_1_49' title='bbox 933 763 1174 823; x_wconf 85' lang='lat' dir='ltr'>Traiani</span> <span class='ocrx_word' id='word_1_50' title='bbox 1204 770 1419 841; x_wconf 90' lang='lat' dir='ltr'>sponte</span> <span class='ocrx_word' id='word_1_51' title='bbox 1450 763 1820 824; x_wconf 81' lang='lat' dir='ltr'>decerneret.</span> <span class='ocrx_word' id='word_1_52' title='bbox 1868 783 2003 825; x_wconf 88' lang='lat' dir='ltr'>cum</span> <span class='ocrx_word' id='word_1_53' title='bbox 2038 765 2111 825; x_wconf 86' lang='lat' dir='ltr'>ad</span> <span class='ocrx_word' id='word_1_54' title='bbox 2144 784 2237 826; x_wconf 90' lang='lat' dir='ltr'>se-</span> 
     </span>
    </p>

    <p class='ocr_par' dir='ltr' id='par_1_5' title="bbox 95 846 2237 932">
     <span class='ocr_line' id='line_1_8' title="bbox 95 846 2237 932; baseline 0 -24"><span class='ocrx_word' id='word_1_55' title='bbox 95 905 118 932; x_wconf 37' lang='grc' dir='ltr'><strong>ι</strong></span> <span class='ocrx_word' id='word_1_56' title='bbox 293 857 501 908; x_wconf 88' lang='lat' dir='ltr'>natum</span> <span class='ocrx_word' id='word_1_57' title='bbox 533 846 854 917; x_wconf 81' lang='lat' dir='ltr'>scriberet,</span> <span class='ocrx_word' id='word_1_58' title='bbox 889 849 1130 908; x_wconf 87' lang='lat' dir='ltr'>ueniam</span> <span class='ocrx_word' id='word_1_59' title='bbox 1160 849 1328 926; x_wconf 89' lang='lat' dir='ltr'>petit,</span> <span class='ocrx_word' id='word_1_60' title='bbox 1364 848 1521 924; x_wconf 88' lang='lat' dir='ltr'>quod</span> <span class='ocrx_word' id='word_1_61' title='bbox 1554 847 1627 908; x_wconf 90' lang='lat' dir='ltr'>de</span> <span class='ocrx_word' id='word_1_62' title='bbox 1657 850 1911 927; x_wconf 86' lang='lat' dir='ltr'>imperio</span> <span class='ocrx_word' id='word_1_63' title='bbox 1946 866 2055 909; x_wconf 90' lang='lat' dir='ltr'>suo</span> <span class='ocrx_word' id='word_1_64' title='bbox 2084 849 2237 910; x_wconf 91' lang='lat' dir='ltr'>iudi-</span> 
     </span>
    </p>

    <p class='ocr_par' dir='ltr' id='par_1_6' title="bbox 74 931 2239 1014">
     <span class='ocr_line' id='line_1_9' title="bbox 74 931 2239 1014; baseline 0.001 -22"><span class='ocrx_word' id='word_1_65' title='bbox 74 944 129 1004; x_wconf 47' lang='grc' dir='ltr'>αξ</span> <span class='ocrx_word' id='word_1_66' title='bbox 146 943 183 992; x_wconf 74' lang='grc'><em>5</em></span> <span class='ocrx_word' id='word_1_67' title='bbox 295 935 454 994; x_wconf 89' lang='lat' dir='ltr'>cium</span> <span class='ocrx_word' id='word_1_68' title='bbox 486 934 716 992; x_wconf 87' lang='lat' dir='ltr'>senatui</span> <span class='ocrx_word' id='word_1_69' title='bbox 746 949 866 992; x_wconf 90' lang='lat' dir='ltr'>non</span> <span class='ocrx_word' id='word_1_70' title='bbox 898 933 1196 1001; x_wconf 80' lang='lat' dir='ltr'>dedisset,</span> <span class='ocrx_word' id='word_1_71' title='bbox 1244 931 1533 992; x_wconf 89' lang='lat' dir='ltr'>salutatus</span> <span class='ocrx_word' id='word_1_72' title='bbox 1573 933 1802 1010; x_wconf 81' lang='lat' dir='ltr'>scilicet</span> <span class='ocrx_word' id='word_1_73' title='bbox 1830 952 2239 1014; x_wconf 85' lang='lat' dir='ltr'>praepropere</span> 
     </span>
    </p>

    <p class='ocr_par' dir='ltr' id='par_1_7' title="bbox 133 996 2236 1098">
     <span class='ocr_line' id='line_1_10' title="bbox 133 996 2236 1098; baseline 0.001 -20"><span class='ocrx_word' id='word_1_74' title='bbox 133 1001 246 1078; x_wconf 28' lang='grc' dir='ltr'>Ὗ</span> <span class='ocrx_word' id='word_1_75' title='bbox 295 1037 330 1078; x_wconf 95' lang='lat' dir='ltr'>a</span> <span class='ocrx_word' id='word_1_76' title='bbox 359 1015 650 1078; x_wconf 84' lang='lat' dir='ltr'>militibus</span> <span class='ocrx_word' id='word_1_77' title='bbox 679 1019 1026 1096; x_wconf 83' lang='lat' dir='ltr'>imperator,</span> <span class='ocrx_word' id='word_1_78' title='bbox 1063 1017 1222 1094; x_wconf 85' lang='lat' dir='ltr'>quod</span> <span class='ocrx_word' id='word_1_79' title='bbox 1255 1035 1387 1077; x_wconf 89' lang='lat' dir='ltr'>esse</span> <span class='ocrx_word' id='word_1_80' title='bbox 1417 1035 1517 1077; x_wconf 87' lang='lat' dir='ltr'>res</span> <span class='ocrx_word' id='word_1_81' title='bbox 1546 996 1947 1096; x_wconf 56' lang='lat' dir='ltr'>publicffsine</span> <span class='ocrx_word' id='word_1_82' title='bbox 1976 1021 2236 1098; x_wconf 85' lang='lat' dir='ltr'>impera-</span> 
     </span>
    </p>

    <p class='ocr_par' dir='ltr' id='par_1_8' title="bbox 227 1100 2323 1350">
     <span class='ocr_line' id='line_1_11' title="bbox 227 1100 2323 1180; baseline 0.001 -18"><span class='ocrx_word' id='word_1_83' title='bbox 227 1114 260 1161; x_wconf 86' lang='lat'><strong>3</strong></span> <span class='ocrx_word' id='word_1_84' title='bbox 298 1109 428 1162; x_wconf 89' lang='lat' dir='ltr'>tore</span> <span class='ocrx_word' id='word_1_85' title='bbox 459 1120 580 1162; x_wconf 88' lang='lat' dir='ltr'>non</span> <span class='ocrx_word' id='word_1_86' title='bbox 609 1109 834 1180; x_wconf 90' lang='lat' dir='ltr'>posset.</span> <span class='ocrx_word' id='word_1_87' title='bbox 896 1121 1029 1162; x_wconf 88' lang='lat' dir='ltr'>cum</span> <span class='ocrx_word' id='word_1_88' title='bbox 1065 1100 1433 1180; x_wconf 88' lang='lat' dir='ltr'>triumphum</span> <span class='ocrx_word' id='word_1_89' title='bbox 1466 1105 1812 1172; x_wconf 78' lang='lat' dir='ltr'>ei·senatuS‚</span> <span class='ocrx_word' id='word_1_90' title='bbox 1848 1106 1951 1180; x_wconf 89' lang='lat' dir='ltr'>qui</span> <span class='ocrx_word' id='word_1_91' title='bbox 1982 1105 2237 1164; x_wconf 89' lang='lat' dir='ltr'>Traiano</span> <span class='ocrx_word' id='word_1_92' title='bbox 2268 1119 2323 1157; x_wconf 84' lang='lat'>10</span> 
     </span>
     <span class='ocr_line' id='line_1_12' title="bbox 295 1187 2237 1266; baseline 0.001 -19"><span class='ocrx_word' id='word_1_93' title='bbox 295 1187 534 1248; x_wconf 90' lang='lat' dir='ltr'>debitus</span> <span class='ocrx_word' id='word_1_94' title='bbox 577 1193 734 1256; x_wconf 91' lang='lat' dir='ltr'>erat,</span> <span class='ocrx_word' id='word_1_95' title='bbox 783 1187 1122 1255; x_wconf 88' lang='lat' dir='ltr'>detulisset,</span> <span class='ocrx_word' id='word_1_96' title='bbox 1177 1189 1483 1248; x_wconf 88' lang='lat' dir='ltr'>recusauit</span> <span class='ocrx_word' id='word_1_97' title='bbox 1532 1189 1659 1266; x_wconf 91' lang='lat' dir='ltr'>ipse</span> <span class='ocrx_word' id='word_1_98' title='bbox 1703 1195 1879 1264; x_wconf 87' lang='lat' dir='ltr'>atque</span> <span class='ocrx_word' id='word_1_99' title='bbox 1918 1190 2237 1266; x_wconf 85' lang='lat' dir='ltr'>imaginem</span> 
     </span>
     <span class='ocr_line' id='line_1_13' title="bbox 295 1271 2238 1350; baseline 0 -18"><span class='ocrx_word' id='word_1_100' title='bbox 295 1273 536 1332; x_wconf 87' lang='lat' dir='ltr'>Traiani</span> <span class='ocrx_word' id='word_1_101' title='bbox 568 1289 752 1332; x_wconf 87' lang='lat' dir='ltr'>curru</span> <span class='ocrx_word' id='word_1_102' title='bbox 793 1271 1138 1350; x_wconf 87' lang='lat' dir='ltr'>triumphali</span> <span class='ocrx_word' id='word_1_103' title='bbox 1186 1273 1383 1341; x_wconf 84' lang='lat' dir='ltr'>uexit,</span> <span class='ocrx_word' id='word_1_104' title='bbox 1417 1280 1484 1332; x_wconf 87' lang='lat' dir='ltr'>ut</span> <span class='ocrx_word' id='word_1_105' title='bbox 1513 1274 1775 1350; x_wconf 86' lang='lat' dir='ltr'>optimus</span> <span class='ocrx_word' id='word_1_106' title='bbox 1806 1275 2131 1350; x_wconf 90' lang='lat' dir='ltr'>imperator</span> <span class='ocrx_word' id='word_1_107' title='bbox 2161 1291 2238 1332; x_wconf 88' lang='lat' dir='ltr'>ne</span> 
     </span>
    </p>

    <p class='ocr_par' dir='ltr' id='par_1_9' title="bbox 227 1356 2235 1521">
     <span class='ocr_line' id='line_1_14' title="bbox 227 1356 2235 1436; baseline 0.001 -22"><span class='ocrx_word' id='word_1_108' title='bbox 227 1367 264 1414; x_wconf 84' lang='lat'><strong>4</strong></span> <span class='ocrx_word' id='word_1_109' title='bbox 297 1364 721 1436; x_wconf 77' lang='lat' dir='ltr'>postmortem</span> <span class='ocrx_word' id='word_1_110' title='bbox 763 1357 1004 1434; x_wconf 88' lang='lat' dir='ltr'>quidem</span> <span class='ocrx_word' id='word_1_111' title='bbox 1044 1356 1333 1435; x_wconf 82' lang='lat' dir='ltr'>triumphi</span> <span class='ocrx_word' id='word_1_112' title='bbox 1375 1359 1675 1416; x_wconf 88' lang='lat' dir='ltr'>amitteret</span> <span class='ocrx_word' id='word_1_113' title='bbox 1705 1357 2065 1434; x_wconf 87' lang='lat' dir='ltr'>dignitatem.</span> <span class='ocrx_word' id='word_1_114' title='bbox 2130 1376 2235 1434; x_wconf 90' lang='lat' dir='ltr'>pa-</span> 
     </span>
     <span class='ocr_line' id='line_1_15' title="bbox 297 1441 2235 1521; baseline 0.001 -20"><span class='ocrx_word' id='word_1_115' title='bbox 297 1443 408 1501; x_wconf 90' lang='lat' dir='ltr'>tris</span> <span class='ocrx_word' id='word_1_116' title='bbox 439 1443 666 1521; x_wconf 81' lang='lat' dir='ltr'>patriae</span> <span class='ocrx_word' id='word_1_117' title='bbox 707 1458 925 1502; x_wconf 90' lang='lat' dir='ltr'>nomen</span> <span class='ocrx_word' id='word_1_118' title='bbox 970 1441 1230 1502; x_wconf 87' lang='lat' dir='ltr'>delatum</span> <span class='ocrx_word' id='word_1_119' title='bbox 1274 1441 1388 1502; x_wconf 90' lang='lat' dir='ltr'>sibi</span> <span class='ocrx_word' id='word_1_120' title='bbox 1430 1441 1626 1502; x_wconf 88' lang='lat' dir='ltr'>statim</span> <span class='ocrx_word' id='word_1_121' title='bbox 1670 1448 1729 1502; x_wconf 90' lang='lat' dir='ltr'>et</span> <span class='ocrx_word' id='word_1_122' title='bbox 1768 1444 1985 1502; x_wconf 84' lang='lat' dir='ltr'>iterum</span> <span class='ocrx_word' id='word_1_123' title='bbox 2026 1450 2235 1520; x_wconf 85' lang='lat' dir='ltr'>postea</span> 
     </span>
    </p>

    <p class='ocr_par' dir='ltr' id='par_1_10' title="bbox 229 1525 2324 1773">
     <span class='ocr_line' id='line_1_16' title="bbox 229 1525 2324 1604; baseline 0.001 -21"><span class='ocrx_word' id='word_1_124' title='bbox 229 1535 263 1583; x_wconf 86' lang='lat'>5</span> <span class='ocrx_word' id='word_1_125' title='bbox 299 1525 545 1594; x_wconf 86' lang='lat' dir='ltr'>distulit,</span> <span class='ocrx_word' id='word_1_126' title='bbox 571 1525 730 1602; x_wconf 88' lang='lat' dir='ltr'>quod</span> <span class='ocrx_word' id='word_1_127' title='bbox 762 1525 877 1587; x_wconf 90' lang='lat' dir='ltr'>hoc</span> <span class='ocrx_word' id='word_1_128' title='bbox 905 1545 1127 1586; x_wconf 90' lang='lat' dir='ltr'>nomen</span> <span class='ocrx_word' id='word_1_129' title='bbox 1157 1533 1459 1604; x_wconf 90' lang='lat' dir='ltr'>Augustus</span> <span class='ocrx_word' id='word_1_130' title='bbox 1491 1545 1627 1585; x_wconf 87' lang='lat' dir='ltr'>sero</span> <span class='ocrx_word' id='word_1_131' title='bbox 1652 1529 1987 1587; x_wconf 87' lang='lat' dir='ltr'>meruisset.</span> <span class='ocrx_word' id='word_1_132' title='bbox 2025 1545 2235 1587; x_wconf 90' lang='lat' dir='ltr'>aurum</span> <span class='ocrx_word' id='word_1_133' title='bbox 2267 1543 2324 1583; x_wconf 82' lang='lat'>15</span> 
     </span>
     <span class='ocr_line' id='line_1_17' title="bbox 297 1609 2235 1688; baseline 0 -18"><span class='ocrx_word' id='word_1_134' title='bbox 297 1613 677 1671; x_wconf 86' lang='lat' dir='ltr'>coronarium</span> <span class='ocrx_word' id='word_1_135' title='bbox 690 1609 892 1670; x_wconf 90' lang='lat' dir='ltr'>Italiae</span> <span class='ocrx_word' id='word_1_136' title='bbox 923 1613 1172 1680; x_wconf 89' lang='lat' dir='ltr'>remisit,</span> <span class='ocrx_word' id='word_1_137' title='bbox 1198 1612 1263 1670; x_wconf 91' lang='lat' dir='ltr'>in</span> <span class='ocrx_word' id='word_1_138' title='bbox 1284 1613 1615 1688; x_wconf 89' lang='lat' dir='ltr'>prouinciis</span> <span class='ocrx_word' id='word_1_139' title='bbox 1646 1613 1879 1680; x_wconf 86' lang='lat' dir='ltr'>minuit,</span> <span class='ocrx_word' id='word_1_140' title='bbox 1914 1611 2235 1688; x_wconf 88' lang='lat' dir='ltr'>etquidem</span> 
     </span>
     <span class='ocr_line' id='line_1_18' title="bbox 297 1695 2118 1773; baseline 0.001 -19"><span class='ocrx_word' id='word_1_141' title='bbox 297 1695 745 1756; x_wconf 81' lang='lat' dir='ltr'>difficultatibus</span> <span class='ocrx_word' id='word_1_142' title='bbox 776 1698 993 1755; x_wconf 87' lang='lat' dir='ltr'>aerarii</span> <span class='ocrx_word' id='word_1_143' title='bbox 1023 1695 1334 1756; x_wconf 85' lang='lat' dir='ltr'>ambitiose</span> <span class='ocrx_word' id='word_1_144' title='bbox 1366 1715 1435 1756; x_wconf 90' lang='lat' dir='ltr'>ac</span> <span class='ocrx_word' id='word_1_145' title='bbox 1466 1695 1781 1773; x_wconf 87' lang='lat' dir='ltr'>diligenter</span> <span class='ocrx_word' id='word_1_146' title='bbox 1815 1698 2118 1773; x_wconf 83' lang='lat' dir='ltr'>expositis.</span> 
     </span>
    </p>

    <p class='ocr_par' dir='ltr' id='par_1_11' title="bbox 229 1779 2233 1842">
     <span class='ocr_line' id='line_1_19' title="bbox 229 1779 2233 1842; baseline 0.001 -5"><span class='ocrx_word' id='word_1_147' title='bbox 229 1790 261 1837; x_wconf 85' lang='grc'><strong>6</strong></span> <span class='ocrx_word' id='word_1_148' title='bbox 423 1779 638 1840; x_wconf 86' lang='lat' dir='ltr'>Audito</span> <span class='ocrx_word' id='word_1_149' title='bbox 702 1780 839 1840; x_wconf 87' lang='lat' dir='ltr'>dein</span> <span class='ocrx_word' id='word_1_150' title='bbox 894 1780 1150 1841; x_wconf 88' lang='lat' dir='ltr'>tumultu</span> <span class='ocrx_word' id='word_1_151' title='bbox 1215 1779 1618 1841; x_wconf 85' lang='lat' dir='ltr'>Sarmatarum</span> <span class='ocrx_word' id='word_1_152' title='bbox 1686 1788 1745 1840; x_wconf 89' lang='lat' dir='ltr'>et</span> <span class='ocrx_word' id='word_1_153' title='bbox 1794 1780 2233 1842; x_wconf 87' lang='lat' dir='ltr'>Roxalanorum</span> 
     </span>
    </p>

    <p class='ocr_par' dir='ltr' id='par_1_12' title="bbox 229 1865 2318 2029">
     <span class='ocr_line' id='line_1_20' title="bbox 229 1865 2231 1944; baseline 0.001 -21"><span class='ocrx_word' id='word_1_154' title='bbox 229 1875 259 1923; x_wconf 83' lang='grc'>7</span> <span class='ocrx_word' id='word_1_155' title='bbox 295 1866 644 1944; x_wconf 89' lang='lat' dir='ltr'>praemissis</span> <span class='ocrx_word' id='word_1_156' title='bbox 692 1865 1056 1925; x_wconf 83' lang='lat' dir='ltr'>exercitibus</span> <span class='ocrx_word' id='word_1_157' title='bbox 1098 1865 1383 1924; x_wconf 85' lang='lat' dir='ltr'>Moesiam</span> <span class='ocrx_word' id='word_1_158' title='bbox 1424 1867 1589 1944; x_wconf 88' lang='lat' dir='ltr'>petit.</span> <span class='ocrx_word' id='word_1_159' title='bbox 1667 1866 1953 1926; x_wconf 89' lang='lat' dir='ltr'>Marcium</span> <span class='ocrx_word' id='word_1_160' title='bbox 1997 1865 2231 1926; x_wconf 89' lang='lat' dir='ltr'>Turbo-</span> 
     </span>
     <span class='ocr_line' id='line_1_21' title="bbox 297 1949 2318 2029; baseline -0.001 -20"><span class='ocrx_word' id='word_1_161' title='bbox 297 1967 438 2011; x_wconf 90' lang='lat' dir='ltr'>nem</span> <span class='ocrx_word' id='word_1_162' title='bbox 467 1957 604 2027; x_wconf 90' lang='lat' dir='ltr'>post</span> <span class='ocrx_word' id='word_1_163' title='bbox 632 1949 1058 2010; x_wconf 89' lang='lat' dir='ltr'>Mauretaniam</span> <span class='ocrx_word' id='word_1_164' title='bbox 1089 1951 1503 2028; x_wconf 85' lang='lat' dir='ltr'>praefecturae</span> <span class='ocrx_word' id='word_1_165' title='bbox 1533 1950 1737 2011; x_wconf 84' lang='lat' dir='ltr'>infulis</span> <span class='ocrx_word' id='word_1_166' title='bbox 1774 1959 2050 2011; x_wconf 88' lang='lat' dir='ltr'>ornatum</span> <span class='ocrx_word' id='word_1_167' title='bbox 2082 1951 2231 2029; x_wconf 85' lang='lat' dir='ltr'>Pan·</span> <span class='ocrx_word' id='word_1_168' title='bbox 2264 1969 2318 2007; x_wconf 81' lang='lat'>20</span> 
     </span>
    </p>

    <p class='ocr_par' dir='ltr' id='par_1_13' title="bbox 228 2035 2241 2283">
     <span class='ocr_line' id='line_1_22' title="bbox 228 2035 2233 2112; baseline 0.001 -20"><span class='ocrx_word' id='word_1_169' title='bbox 228 2044 262 2092; x_wconf 87' lang='lat'>8</span> <span class='ocrx_word' id='word_1_170' title='bbox 297 2035 514 2094; x_wconf 89' lang='lat' dir='ltr'>noniae</span> <span class='ocrx_word' id='word_1_171' title='bbox 545 2035 880 2112; x_wconf 84' lang='lat' dir='ltr'>Daciaeque</span> <span class='ocrx_word' id='word_1_172' title='bbox 923 2036 994 2095; x_wconf 92' lang='lat' dir='ltr'>ad</span> <span class='ocrx_word' id='word_1_173' title='bbox 1037 2042 1275 2112; x_wconf 88' lang='lat' dir='ltr'>tempus</span> <span class='ocrx_word' id='word_1_174' title='bbox 1314 2037 1627 2112; x_wconf 82' lang='lat' dir='ltr'>praefecit.</span> <span class='ocrx_word' id='word_1_175' title='bbox 1689 2054 1823 2096; x_wconf 89' lang='lat' dir='ltr'>cum</span> <span class='ocrx_word' id='word_1_176' title='bbox 1865 2053 2009 2112; x_wconf 87' lang='lat' dir='ltr'>rege</span> <span class='ocrx_word' id='word_1_177' title='bbox 2038 2035 2233 2095; x_wconf 88' lang='lat' dir='ltr'>Roxa-</span> 
     </span>
     <span class='ocr_line' id='line_1_23' title="bbox 296 2117 2241 2196; baseline 0 -18"><span class='ocrx_word' id='word_1_178' title='bbox 296 2118 606 2192; x_wconf 83' lang='lat' dir='ltr'>lanorum,</span> <span class='ocrx_word' id='word_1_179' title='bbox 643 2120 746 2196; x_wconf 88' lang='lat' dir='ltr'>qui</span> <span class='ocrx_word' id='word_1_180' title='bbox 777 2119 850 2180; x_wconf 91' lang='lat' dir='ltr'>de</span> <span class='ocrx_word' id='word_1_181' title='bbox 880 2121 1191 2180; x_wconf 89' lang='lat' dir='ltr'>inminutis</span> <span class='ocrx_word' id='word_1_182' title='bbox 1223 2120 1537 2196; x_wconf 89' lang='lat' dir='ltr'>stipendiis</span> <span class='ocrx_word' id='word_1_183' title='bbox 1570 2120 1962 2196; x_wconf 83' lang='lat' dir='ltr'>querebatur,</span> <span class='ocrx_word' id='word_1_184' title='bbox 1998 2117 2241 2196; x_wconf 85' lang='lat' dir='ltr'>cognito</span> 
     </span>
     <span class='ocr_line' id='line_1_24' title="bbox 297 2205 1142 2283; baseline 0.002 -21"><span class='ocrx_word' id='word_1_185' title='bbox 297 2205 538 2282; x_wconf 88' lang='lat' dir='ltr'>negotio</span> <span class='ocrx_word' id='word_1_186' title='bbox 570 2221 778 2282; x_wconf 88' lang='lat' dir='ltr'>pacem</span> <span class='ocrx_word' id='word_1_187' title='bbox 811 2205 1142 2283; x_wconf 87' lang='lat' dir='ltr'>conposuit.</span> 
     </span>
    </p>

    <p class='ocr_par' dir='ltr' id='par_1_14' title="bbox 223 2285 2317 2449">
     <span class='ocr_line' id='line_1_25' title="bbox 223 2285 2234 2366; baseline 0 -18"><span class='ocrx_word' id='word_1_188' title='bbox 223 2285 262 2348; x_wconf 83' lang='lat'><strong>7</strong></span> <span class='ocrx_word' id='word_1_189' title='bbox 422 2288 655 2366; x_wconf 90' lang='lat' dir='ltr'>Nigrini</span> <span class='ocrx_word' id='word_1_190' title='bbox 695 2289 970 2356; x_wconf 87' lang='lat' dir='ltr'>insidias,</span> <span class='ocrx_word' id='word_1_191' title='bbox 1019 2305 1166 2365; x_wconf 88' lang='lat' dir='ltr'>quas</span> <span class='ocrx_word' id='word_1_192' title='bbox 1206 2288 1307 2348; x_wconf 92' lang='lat' dir='ltr'>ille</span> <span class='ocrx_word' id='word_1_193' title='bbox 1351 2289 1707 2348; x_wconf 87' lang='lat' dir='ltr'>sacrificanti</span> <span class='ocrx_word' id='word_1_194' title='bbox 1748 2287 2049 2348; x_wconf 88' lang='lat' dir='ltr'>Hadriano</span> <span class='ocrx_word' id='word_1_195' title='bbox 2094 2307 2234 2348; x_wconf 91' lang='lat' dir='ltr'>con-</span> 
     </span>
     <span class='ocr_line' id='line_1_26' title="bbox 297 2372 2317 2449; baseline -0.001 -17"><span class='ocrx_word' id='word_1_196' title='bbox 297 2374 421 2432; x_wconf 89' lang='lat' dir='ltr'>scio</span> <span class='ocrx_word' id='word_1_197' title='bbox 469 2373 582 2432; x_wconf 91' lang='lat' dir='ltr'>sibi</span> <span class='ocrx_word' id='word_1_198' title='bbox 611 2373 792 2432; x_wconf 89' lang='lat' dir='ltr'>Lusio</span> <span class='ocrx_word' id='word_1_199' title='bbox 835 2380 894 2432; x_wconf 89' lang='lat' dir='ltr'>et</span> <span class='ocrx_word' id='word_1_200' title='bbox 923 2372 1125 2432; x_wconf 90' lang='lat' dir='ltr'>multis</span> <span class='ocrx_word' id='word_1_201' title='bbox 1156 2372 1287 2432; x_wconf 89' lang='lat' dir='ltr'>aliis</span> <span class='ocrx_word' id='word_1_202' title='bbox 1327 2379 1671 2449; x_wconf 87' lang='lat' dir='ltr'>parauerat,</span> <span class='ocrx_word' id='word_1_203' title='bbox 1720 2388 1855 2431; x_wconf 86' lang='lat' dir='ltr'>cum</span> <span class='ocrx_word' id='word_1_204' title='bbox 1888 2374 2064 2432; x_wconf 88' lang='lat' dir='ltr'>ctiam</span> <span class='ocrx_word' id='word_1_205' title='bbox 2096 2391 2230 2433; x_wconf 87' lang='lat' dir='ltr'>suc-</span> <span class='ocrx_word' id='word_1_206' title='bbox 2262 2389 2317 2430; x_wconf 82' lang='lat'>25</span> 
     </span>
    </p>

    <p class='ocr_par' dir='ltr' id='par_1_15' title="bbox 225 2455 2234 2705">
     <span class='ocr_line' id='line_1_27' title="bbox 225 2455 2233 2534; baseline 0.001 -18"><span class='ocrx_word' id='word_1_207' title='bbox 225 2469 257 2516; x_wconf 81' lang='lat'><strong>2</strong></span> <span class='ocrx_word' id='word_1_208' title='bbox 296 2475 599 2518; x_wconf 89' lang='lat' dir='ltr'>cessorem</span> <span class='ocrx_word' id='word_1_209' title='bbox 641 2456 975 2516; x_wconf 87' lang='lat' dir='ltr'>Hadrianus</span> <span class='ocrx_word' id='word_1_210' title='bbox 1027 2455 1266 2516; x_wconf 89' lang='lat' dir='ltr'>sibimet</span> <span class='ocrx_word' id='word_1_211' title='bbox 1318 2455 1703 2524; x_wconf 88' lang='lat' dir='ltr'>destinasset,</span> <span class='ocrx_word' id='word_1_212' title='bbox 1762 2457 1970 2516; x_wconf 84' lang='lat' dir='ltr'>euasit.</span> <span class='ocrx_word' id='word_1_213' title='bbox 2046 2473 2233 2534; x_wconf 88' lang='lat' dir='ltr'>quare</span> 
     </span>
     <span class='ocr_line' id='line_1_28' title="bbox 293 2539 2231 2617; baseline 0 -16"><span class='ocrx_word' id='word_1_214' title='bbox 293 2541 495 2601; x_wconf 88' lang='lat' dir='ltr'>Palma</span> <span class='ocrx_word' id='word_1_215' title='bbox 527 2541 907 2609; x_wconf 87' lang='lat' dir='ltr'>Tarracenis,</span> <span class='ocrx_word' id='word_1_216' title='bbox 954 2539 1162 2600; x_wconf 90' lang='lat' dir='ltr'>Celsus</span> <span class='ocrx_word' id='word_1_217' title='bbox 1195 2541 1359 2608; x_wconf 91' lang='lat' dir='ltr'>Bais,</span> <span class='ocrx_word' id='word_1_218' title='bbox 1403 2540 1686 2617; x_wconf 86' lang='lat' dir='ltr'>Nigrinus</span> <span class='ocrx_word' id='word_1_219' title='bbox 1716 2540 2068 2610; x_wconf 87' lang='lat' dir='ltr'>Fauentiae,</span> <span class='ocrx_word' id='word_1_220' title='bbox 2113 2541 2231 2602; x_wconf 90' lang='lat' dir='ltr'>Lu-</span> 
     </span>
     <span class='ocr_line' id='line_1_29' title="bbox 295 2623 2234 2705; baseline 0 -19"><span class='ocrx_word' id='word_1_221' title='bbox 295 2627 419 2686; x_wconf 90' lang='lat' dir='ltr'>sius</span> <span class='ocrx_word' id='word_1_222' title='bbox 463 2627 524 2684; x_wconf 89' lang='lat' dir='ltr'>in</span> <span class='ocrx_word' id='word_1_223' title='bbox 569 2626 786 2684; x_wconf 89' lang='lat' dir='ltr'>itinere</span> <span class='ocrx_word' id='word_1_224' title='bbox 817 2631 1024 2684; x_wconf 91' lang='lat' dir='ltr'>senatu</span> <span class='ocrx_word' id='word_1_225' title='bbox 1065 2623 1340 2693; x_wconf 89' lang='lat' dir='ltr'>iubente,</span> <span class='ocrx_word' id='word_1_226' title='bbox 1387 2626 1576 2684; x_wconf 88' lang='lat' dir='ltr'>inuito</span> <span class='ocrx_word' id='word_1_227' title='bbox 1619 2623 1947 2694; x_wconf 87' lang='lat' dir='ltr'>Hadriano,</span> <span class='ocrx_word' id='word_1_228' title='bbox 1994 2634 2061 2687; x_wconf 88' lang='lat' dir='ltr'>ut</span> <span class='ocrx_word' id='word_1_229' title='bbox 2102 2628 2234 2705; x_wconf 90' lang='lat' dir='ltr'>ipse</span> 
     </span>
    </p>

    <p class='ocr_par' dir='ltr' id='par_1_16' title="bbox 227 2708 2231 2777">
     <span class='ocr_line' id='line_1_30' title="bbox 227 2708 2231 2777; baseline 0 -8"><span class='ocrx_word' id='word_1_230' title='bbox 227 2723 262 2769; x_wconf 86' lang='lat'><strong>3</strong></span> <span class='ocrx_word' id='word_1_231' title='bbox 297 2711 358 2770; x_wconf 91' lang='lat' dir='ltr'>in</span> <span class='ocrx_word' id='word_1_232' title='bbox 393 2711 512 2769; x_wconf 90' lang='lat' dir='ltr'>uita</span> <span class='ocrx_word' id='word_1_233' title='bbox 555 2727 661 2768; x_wconf 92' lang='lat' dir='ltr'>sua</span> <span class='ocrx_word' id='word_1_234' title='bbox 693 2708 862 2777; x_wconf 88' lang='lat' dir='ltr'>dicit,</span> <span class='ocrx_word' id='word_1_235' title='bbox 905 2710 1088 2768; x_wconf 90' lang='lat' dir='ltr'>occisi</span> <span class='ocrx_word' id='word_1_236' title='bbox 1131 2717 1290 2769; x_wconf 89' lang='lat' dir='ltr'>sunt.</span> <span class='ocrx_word' id='word_1_237' title='bbox 1352 2708 1510 2768; x_wconf 90' lang='lat' dir='ltr'>unde</span> <span class='ocrx_word' id='word_1_238' title='bbox 1554 2711 1750 2770; x_wconf 85' lang='lat' dir='ltr'>statim</span> <span class='ocrx_word' id='word_1_239' title='bbox 1781 2708 2118 2771; x_wconf 87' lang='lat' dir='ltr'>Hadrianus</span> <span class='ocrx_word' id='word_1_240' title='bbox 2160 2711 2231 2770; x_wconf 85' lang='lat' dir='ltr'>ad</span> 
     </span>
    </p>
   </div>
   <div class='ocr_carea' id='block_1_3' title="bbox 288 2870 2235 3350">
    <p class='ocr_par' dir='ltr' id='par_1_17' title="bbox 288 2870 2235 3350">
     <span class='ocr_line' id='line_1_31' title="bbox 394 2870 2227 2942; baseline -0.001 -17"><span class='ocrx_word' id='word_1_241' title='bbox 394 2879 424 2925; x_wconf 82' lang='lat'><strong>2</strong></span> <span class='ocrx_word' id='word_1_242' title='bbox 455 2870 729 2939; x_wconf 77' lang='lat' dir='ltr'>ylliricum</span> <span class='ocrx_word' id='word_1_243' title='bbox 764 2876 814 2925; x_wconf 89' lang='lat' dir='ltr'><em>B</em></span> <span class='ocrx_word' id='word_1_244' title='bbox 964 2881 995 2927; x_wconf 89' lang='grc'><strong>3</strong></span> <span class='ocrx_word' id='word_1_245' title='bbox 1041 2876 1163 2926; x_wconf 85' lang='lat' dir='ltr'>dari</span> <span class='ocrx_word' id='word_1_246' title='bbox 1194 2892 1227 2926; x_wconf 88' lang='lat' dir='ltr'>a</span> <span class='ocrx_word' id='word_1_247' title='bbox 1263 2881 1463 2927; x_wconf 85' lang='lat' dir='ltr'>senatu</span> <span class='ocrx_word' id='word_1_248' title='bbox 1486 2877 1567 2926; x_wconf 77' lang='lat'>1³²</span> <span class='ocrx_word' id='word_1_249' title='bbox 1597 2881 1649 2928; x_wconf 84' lang='lat' dir='ltr'>in</span> <span class='ocrx_word' id='word_1_250' title='bbox 1682 2893 1785 2928; x_wconf 75' lang='lat' dir='ltr'>rac.</span> <span class='ocrx_word' id='word_1_251' title='bbox 1823 2877 1980 2942; x_wconf 78' lang='lat' dir='ltr'>(eras,</span> <span class='ocrx_word' id='word_1_252' title='bbox 2017 2885 2070 2926; x_wconf 77' lang='lat' dir='ltr'>nt</span> <span class='ocrx_word' id='word_1_253' title='bbox 2095 2878 2227 2928; x_wconf 61' lang='lat' dir='ltr'>uid:</span> 
     </span>
     <span class='ocr_line' id='line_1_32' title="bbox 293 2942 2109 3010; baseline -0.001 -18"><span class='ocrx_word' id='word_1_254' title='bbox 293 2943 442 2992; x_wconf 81' lang='lat' dir='ltr'>datis</span> <span class='ocrx_word' id='word_1_255' title='bbox 465 2942 536 2992; x_wconf 86' lang='lat' dir='ltr'>ad</span> <span class='ocrx_word' id='word_1_256' title='bbox 561 2943 836 3005; x_wconf 86' lang='lat' dir='ltr'>senatum)</span> <span class='ocrx_word' id='word_1_257' title='bbox 977 2947 1008 2994; x_wconf 85' lang='grc'><strong>9</strong></span> <span class='ocrx_word' id='word_1_258' title='bbox 1042 2944 1351 3010; x_wconf 85' lang='lat' dir='ltr'>reipublice</span> <span class='ocrx_word' id='word_1_259' title='bbox 1374 2944 1516 2996; x_wconf 87' lang='lat' dir='ltr'><em>B¹P¹</em></span> <span class='ocrx_word' id='word_1_260' title='bbox 1532 2947 1584 2994; x_wconf 91' lang='lat' dir='ltr'><em>V</em></span> <span class='ocrx_word' id='word_1_261' title='bbox 1717 2949 1780 2996; x_wconf 87' lang='lat'>13</span> <span class='ocrx_word' id='word_1_262' title='bbox 1805 2952 1829 2994; x_wconf 90' lang='lat' dir='ltr'>t</span> <span class='ocrx_word' id='word_1_263' title='bbox 1857 2960 2016 2995; x_wconf 79' lang='lat' dir='ltr'>curru</span> <span class='ocrx_word' id='word_1_264' title='bbox 2038 2942 2109 2992; x_wconf 86' lang='lat' dir='ltr'>B¹</span> 
     </span>
     <span class='ocr_line' id='line_1_33' title="bbox 293 3009 2235 3065; baseline -0.001 -5"><span class='ocrx_word' id='word_1_265' title='bbox 293 3013 358 3060; x_wconf 85' lang='lat'>14</span> <span class='ocrx_word' id='word_1_266' title='bbox 383 3009 489 3060; x_wconf 87' lang='lat' dir='ltr'>sibi</span> <span class='ocrx_word' id='word_1_267' title='bbox 515 3009 758 3060; x_wconf 83' lang='lat' dir='ltr'>delatum</span> <span class='ocrx_word' id='word_1_268' title='bbox 783 3012 834 3062; x_wconf 92' lang='lat' dir='ltr'><em>B</em></span> <span class='ocrx_word' id='word_1_269' title='bbox 975 3016 1037 3063; x_wconf 80' lang='lat'>17</span> <span class='ocrx_word' id='word_1_270' title='bbox 1064 3014 1393 3064; x_wconf 84' lang='lat' dir='ltr'>ambitiosae</span> <span class='ocrx_word' id='word_1_271' title='bbox 1413 3014 1464 3062; x_wconf 91' lang='lat' dir='ltr'><em>B</em></span> <span class='ocrx_word' id='word_1_272' title='bbox 1606 3017 1669 3065; x_wconf 88' lang='grc'>18</span> <span class='ocrx_word' id='word_1_273' title='bbox 1694 3029 1790 3064; x_wconf 85' lang='lat' dir='ltr'>rex</span> <span class='ocrx_word' id='word_1_274' title='bbox 1816 3013 2095 3062; x_wconf 84' lang='lat' dir='ltr'>alanorum</span> <span class='ocrx_word' id='word_1_275' title='bbox 2119 3011 2235 3059; x_wconf 87' lang='lat' dir='ltr'>BV</span> 
     </span>
     <span class='ocr_line' id='line_1_34' title="bbox 291 3076 2230 3200; baseline -0.001 -5"><span class='ocrx_word' id='word_1_276' title='bbox 291 3076 1126 3200; x_wconf 51' lang='grc' dir='ltr'>ῗὲἑῖὲἑῗὲἓῗέωῗέἶῗὲἕφῗ</span> <span class='ocrx_word' id='word_1_277' title='bbox 1149 3081 1379 3200; x_wconf 58' lang='grc' dir='ltr'>Ξῖ-ἰιὲἵέἳι</span> <span class='ocrx_word' id='word_1_278' title='bbox 1413 3081 1797 3199; x_wconf 46' lang='lat' dir='ltr'>{hamis</span> <span class='ocrx_word' id='word_1_279' title='bbox 1822 3078 2230 3196; x_wconf 60' lang='grc' dir='ltr'>Ῑὲῗῗὲὲἓίἑῗὲῗ</span> 
     </span>
     <span class='ocr_line' id='line_1_35' title="bbox 288 3166 2229 3279; baseline 0 -17"><span class='ocrx_word' id='word_1_280' title='bbox 288 3229 396 3279; x_wconf 67' lang='lat' dir='ltr'>nee</span> <span class='ocrx_word' id='word_1_281' title='bbox 420 3213 472 3262; x_wconf 91' lang='lat' dir='ltr'><em>B</em></span> <span class='ocrx_word' id='word_1_282' title='bbox 481 3214 536 3263; x_wconf 94' lang='lat' dir='ltr'><em>V</em></span> <span class='ocrx_word' id='word_1_283' title='bbox 537 3213 622 3264; x_wconf 56' lang='grc' dir='ltr'>ῬΙ</span> <span class='ocrx_word' id='word_1_284' title='bbox 652 3213 730 3278; x_wconf 83' lang='lat' dir='ltr'>(ut</span> <span class='ocrx_word' id='word_1_285' title='bbox 751 3166 956 3268; x_wconf 53' lang='lat' dir='ltr'>uidetulv’n</span> <span class='ocrx_word' id='word_1_286' title='bbox 977 3221 1074 3268; x_wconf 81' lang='lat' dir='ltr'>sed</span> <span class='ocrx_word' id='word_1_287' title='bbox 1094 3233 1230 3269; x_wconf 74' lang='lat' dir='ltr'>era-5.</span> <span class='ocrx_word' id='word_1_288' title='bbox 1255 3225 1306 3268; x_wconf 86' lang='lat' dir='ltr'>et</span> <span class='ocrx_word' id='word_1_289' title='bbox 1328 3187 1695 3268; x_wconf 69' lang='lat' dir='ltr'>mauritaniae</span> <span class='ocrx_word' id='word_1_290' title='bbox 1718 3214 2003 3277; x_wconf 70' lang='lat' dir='ltr'>super-scr.)</span> <span class='ocrx_word' id='word_1_291' title='bbox 2029 3215 2229 3264; x_wconf 83' lang='lat' dir='ltr'>mauri·</span> 
     </span>
     <span class='ocr_line' id='line_1_36' title="bbox 288 3281 2225 3350; baseline 0 -20"><span class='ocrx_word' id='word_1_292' title='bbox 288 3281 479 3331; x_wconf 89' lang='lat' dir='ltr'>taniae</span> <span class='ocrx_word' id='word_1_293' title='bbox 516 3282 571 3331; x_wconf 94' lang='lat' dir='ltr'><em>V</em></span> <span class='ocrx_word' id='word_1_294' title='bbox 575 3281 669 3332; x_wconf 69' lang='grc' dir='ltr'>2Μ</span> <span class='ocrx_word' id='word_1_295' title='bbox 717 3286 1123 3335; x_wconf 82' lang='lat' dir='ltr'>Mauretaniam</span> <span class='ocrx_word' id='word_1_296' title='bbox 1165 3288 1356 3350; x_wconf 76' lang='lat' dir='ltr'>scripsi</span> <span class='ocrx_word' id='word_1_297' title='bbox 1498 3282 1911 3347; x_wconf 81' lang='lat' dir='ltr'>praefecturam</span> <span class='ocrx_word' id='word_1_298' title='bbox 1955 3282 2021 3331; x_wconf 93' lang='lat' dir='ltr'><em>M</em></span> <span class='ocrx_word' id='word_1_299' title='bbox 2162 3283 2225 3330; x_wconf 81' lang='lat'>21</span> 
     </span>
    </p>
   </div>
   <div class='ocr_carea' id='block_1_4' title="bbox 285 3349 2236 3549">
    <p class='ocr_par' dir='ltr' id='par_1_18' title="bbox 285 3349 2236 3549">
     <span class='ocr_line' id='line_1_37' title="bbox 289 3349 2236 3418; baseline 0 -20"><span class='ocrx_word' id='word_1_300' title='bbox 289 3349 563 3414; x_wconf 87' lang='lat' dir='ltr'>dacieque</span> <span class='ocrx_word' id='word_1_301' title='bbox 605 3351 657 3399; x_wconf 90' lang='lat' dir='ltr'><em>B</em></span> <span class='ocrx_word' id='word_1_302' title='bbox 844 3369 969 3404; x_wconf 84' lang='lat' dir='ltr'>mox</span> <span class='ocrx_word' id='word_1_303' title='bbox 1022 3354 1305 3404; x_wconf 86' lang='lat' dir='ltr'>alanorum</span> <span class='ocrx_word' id='word_1_304' title='bbox 1347 3352 1399 3402; x_wconf 89' lang='lat' dir='ltr'><em>B</em></span> <span class='ocrx_word' id='word_1_305' title='bbox 1420 3351 1545 3400; x_wconf 91' lang='lat' dir='ltr'>VM</span> <span class='ocrx_word' id='word_1_306' title='bbox 1592 3349 1975 3399; x_wconf 85' lang='lat' dir='ltr'>roxolanorum</span> <span class='ocrx_word' id='word_1_307' title='bbox 2020 3350 2143 3400; x_wconf 78' lang='lat' dir='ltr'>libri</span> <span class='ocrx_word' id='word_1_308' title='bbox 2168 3349 2236 3418; x_wconf 61' lang='grc' dir='ltr'>,Ο</span> 
     </span>
     <span class='ocr_line' id='line_1_38' title="bbox 285 3417 2231 3549; baseline 0.002 -83"><span class='ocrx_word' id='word_1_309' title='bbox 285 3417 696 3549; x_wconf 51' lang='grc' dir='ltr'>ξιοέιῖείιίἱῗηοτιιῐη</span> <span class='ocrx_word' id='word_1_310' title='bbox 720 3424 909 3486; x_wconf 74' lang='lat' dir='ltr'>scripsi</span> <span class='ocrx_word' id='word_1_311' title='bbox 1017 3424 1084 3471; x_wconf 80' lang='lat'>24</span> <span class='ocrx_word' id='word_1_312' title='bbox 1107 3421 1327 3470; x_wconf 86' lang='lat' dir='ltr'>insidiis</span> <span class='ocrx_word' id='word_1_313' title='bbox 1349 3417 1421 3469; x_wconf 89' lang='lat' dir='ltr'>B¹</span> <span class='ocrx_word' id='word_1_314' title='bbox 1528 3421 1593 3467; x_wconf 80' lang='lat'>27</span> <span class='ocrx_word' id='word_1_315' title='bbox 1620 3418 1917 3481; x_wconf 74' lang='lat' dir='ltr'>fauenties&#39;s</span> <span class='ocrx_word' id='word_1_316' title='bbox 1939 3417 1991 3467; x_wconf 90' lang='lat' dir='ltr'><em>B</em></span> <span class='ocrx_word' id='word_1_317' title='bbox 2018 3418 2067 3480; x_wconf 87' lang='lat' dir='ltr'>(s</span> <span class='ocrx_word' id='word_1_318' title='bbox 2092 3434 2231 3470; x_wconf 73' lang='lat' dir='ltr'>eras·</span> 
     </span>
    </p>
   </div>
   <div class='ocr_carea' id='block_1_5' title="bbox 2512 837 2515 1552">
    <p class='ocr_par' dir='ltr' id='par_1_19' title="bbox 2512 837 2515 1552">
     <span class='ocr_line' id='line_1_39' title="bbox 2512 837 2515 1552; baseline 0 0"><span class='ocrx_word' id='word_1_319' title='bbox 2512 837 2515 1552; x_wconf 95' lang='lat' dir='ltr'> </span> 
     </span>
    </p>
   </div>
   <div class='ocr_carea' id='block_1_6' title="bbox 2513 1707 2515 3048">
    <p class='ocr_par' dir='ltr' id='par_1_20' title="bbox 2513 1707 2515 3048">
     <span class='ocr_line' id='line_1_40' title="bbox 2513 1707 2515 3048; baseline 0 0"><span class='ocrx_word' id='word_1_320' title='bbox 2513 1707 2515 3048; x_wconf 95' lang='lat' dir='ltr'> </span> 
     </span>
    </p>
   </div>
  </div>
 </body>
</html>
