2517 3884
304 147 435 210 280
520 146 755 197 INDEX
790 145 1138 196 NOMINVM
1174 145 1272 194 ΕΤ
1305 143 1564 194 RERVM
1598 141 2186 193 MEMORABILIVM

287 317 706 380 Hadrianopolis
728 315 902 367 Hadr.
937 315 1143 365 multas
1181 313 1318 364 ciui-

367 388 515 433 tates
553 382 865 448 appellauit
900 384 981 440 20,
1022 383 1101 434 16.

219 439 225 448 ’
298 453 751 502 Hadrianotheras
818 449 1078 515 oppidum
1142 449 1318 502 Hadr.

369 520 657 568 constitnit
692 520 777 580 21,
814 521 863 568 3.

290 589 602 638 Hadrianus
640 589 768 650 imp.
814 585 968 634 uita·
1002 585 1080 634 ab
1118 584 1316 634 Aelio

368 655 449 720 Sp
472 657 743 704 artiano
776 653 1060 718 'scripta
1104 652 1133 702 Ι
1191 669 1245 717 p.
1285 655 1317 702 3

365 723 518 783 —2Q.
568 747 636 758 —
686 722 809 782 178,
849 723 929 770 13.
991 723 1118 778 203,
1158 723 1207 770 9.
1266 721 1336 770 ΙΪ

369 791 484 853 174,
525 792 605 843 13.
646 790 760 849 175,
799 790 884 839 27.
922 787 1037 849 182,
1083 790 1163 837 11.
1200 789 1321 852 202,

366 861 447 910 13.
494 883 563 893 —
619 870 789 920 usque
852 855 923 904 ad
977 856 1326 905 Hadrianum

372 925 522 974 uitas
599 924 919 988 principum
991 923 1324 988 Spartianus

370 991 596 1057 scripsit
640 993 734 1053 27,
772 993 822 1041 6.
888 991 1187 1056 adoptione
1249 990 1323 1040 H.

364 1060 564 1109 Helius
586 1058 836 1108 familiae
849 1060 1157 1124 principum
1179 1059 1326 1107 asci-
1381 1103 1388 1116 ,

365 1133 454 1176 tus
476 1132 561 1177 est
585 1129 649 1176 27
666 1165 679 1185 ,
704 1129 784 1176 12.
805 1126 875 1174 Η.
898 1126 1188 1191 adoptauit
1206 1127 1320 1174 He-

353 1195 503 1245 >‘lium
539 1195 621 1253 36,
660 1197 752 1257 193
776 1197 875 1244 ¹30.
912 1195 997 1259 68,
1039 1197 1119 1248 18.
1149 1195 1232 1257 69,
1254 1197 1320 1255 33

368 1263 964 1380 {Smaissgiiuefi‘ffiffii
994 1264 1210 1380 ἕέἑῑῒέὲ
1236 1263 1327 1378 ’ἳέἶί

369 1397 657 1448 Heliorum
684 1398 973 1459 familiam,
1012 1397 1116 1448 hoc
1154 1401 1241 1447 est
1268 1397 1328 1446 in

371 1465 648 1514 Hadriani
708 1467 1077 1530 transcriptus
1126 1469 1184 1516 et
1228 1480 1326 1530 ap-

370 1531 617 1596 pellatus
638 1537 724 1582 est
747 1533 1049 1596 Caesar28,
1073 1534 1150 1583 18.
1178 1533 1328 1597 apud

370 1599 441 1648 H.
489 1600 688 1649 Helius
734 1599 961 1650 multum
1009 1602 1193 1651 ualuit
1238 1602 1325 1664 29,

378 1670 426 1718 5.
465 1667 536 1718 H.
574 1671 761 1716 tamen
796 1669 984 1716 statim
1012 1667 1328 1731 adoptionis

379 1734 659 1799 paenituit
694 1737 777 1795 29,
819 1736 899 1783 11.
940 1735 1119 1784 fertur
1156 1736 1227 1785 ab
1256 1738 1326 1798 is,

306 1822 311 1824 *
374 1803 468 1866 qui
526 1801 803 1850 Hadriani
849 1803 1023 1852 uitam
1086 1803 1327 1867 diligen-

371 1871 487 1919 tius
546 1871 605 1920 in
657 1869 904 1919 litteram
962 1871 1322 1933 rettulerunt,

369 1938 440 1990 H.
487 1938 621 1987 Veri
656 1939 832 1988 scisse
877 1939 1190 2003 genituram
1238 1940 1323 2002 29,

372 2007 454 2055 14.
498 2006 573 2055 Η.
620 2007 831 2070 peritus
876 2006 1192 2057 matheseos
1237 2009 1324 2072 29,

376 2076 460 2123 20.
510 2076 773 2138 speciosa
826 2069 1195 2124 [itteratorum
1238 2089 1326 2124 so-

375 2143 587 2191 cietate
632 2141 917 2206 gaudebat
951 2144 1043 2207 29,
1082 2143 1165 2192 28.
1206 2143 1326 2192 eius

372 2209 637 2258 iudicium
676 2210 740 2259 de
779 2211 898 2259 uita
932 2211 1067 2260 Veri
1112 2213 1226 2275 30,.
1260 2213 1321 2273 1;

376 2279 458 2327 11.
498 2280 582 2339 32,
624 2280 703 2329 10.
739 2276 1028 2328 Hadriano
1054 2278 1170 2328 kal.
1204 2278 1327 2330 Ian.

382 2345 580 2394 Helius
625 2361 724 2409 pro
774 2347 1069 2410 adoptione
1115 2349 1334 2411 gratias

382 2411 951 2544 :gergagplepggeffio
965 2416 1215 2530 ’uffan-337
1228 2417 1328 2544 ’3(2),

290 2583 295 2588 .
377 2544 462 2594 21.
502 2545 702 2595 Helius
736 2546 807 2596 H.
838 2548 1129 2611 acceptior
1150 2548 1330 2598 forma

379 2627 541 2677 quam
576 2613 815 2662 moribus
853 2616 937 2677 30,
965 2617 1051 2668 23.
1086 2615 1157 2665 Η.
1186 2631 1326 2664 sem-

378 2696 478 2746 per
506 2686 590 2730 est
613 2695 744 2729 usus
758 2683 1160 2732 tetrafarmaeo
1177 2685 1323 2746 (249,

389 2748 477 2811 12)
525 2761 625 2798 seu
669 2749 852 2812 potius
902 2751 1328 2815 pentafarmaco

337 2871 345 2878 ⁵
374 2819 459 2877 30,
487 2818 571 2866 32.
599 2816 672 2864 Η.
708 2828 807 2880 pro
835 2819 1137 2883 adoptione
1174 2818 1330 2869 Helii

378 2882 652 2931 infinitam
699 2885 992 2948 pecuniam
1029 2887 1233 2955 populo
1273 2892 1330 2937 et

380 2949 653 3000 militibus
704 2951 859 3001 dedit
892 2955 987 3017 32,
1054 2956 1105 3006 4.
1166 2970 1328 3018 prae-

380 3017 528 3067 fecto
581 3033 955 3070 successorem
1001 3021 1179 3078 dedit,
1230 3023 1326 3086 qui

375 3085 553 3134 uerba
642 3088 913 3148 quaedam
997 3087 1064 3138 de
1152 3089 1320 3139 Helio

372 3151 695 3215 prodiderat
742 3157 823 3216 32,
876 3158 959 3209 13.
1024 3157 1096 3207 Η.
1155 3159 1326 3206 etiam

374 3221 601 3270 uiuente
648 3223 793 3272 Vero
855 3223 1187 3274 decreuerat
1232 3225 1327 3289 qui

376 3287 721 3350 adoptandus
803 3296 953 3340 esset
1053 3294 1149 3354 32,
1243 3295 1326 3342 21.

372 3354 666 3417 adoptauit
700 3357 860 3406 Pium
896 3361 981 3420 32,
1010 3361 1091 3409 24.
1128 3359 1179 3406 11
1208 3361 1324 3420 147,

379 3421 459 3474 18.
498 3428 765 3487 pereunte
796 3425 971 3474 Helio
1008 3428 1067 3474 in
1102 3426 1326 3490 familia

368 3488 448 3543 H.
473 3496 821 3540 remanserat
831 3492 1094 3556 Verus33,
1114 3495 1159 3542 2.
1176 3495 1262 3557 69,
1273 3496 1324 3543 4.

1440 327 1576 376 quos
1611 312 1682 361 H.
1719 328 1824 376 per
1865 311 2076 362 malam
2119 311 2397 363 ualetudi-

1435 395 1564 430 nem
1610 379 1790 430 occidi
1836 380 2107 444 iusserat,
2145 395 2401 430 reserua-

1436 449 1528 498 uit
1557 447 1692 497 Pius
1725 447 1822 509 35,
1862 450 1945 498 13.
1992 448 2067 498 H.
2103 448 2242 498 Pius
2281 453 2398 512 post

1438 519 1668 565 mortem
1729 517 1929 564 contra
1990 517 2234 566 omnium
2289 521 2406 566 stu—

1440 584 1535 633 dia
1577 581 1828 632 infinitos
1871 583 2112 633 honores
2150 584 2398 634 decreuit

1439 653 1532 710 35,
1574 651 1654 700 15.
1716 653 1813 712 37,
1869 653 1950 704 16.
2001 653 2298 717 quominus
2333 653 2400 703 H.

1445 733 1507 768 se
1545 717 1897 768 interimeret
1932 719 2071 768 Pius
2105 719 2396 784 impediuit
2490 773 2491 778 ¹

1443 788 1539 850 35,
1603 789 1685 838 17.
1751 786 1888 835 Pius
1945 787 2098 836 inter
2147 792 2406 850 quattuor

1449 854 1796 915 consulareS,
1833 854 2036 918 quibus
2062 855 2236 904 Italia
2260 867 2392 904 com-

1447 920 1800 980 mittebatur,
1839 922 1910 972 ab
1949 922 2028 970 H.
2066 921 2284 972 electus
2321 928 2395 971 est

1447 985 1531 1052 35,
1568 991 1662 1050 24,
1684 989 1792 1052 ἱἰίῑει
1825 994 1892 1038 ut
1923 989 1996 1040 H.
2032 991 2142 1039 uiri
2177 991 2313 1040 talis
2347 995 2394 1038 et

1445 1058 1643 1108 honori
1712 1058 2030 1107 consuleret
2101 1061 2160 1106 et
2229 1058 2392 1121 quieti

1441 1127 1526 1187 35,
1563 1126 1647 1179 27.
1685 1125 1756 1173 Η.
1803 1125 2166 1176 simulacrum
2199 1125 2289 1176 dis
2311 1141 2394 1190 pe-

1444 1193 1667 1242 natibus
1715 1193 1966 1242 inserere
2013 1194 2259 1242 monitus
2321 1197 2396 1242 est

1445 1262 1577 1311 Pius
1623 1261 1715 1323 36,
1769 1262 1849 1312 11.
1909 1261 1970 1308 in
2021 1261 2096 1310 H.
2151 1261 2400 1311 consiliis

1447 1329 1710 1393 frequens
1745 1329 1894 1377 uixit
1929 1329 2086 1392 Pius,
2125 1329 2196 1378 de
2232 1329 2394 1379 omni-

1448 1396 1551 1446 bus
1572 1433 1585 1455 ‚
1658 1395 1857 1458 quibus
1916 1396 1991 1446 H.
2049 1396 2396 1457 consulebat,

1449 1465 1723 1515 mitiorem
1793 1464 2130 1517 sententiam
2216 1470 2390 1514 osten·

1449 1531 1586 1581 dens
1621 1533 1706 1594 26,
1736 1533 1836 1582 15..
1853 1531 1990 1580 Pius
2027 1532 2100 1583 ab
2123 1532 2193 1582 H.
2232 1533 2391 1597 adop·

1451 1604 1621 1659 tatus,
1663 1601 1795 1664 quia
1822 1600 2004 1648 soceri
2041 1601 2288 1664 uestigia
2323 1601 2398 1649 le·

1448 1683 1604 1736 uans·
1627 1667 1684 1716 in
1721 1671 1976 1717 senatum
2014 1669 2176 1717 uenit
2207 1670 2292 1730 36,
2316 1671 2388 1717 21.

1451 1750 1573 1784 cum
1613 1750 1734 1784 eum
1759 1735 1832 1786 H.
1871 1735 2145 1799 adoptare
2173 1735 2232 1787 se
2254 1735 2396 1785 uelle

1451 1802 1811 1868 publicasset,
1841 1809 2138 1868 acceptum
2167 1808 2253 1854 est
2275 1819 2390 1868 spa-

1447 1872 1585 1920 tium
1621 1869 1988 1932 deliberandi,
2018 1880 2204 1921 utrum
2245 1873 2392 1922 adro-

1447 1939 1572 2004 gari
1585 1937 1654 1987 ab
1665 1939 1736 1988 H.
1752 1937 1927 1988 uellet
1936 1939 2021 2000 36,
2034 1941 2120 1992 25.
2134 1938 2226 1990 lex
2238 1939 2390 2002 adop-

1446 2007 1616 2056 tionis
1629 2009 1712 2068 30,
1735 2007 1819 2055 28.
1843 2007 1926 2065 47,
1939 2008 2034 2067 23,
2055 2008 2139 2057 25.
2155 2007 2225 2057 ad
2237 2022 2389 2071 opera

1447 2075 1622 2127 Hadr.
1659 2072 1948 2138 plurimum
1990 2075 2228 2125 contulit
2269 2075 2390 2123 Pius

1450 2145 1531 2200 37,
1571 2144 1619 2192 9.
1669 2140 1990 2190 Hadrianus
2038 2142 2186 2206 apud
2232 2143 2390 2192 Baias

1452 2213 1694 2274 mortuus
1741 2211 1834 2270 37,
1881 2211 1967 2261 13.
2016 2210 2113 2273 48,
2164 2213 2244 2262 12.
2303 2209 2386 2258 cli·

1449 2293 1610 2343 psum
1647 2276 1782 2326 Pius
1819 2277 1888 2327 H.
1925 2279 2116 2342 posuit
2141 2282 2199 2327 et
2221 2293 2390 2331 sacer-

1457 2345 1611 2395 dotes
1671 2345 1916 2394 instituit
1969 2347 2064 2404 37,
2115 2347 2200 2395 21.
2269 2346 2394 2394 Pius

1453 2414 1582 2478 imp.
1622 2413 1808 2462 factus
1844 2412 1986 2462 nulli
2025 2427 2234 2477 eorum,
2271 2427 2392 2478 quos

1451 2481 1522 2529 H.
1608 2484 1968 2545 prouexerat,
2025 2495 2388 2531 successorem

1451 2547 1602 2598 dedit
1637 2550 1732 2612 37,
1771 2550 1853 2600 23.
1893 2562 2030 2612 quos
2065 2549 2140 2598 Η.
2179 2549 2389 2598 damna-

1448 2622 1638 2679 uerat,
1686 2616 1812 2665 Pius
1848 2617 1906 2665 in
1941 2620 2148 2666 senatu
2181 2618 2390 2667 ueniam

1447 2685 1605 2748 petit,
1645 2683 1862 2745 dicenS,
1905 2684 2073 2734 etiam
2112 2686 2290 2749 ipsum
2325 2684 2390 2732 H.

1451 2751 1558 2801 hoe
1615 2751 1788 2801 fuisse
1849 2751 2131 2801 facturum
2199 2754 2292 2814 38,
2345 2754 2386 2799 4.

1451 2819 1716 2884 templum
1751 2819 1824 2867 H.
1865 2835 1899 2868 a
1933 2819 2038 2869 Pio
2073 2819 2286 2870 Romae
2317 2818 2386 2867 di-

1452 2891 1636 2936 catum
1671 2889 1753 2944 39,
1792 2888 1875 2937 25.
1937 2887 2008 2935 Η.
2049 2886 2388 2953 sepulchrum

1448 2968 1583 3019 opus
1619 2955 1710 3002 Pii
1745 2956 1829 3016 39,
1871 2956 1954 3004 27.
1990 2954 2392 3004 Pharasmanes

1446 3021 1551 3071 Pio
1586 3021 1710 3086 plus
1746 3021 1947 3072 detulit
1992 3037 2158 3087 quam
2193 3023 2267 3072 H.
2313 3025 2385 3080 41,

1451 3091 1501 3139 1.
1564 3091 1815 3140 Marcum
1873 3091 2102 3140 uocauit
2171 3091 2388 3139 Annium

1445 3157 1778 3207 Verissimus
1823 3160 1918 3222 45,
1973 3159 2021 3208 7.
2068 3159 2166 3220 46,
2203 3161 2283 3209 24.
2339 3159 2388 3205 in

1446 3225 1516 3274 H.
1555 3227 1765 3290 gremio
1806 3226 2074 3274 educatus
2122 3231 2211 3274 est
2255 3225 2386 3274 Mar·

1449 3307 1546 3341 cus
1589 3294 1686 3356 46,
1726 3294 1808 3341 24.
1873 3309 1940 3342 ex
1984 3292 2057 3344 H.
2107 3293 2388 3342 uoluntate

1445 3358 1640 3410 Marco
1675 3359 2015 3424 desponsata
2052 3363 2141 3408 est
2175 3357 2294 3410 filia
2329 3359 2388 3410 L.

1447 3426 1665 3487 Ceionii
1726 3427 2019 3476 Commodi
2078 3430 2176 3491 47,
2233 3429 2282 3478 3.
2336 3427 2388 3474 in

1451 3495 1726 3544 conuiuiis
1794 3495 1866 3544 Η.
1937 3494 2195 3556 Marcus,
2277 3509 2386 3544 cum
