2517 3884
705 201 1092 260 HAnmAst.
1153 202 1206 258 c.
1239 205 1479 260 21—-23,
2060 196 2145 264 23

213 378 620 450 aegrotantem
660 369 994 432 Hadrianus
1032 371 1258 448 inpune
1300 388 1421 430 non
1464 369 1896 440 admitteretur,
1943 373 2139 449 suspi-

215 454 488 518 cionibus
519 455 837 523 adductus,
885 463 944 515 et
975 454 1183 516 eodem
1216 455 1395 516 modo
1428 462 1487 514 et
1516 455 1867 516 Terentium
1899 455 2138 517 Gentia-
2179 464 2211 512 5

213 559 386 609 num,
422 549 480 601 et
511 539 674 602 hunc
703 539 1151 606 uehementius,
1187 539 1345 617 quod
1379 559 1412 599 a
1443 548 1651 602 senatu
1683 539 1847 619 diligi
1875 548 2019 601 tunc
2050 543 2139 600 ui-

212 625 405 687 debat.
475 643 686 686 omnes
728 632 1066 703 postremo,
1110 625 1184 685 de
1229 643 1486 704 quorum
1527 617 1786 704 imperio
1838 627 2139 703 cogitauit,
2180 633 2212 681 6

161 724 189 764 ⁵
215 712 383 789 quasi
413 711 650 772 futuros
680 712 1078 788 imperatores
1109 709 1439 770 detestatus
1471 717 1580 770 est.
1654 717 1713 770 et
1742 727 1981 770 onmem
2012 712 2142 787 qui·
2180 718 2211 768 ‘1

211 797 346 857 dem
379 796 503 858 uim
535 793 906 856 crudelitatis
946 795 1248 873 ingenitae
1291 811 1487 872 usque
1529 812 1601 854 eo
1631 796 1923 873 repressit
1953 795 2145 856 donec

207 883 268 941 in
311 879 458 942 uilla
499 878 814 940 Tiburtina
857 879 1156 957 profluuio
1199 881 1506 958 sanguinis
1556 897 1747 958 paene
1793 879 1865 940 ad
1922 881 2143 940 exitum
2300 953 2308 961 -

209 966 393 1028 uenit.
431 972 576 1026 tunc
605 963 796 1026 libere
827 964 1187 1024 Seruianum
1229 966 1403 1041 quasi
1432 963 1856 1026 adfectatorem
1886 965 2141 1044 imperi-i,
2180 973 2213 1022 8

209 1048 369 1128 quod
413 1050 613 1110 seruis
655 1050 816 1127 regis
845 1052 1090 1110 caenam
1125 1050 1415 1117 misisset,
1458 1049 1618 1128 quod
1658 1050 1719 1110 in
1765 1047 1938 1109 sedili
1977 1049 2143 1126 regio

139 1147 186 1187 ιο
209 1137 372 1196 iuxta
416 1123 668 1196 lectu?
679 1135 876 1214 posito
919 1133 1202 1203 sedisset,
1247 1132 1407 1214 quod
1452 1141 1688 1195 erectus
1736 1133 1807 1194 ad
1858 1135 2145 1194 stationes

207 1219 464 1280 militum
525 1237 708 1280 senex
761 1220 1204 1296 nonagenarius
1254 1219 1678 1297 processisset,
1742 1219 1899 1278 mori
1948 1219 2145 1295 coegit

207 1303 414 1366 multis
443 1302 572 1366 aliis
600 1304 930 1364 interfectis
963 1302 1058 1364 uel
1083 1311 1291 1383 aperte
1321 1302 1420 1362 uel
1456 1320 1566 1380 per
1596 1301 1861 1363 insidias
1903 1301 2143 1381 quando
2180 1311 2213 1358 9

207 1388 450 1467 quidem
484 1390 663 1449 etiam
695 1386 913 1449 Sabina
931 1405 1094 1448 ‚uxor
1123 1406 1244 1448 non
1277 1389 1407 1448 sine
1436 1385 1632 1449 fabula
1665 1388 1888 1448 ueneni
1917 1385 2041 1447 dati
2069 1384 2145 1446 ab

207 1473 512 1534 Hadriano
543 1473 824 1534 defuncta
853 1481 962 1534 est.

15 1541 30 1566 ⁵
135 1571 184 1610 15
335 1558 510 1620 Tunc
533 1557 844 1619 Ceionium
869 1557 1282 1625 Commodum,
1316 1557 1549 1634 Nigrini
1578 1573 1871 1633 generum
1900 1555 2142 1616 insidia·
2185 1567 2249 1615 10

207 1644 358 1704 toris
389 1643 708 1720 quondam,
744 1641 856 1704 sibi
885 1643 1076 1703 forma
1107 1640 1583 1723 commendatum
1616 1641 1899 1720 adoptare
1923 1641 2143 1705 consti-

208 1730 344 1790 tuit.
393 1727 698 1806 adoptauit
731 1745 874 1806 ergo
905 1727 1215 1789 Ceionium
1247 1725 1641 1787 Commodum
1675 1727 1894 1786 Verum
1937 1726 2143 1786 inuitis
2183 1736 2245 1784 11

206 1812 491 1874 omnibus
523 1829 778 1890 eumque
808 1811 1046 1872 Helium
1079 1813 1300 1872 Verum
1332 1811 1648 1872 Caesarem
1678 1809 2017 1889 appellauit.
2066 1807 2143 1870 ob
2184 1820 2248 1871 12

209 1899 384 1959 euius
415 1897 794 1977 adoptionem
825 1895 1000 1958 ludos
1030 1896 1333 1957 circenses
1374 1895 1537 1957 dedit
1566 1903 1626 1956 et
1644 1894 2003 1956 donatiuum
2034 1911 2143 1973 po-

133 1995 184 2036 20
209 1982 352 2062 pulo
384 2001 454 2044 ac
484 1980 772 2043 militibus
817 1980 1115 2060 expendit.
1176 1997 1354 2058 quem
1396 1988 1679 2059 praetura
1718 1978 2037 2039 honor-anit
2076 1996 2147 2039 ac
2185 1993 2249 2042 13

211 2069 408 2129 statim
442 2067 766 2128 Pannoniis
794 2067 1060 2146 inposuit
1105 2065 1347 2126 decreto
1377 2063 1691 2126 consulatu
1726 2081 1863 2124 cum
1894 2064 2145 2140 sumpti·-

211 2153 344 2213 bus.
406 2151 673 2212 eundem.
692 2151 1085 2213 Commodum
1129 2149 1395 2211 secundo
1440 2147 1747 2210 consulem
1790 2147 2141 2225 designauit.

212 2255 390 2315 quem
433 2255 571 2298 cum
613 2238 812 2297 minus
857 2253 1069 2296 sanum
1109 2233 1378 2303 uideret,
1422 2234 1771 2312 saepissime
1816 2232 2139 2293 dictitauit:
2184 2244 2249 2293 14

121 2337 174 2388 „s
214 2322 325 2392 „ln
369 2321 658 2383 caducum
700 2323 988 2400 parietem
1041 2337 1154 2381 nos
1205 2318 1625 2379 inclinauimus
1666 2325 1726 2378 et
1774 2315 2144 2396 perdidimus
2252 2350 2257 2356 -

141 2419 188 2459 25
215 2415 427 2484 quater
467 2405 660 2467 milies
702 2406 1075 2472 sestertium,
1125 2403 1284 2482 quod
1327 2403 1549 2484 populo
1594 2410 1652 2462 et
1690 2401 1979 2463 militibus
2030 2420 2144 2480 pro

216 2491 534 2570 adoptione
577 2490 885 2552 Commodi
924 2489 1217 2550 dedimus.
1231 2497 1271 2520 “
1344 2487 1703 2549 Commodus
1746 2495 1946 2548 autem
1996 2503 2143 2564 prae
2187 2500 2251 2549 15

217 2575 562 2638 ualetudine
621 2593 734 2636 nec
786 2577 1004 2654 gratias
1055 2573 1298 2653 quidem
1350 2574 1414 2633 in
1464 2581 1685 2633 senatu·
1725 2589 1905 2650 agere
1950 2571 2144 2649 potuit

137 2687 143 2694 ·
215 2659 516 2723 Hadriano
546 2659 618 2721 de
651 2660 987 2739 adoptione.
1049 2658 1308 2736 denique
1338 2665 1582 2736 accepto
1623 2655 1847 2734 largius
1879 2654 2143 2716 antidoto
2187 2666 2252 2715 16

214 2746 670 2821 ingrauescente
700 2744 1042 2806 ualetudine
1072 2762 1183 2822 per
1211 2761 1490 2805 somnum
1520 2743 1677 2821 perit
1706 2742 1853 2820 ipsis
1874 2737 2147 2801 kalendis

146 2839 192 2878 ³⁰
216 2827 519 2890 Ianuariis,
599 2844 784 2905 quare
825 2827 902 2890 ab
931 2828 1232 2889 Hadriano
1278 2835 1555 2888 uotorum
1600 2844 1777 2888 causa
1814 2823 2012 2902 lugeri
2057 2830 2149 2882 est

318 3048 346 3096 1
381 3046 735 3096 amitteretur
763 3045 982 3097 BPVM
1119 3047 1152 3096 2
1185 3045 1461 3096 adductus
1496 3048 1581 3095 est
1614 3041 1835 3094 BPVM
1874 3039 2154 3092 adductus

219 3119 274 3162 et
301 3115 521 3168 Jordan.
623 3117 654 3165 5
679 3113 868 3165 futuro
891 3112 1032 3164 B¹P¹
1174 3115 1206 3162 6
1231 3113 1479 3178 ingenite
1504 3112 1556 3162 B
1580 3109 1908 3176 ingenilltae
1935 3110 1985 3159 P
2118 3109 2150 3157 7

220 3196 359 3244 pene
383 3181 490 3232 BP
619 3183 652 3232 9
679 3197 937 3232 scaenam
961 3181 1126 3233 BPV
1119 3181 1182 3231 M
1213 3184 1457 3230 strenam
1481 3179 1717 3245 Scaliyer
1855 3178 1919 3227 10
1954 3177 2153 3226 statio-

219 3264 306 3298 res
329 3248 400 3298 B¹
544 3252 606 3299 12
643 3254 838 3316 aparte
863 3249 932 3300 P¹
1074 3251 1138 3300 13
1169 3247 1377 3314 pabula.
1401 3245 1476 3297 Β2
1614 3247 1677 3296 16
1712 3246 1797 3296 sui
1822 3245 1947 3310 Rey.
2090 3244 2154 3292 17

219 3317 526 3368 cneionium
549 3317 601 3367 B
738 3319 802 3368 18
827 3317 899 3368 ad
924 3317 1095 3367 alium
1118 3316 1168 3367 B
1201 3316 1276 3365 ad
1298 3317 1399 3367 del.
1424 3313 1500 3364 B²
1638 3317 1701 3364 19
1735 3311 2156 3377 adoptationem

219 3383 270 3431 B
405 3387 472 3436 20
505 3389 731 3451 pretura
767 3385 815 3434 B
951 3388 1016 3435 21
1062 3382 1385 3435 consulatus
1417 3382 1587 3433 BPM
1624 3385 1853 3432 senatus
1898 3376 2153 3444 consulto

221 3451 452 3501 eundem
484 3453 536 3501 V
655 3456 722 3503 23
748 3453 987 3503 dictauit
1021 3453 1072 3501 V
1187 3454 1254 3501 25
1280 3449 1481 3500 millies
1505 3452 1555 3501 P
1662 3450 1728 3498 28
1753 3446 1951 3497 hadria.
1976 3444 2051 3494 Β1

219 3519 284 3568 29
307 3519 718 3585 ingrauiscente
747 3520 816 3570 Β1
957 3521 1122 3586 periit
1147 3519 1221 3568 B²
