2517 3884
10 725 15 930 l

609 165 1003 222 ALEXANDER
1045 165 1359 222 SEVERVS.
1449 166 1501 222 C.
1548 169 1785 224 32—35.
2024 159 2151 224 25].

219 339 278 391 et
321 332 626 392 moriones
666 339 723 392 et
765 330 1007 393 uocales
1052 332 1349 394 exsoletos
1393 340 1451 394 et
1493 335 1691 393 omnia
1724 340 2058 394 acroamata
2092 341 2152 394 et

215 417 617 496 pantomimos
641 417 866 497 populo
899 417 1172 486 donanim
1223 419 1327 494 qui
1369 424 1567 479 autem
1608 420 1744 497 usui
1786 437 1909 480 non
1957 425 2146 487 erant,

214 501 466 580 singulis
497 501 836 563 ciuitatibus
865 504 1100 582 putauit
1131 501 1375 564 alendos
1406 502 1692 581 singuloS,⁴
1722 521 1799 564 ne
1822 521 2149 582 grauaren-

212 593 310 648 tur
339 589 542 665 specie
572 586 1004 648 mendicorum.
1083 587 1421 658 eunuchoS,
1466 605 1616 664 quos
1646 587 2061 667 Heliogabalus
2094 595 2154 649 et
2188 599 2221 646 3

161 687 190 726 5
217 674 278 732 in
353 669 618 732 consiliis
661 672 936 752 turpibus
988 670 1246 733 habebat
1306 678 1365 732 et
1416 673 1842 752 premonebat,
1906 674 2153 735 donauit

213 758 422 818 amicis
453 756 652 818 addito
685 757 896 835 elogio,
929 765 1012 827 ut,
1047 759 1099 818 si
1129 775 1252 818 non
1282 757 1582 818 redissent
1612 757 1685 818 ad
1716 759 1905 820 honos
1930 776 2148 828 moreS,

215 841 460 902 eosdem
502 841 711 903 liceret
755 843 946 904 occidi
987 844 1117 904 sine
1162 844 1515 904 auctoritate
1563 843 1785 904 iudicii.
1867 843 2152 904 mulieres
2187 853 2221 900 4

211 928 494 997 infames,
567 945 820 1007 quarum
887 928 1184 990 infinitum
1255 939 1576 989 numerum
1648 928 2149 1007 deprehenderat,

213 1011 510 1090 publicari
549 1014 752 1083 iussit,
797 1011 1082 1074 exsoletis
1123 1013 1399 1073 omnibus
1444 1013 1807 1092 deportatis,
1852 1012 2151 1090 aliquibus

135 1115 186 1154 ιο
218 1098 398 1158 etiam
426 1098 736 1176 naufragio
766 1099 998 1167 mersis,
1047 1117 1184 1159 cum
1214 1097 1433 1176 quibus
1462 1097 1560 1160 illa
1594 1097 1793 1159 clades
1825 1103 2149 1158 consuetu-

213 1181 413 1242 dinem
435 1181 728 1245 habuerat
757 1183 1249 1244 funestissimam.
1280 1189 1549 1244 auratam
1580 1190 1814 1243 uestem
1844 1184 2149 1244 ministro·
2190 1193 2223 1241 5

211 1285 348 1328 rum
382 1267 482 1328 uel
508 1269 574 1328 in
603 1267 846 1347 publico
905 1267 1185 1330 conuiuio
1243 1267 1449 1330 nullus
1507 1267 1735 1328 habuit.
1814 1285 1955 1329 cum
1993 1269 2153 1328 inter
2190 1277 2223 1325 6

214 1371 358 1414 suos
389 1355 848 1422 conuiuaretur,
875 1359 978 1414 aut
1007 1352 1326 1432 leianum
1360 1361 1462 1414 aut
1504 1353 1711 1414 doctos
1742 1352 2019 1414 homines
2050 1352 2151 1412 ad-

211 1436 485 1508 hibebat,
533 1445 601 1498 ut
629 1437 882 1499 haberet
910 1436 1137 1500 fabulas
1165 1437 1493 1508 litterataS,
1541 1437 1759 1519 quibus
1788 1457 1853 1498 se
1882 1439 2153 1500 recreari

133 1539 186 1582 15
212 1521 446 1584 dicebat
477 1531 536 1583 et
563 1525 746 1603 pasci.
825 1522 1109 1593 habebat,
1129 1541 1267 1584 cum
1295 1525 1581 1603 priuatim
1614 1525 2057 1604 conuiuaretur,
2096 1530 2154 1583 et
2190 1533 2222 1582 7

207 1607 430 1668 librum
469 1609 532 1668 in
572 1627 782 1670 mensa
825 1617 883 1669 et
911 1607 1176 1686 legebat,
1213 1608 1321 1669 sed
1352 1608 1579 1670 Graece
1608 1611 1816 1687 magis·
1882 1607 2154 1688 [Latinos

210 1700 409 1754 autem
449 1700 662 1772 poetas
704 1692 1056 1774 lectitabat]
1145 1693 1384 1772 publica
1426 1696 1706 1755 conuiuia
1752 1711 1820 1754 ea
1862 1687 2147 1773 simplici·
2189 1705 2220 1754 8

209 1786 330 1838 tate
375 1780 496 1856 egit
536 1795 652 1856 qua
693 1780 955 1858 priuata,
1017 1780 1133 1838 nisi
1177 1779 1339 1855 quod
1390 1797 1677 1840 numerus
1708 1778 2155 1840 accubitionum

211 1863 524 1924 crescebat
555 1870 616 1924 et
643 1863 958 1926 multitudo
991 1864 1403 1932 conuiuarum,
1442 1879 1555 1940 qua
1588 1863 1689 1924 ille
1714 1863 2149 1930 offendebatur,

135 1967 191 2007 20
218 1947 441 2018 dicens,
474 1967 538 2008 se
567 1950 631 2008 in
654 1949 890 2009 theatro
923 1956 983 2009 et
1012 1950 1174 2010 circo
1205 1948 1591 2011 manducare.
1621 1957 1627 1962 ’

335 2032 622 2096 Oratores
682 2042 742 2095 et
797 2042 1006 2112 poetas
1065 2051 1192 2094 non
1249 2032 1363 2093 sibi
1423 2034 1818 2112 panegyricos
1860 2033 2145 2100 dicentes,
2168 2029 2253 2095 35

211 2118 366 2198 quod
399 2118 676 2198 exemplo
706 2119 874 2197 Nigri
903 2119 1220 2180 Pescennii
1260 2116 1509 2178 stultum
1551 2115 1836 2186 ducebat,
1901 2116 2007 2178 sed
2052 2122 2153 2176 aut

211 2205 515 2266 orationes
545 2205 866 2267 recitantes
909 2210 1014 2265 aut
1042 2203 1195 2264 facta
1225 2209 1504 2263 ueterum
1564 2208 1847 2262 canentes
1889 2201 2150 2262 libenter

211 2288 468 2359 audiuit,
529 2287 811 2350 libentius
853 2296 1087 2358 tamen,
1151 2288 1204 2350 si
1245 2289 1381 2365 quis
1424 2289 1481 2348 ei
1520 2289 1800 2349 recitauit
1827 2285 2153 2348 Alexandri

133 2393 187 2435 25
212 2373 408 2452 Magni
439 2373 646 2436 laudes
676 2381 778 2435 aut
808 2372 1124 2450 meliorum
1176 2381 1344 2434 retro
1386 2373 1729 2452 principum
1772 2379 1874 2433 aut
1904 2388 2147 2449 magno-

211 2477 348 2518 rum
378 2456 548 2518 urbis
576 2458 803 2519 Romae
835 2460 1125 2520 uirorum.
1204 2457 1278 2518 ad
1308 2457 1681 2518 Athenaeum
1713 2454 2148 2518 audiendorum
2186 2470 2219 2517 2

211 2550 272 2611 et
291 2543 662 2605 Graecorum
693 2550 754 2603 et
769 2542 1115 2604 Latinorum
1146 2541 1461 2604 rhetorum
1494 2542 1591 2603 uel
1620 2549 1935 2622 poetarum
1968 2559 2148 2602 causa

209 2627 559 2708 frequenter
585 2630 902 2708 processit.
979 2628 1209 2688 audiuit
1253 2635 1453 2690 autem
1497 2629 1675 2690 etiam
1704 2627 1979 2688 forenses
2012 2643 2145 2686 ora·
2188 2642 2221 2688 3

209 2719 374 2775 tores
433 2729 651 2774 causas.
688 2715 1042 2782 recitantes,
1105 2731 1252 2792 quas
1296 2712 1395 2774 uel
1435 2712 1595 2793 apud
1634 2715 1831 2792 ipsum
1872 2711 1971 2772 uel
2002 2710 2159 2790 apud

261 2999 266 3003 .
313 2950 340 2998 1
382 2953 440 3000 et
467 2949 714 3001 exoletos
737 2949 780 3000 S
940 2953 1223 3000 acromate
1247 2950 1317 2999 M
1472 2951 1503 2999 2
1537 2949 1904 3014 pantamimos
1928 2948 2031 2998 BP

213 3016 447 3083 populos
470 3015 598 3066 BP¹
759 3019 792 3067 6
818 3016 1020 3082 eliogio
1044 3017 1148 3068 BP
1284 3019 1317 3068 8
1350 3015 1565 3069 finitum
1598 3015 1749 3068 B¹P¹
1787 3034 1923 3068 corr.
1951 3013 2029 3066 1²⁸

215 3087 278 3136 13
301 3090 365 3134 ut
388 3084 676 3151 ulpianum
697 3085 801 3134 BP
939 3087 1005 3135 14
1030 3085 1210 3135 creari
1233 3085 1338 3134 BP
1347 3083 1363 3117 ¹
1390 3101 1528 3136 corr.
1554 3083 1634 3134 P⁸
1762 3086 1826 3134 16
1851 3085 2089 3136 Latinos
2115 3099 2167 3134 a.

215 3167 266 3218 p.
301 3153 600 3204 lectitabat
626 3154 828 3206 Iordan
862 3155 962 3206 del.
1115 3155 1178 3203 1⁷
1215 3152 1439 3219 publico
1472 3153 1642 3203 BPM
1774 3153 2034 3203 conuiuio
2058 3168 2093 3202 a
2117 3151 2171 3200 B

215 3221 509 3272 conuiuiae
545 3236 578 3270 a
611 3223 662 3271 P
693 3219 1001 3284 conuiuiafl
1032 3236 1146 3272 exc.
1187 3223 1446 3272 conuiuio
1484 3236 1550 3271 ea
1582 3220 1650 3270 M
1807 3222 1870 3271 18
1908 3224 2035 3286 eget
2070 3219 2174 3269 BP

314 3289 724 3340 aeeumtionum
755 3288 862 3340 BP
901 3289 1300 3340 accubantium
1332 3289 1400 3339 M
1427 3305 1522 3340 em.
1557 3288 1599 3339 S
1744 3291 1809 3338 22
1844 3287 2070 3338 dicebat
2110 3287 2179 3336 M

319 3359 386 3406 23
409 3360 595 3406 uetert
620 3355 700 3408 Βι
842 3373 1008 3422 quam
1029 3358 1210 3407 netuli
1233 3358 1455 3407 ueniter
1477 3355 1606 3406 BP¹
1636 3355 1881 3420 (beniter
1905 3355 2005 3418 1²²)
2034 3369 2173 3419 quos

242 3429 377 3476 ante
399 3423 570 3475 retuli
591 3421 833 3484 libenter
854 3426 924 3476 M
941 3430 1211 3476 canentes
1231 3425 1479 3475 libenter
1501 3440 1595 3475 em.
1620 3425 1663 3474 S
1786 3425 1854 3476 25
1892 3423 2182 3474 hieborum

215 3493 316 3543 BP
342 3490 359 3525 ¹
386 3492 464 3556 (ut
487 3494 616 3558 uid.)
754 3496 821 3544 26
855 3491 948 3559 ad]
987 3497 1084 3544 aut
1107 3494 1160 3543 B
1308 3496 1374 3543 27
1409 3490 1709 3561 rhetorum]
1737 3497 2055 3558 praetorum
2077 3489 2183 3539 BP
