2517 3884
538 221 606 279 Μ.
650 222 802 278 ANT.
845 222 1312 298 PHILOSOPHVS.
1385 223 1441 279 C.
1474 227 1709 282 17—19.
1839 273 1842 276 .
2009 217 2096 283 59

178 393 356 446 morte
416 390 773 448 coniunctus
814 387 999 449 filium
1033 389 1420 450 Commodum
1465 389 1818 467 dereliquit:
1870 392 1997 468 qui,
2043 393 2094 452 si

174 471 303 532 felix
334 473 574 542 fuisset,
638 472 825 532 fllium
867 490 985 533 non
1028 474 1387 552 reliquisset.
1467 481 1526 534 et
1554 493 1764 554 parum
1810 493 1951 535 sane
1982 477 2093 536 fuit
2128 483 2162 532 5

174 557 322 636 quod
352 556 443 618 illi
474 557 736 618 honores
768 558 1005 618 diuinos
1038 561 1229 619 omnis
1260 568 1425 620 aetas
1457 561 1652 620 omnis
1685 577 1864 620 sexus
1895 563 2092 620 omnis

174 642 420 701 conditio
451 660 521 702 ac
550 643 806 720 dignitas
836 643 1029 711 dedit,
1072 645 1188 704 nisi
1219 643 1380 720 quod
1425 645 1602 704 etiam
1645 644 1971 722 sacrilegus
1999 647 2092 705 iu·

128 727 387 786 sdioatus
419 734 510 788 est
542 729 647 805 qui
678 730 806 788 eius
848 729 1166 806 imaginem
1207 730 1268 788 in
1315 747 1421 788 sua
1465 728 1640 789 domo
1686 747 1807 789 non
1867 729 2088 799 habuit,

170 813 260 890 qui
298 829 410 890 per
452 813 759 872 fortunam
800 812 898 872 uel
940 815 1134 890 potuit
1175 811 1398 873 habere
1430 812 1781 894 ueldebuit.
1831 813 2090 892 denique
2128 820 2160 868 6

168 895 459 975 hodieque
490 898 553 956 in
596 896 801 957 multis
842 896 1119 958 domibus
1160 897 1343 958 Marci
1375 900 1653 958 Antonini
1687 905 1914 959 statuae
1947 917 2089 958 con-

168 984 376 1042 sistunt
416 982 577 1041 inter
618 981 767 1042 deos
809 989 1072 1061 penates.
1137 999 1267 1041 nec·
1291 981 1612 1043 defuerunt
1653 982 1927 1042 homines
1985 985 2091 1062 qui
2129 991 2159 1039 7

166 1069 408 1126 somniis
442 1085 580 1139 eum
612 1065 795 1126 multa
825 1067 1196 1144 praedixisse
1228 1074 1591 1144 augurantes
1621 1068 1824 1128 futura
1855 1073 1916 1127 et
1947 1086 2092 1128 uera

104 1167 143 1204 ιο
165 1153 615 1212 concinuerunt.
693 1149 853 1212 unde
886 1151 1062 1211 etiam
1090 1151 1384 1229 templum
1418 1153 1474 1211 ei
1505 1153 1925 1221 constitutum,
1971 1151 2092 1213 dati
2127 1159 2160 1209 8

164 1236 507 1297 sacerdotes
548 1237 929 1296 Antoniniani
970 1244 1029 1296 et
1070 1235 1306 1296 sodales
1361 1242 1420 1296 et
1460 1235 1731 1318 flamines
1783 1242 1842 1296 et
1893 1239 2090 1296 omnia

162 1339 303 1400 quae
336 1320 418 1380 de
449 1323 701 1381 sac-ratis
733 1320 1003 1380 decreuit
1035 1322 1372 1399 antiquitas

274 1406 464 1466 Aiunt
496 1405 756 1482 quidam,
793 1405 951 1481 quod
986 1413 1043 1465 et
1073 1405 1398 1465 uerisimile
1422 1405 1682 1474 uidetur,
1701 1403 2091 1466 Commodum
2114 1397 2196 1461 19

156 1491 552 1558 Antoninum,
588 1508 999 1550 successorem
1038 1489 1199 1550 illius
1231 1508 1298 1549 ac
1332 1489 1544 1559 filium,
1591 1508 1713 1550 non
1749 1507 1882 1550 esse
1915 1490 1988 1549 de
2021 1509 2092 1550 eo

97 1589 138 1629 15
161 1583 365 1635 natum
396 1574 504 1634 sed
536 1574 610 1634 de
658 1574 979 1644 adulterio,
1030 1593 1099 1634 ac
1137 1573 1321 1634 talem
1363 1574 1640 1635 fabellam
1682 1574 1916 1652 uulgari
1960 1591 2085 1634 ser-
2125 1580 2157 1628 2

158 1675 333 1719 mone
378 1666 730 1728 contexunt,
766 1659 1109 1719 Faustinam
1148 1658 1478 1735 quondam,
1526 1660 1614 1721 Pii
1646 1659 1853 1728 filiam,
1907 1660 2091 1719 Marci

158 1754 428 1813 uxorem,
465 1761 600 1804 cum
632 1743 991 1821 gladiatores
1040 1745 1300 1804 transire
1331 1743 1610 1814 uidisset,
1660 1747 1838 1804 unius
1883 1761 1956 1804 ex
1997 1743 2091 1804 his

160 1845 363 1889 amore
392 1846 773 1898 succensam,
809 1847 945 1889 oum
975 1827 1152 1905 longa
1181 1828 1552 1906 aegritudine
1584 1828 1908 1898 laboraret,
1957 1830 2091 1889 uiro

160 1915 225 1974 de
280 1929 490 1974 amore
543 1914 897 1974 confessam.
976 1913 1133 1992 quod
1187 1931 1326 1973 cum
1369 1913 1440 1973 ad
1486 1913 1812 1974 Chaldaeos
1855 1913 2091 1973 Marcus
2126 1919 2160 1966 3

96 1998 505 2067 mrettulisset,
538 1997 779 2058 illorum
808 1999 996 2058 fuisse
1038 1997 1370 2066 consilium,
1417 2005 1483 2058 ut
1525 1999 1722 2058 occiso
1765 1997 2092 2076 gladiatore

156 2084 450 2160 sanguine
500 2082 662 2142 illius
716 2099 849 2144 sese
880 2083 1158 2144 Faustina
1212 2081 1559 2143 sublauaret
1617 2089 1794 2162 atque
1837 2083 1919 2142 ita
1951 2099 2090 2141 cum

156 2170 290 2228 uiro
324 2167 771 2232 concumberet.
848 2167 1005 2245 quod
1038 2185 1173 2228 cum
1206 2173 1364 2226 esset
1393 2168 1630 2236 factum,
1665 2165 1925 2227 solutum
1958 2167 2088 2244 qui·
2127 2171 2164 2218 4

158 2255 292 2312 dem
326 2269 615 2320 amorem,
661 2258 867 2312 natum
910 2269 1061 2312 uero
1093 2250 1492 2312 Commodum
1517 2250 1905 2329 gladiatorem
1937 2267 2087 2318 esse,

159 2355 275 2397 non
319 2337 679 2415 principem,
726 2339 831 2412 qui
860 2335 1023 2396 mille
1062 2352 1254 2415 prope
1303 2351 1532 2414 pugnas
1573 2334 1812 2414 publice
1865 2333 2090 2414 populo
2126 2341 2160 2390 5

93 2435 135 2475 25
156 2424 533 2500 inspectante
587 2420 963 2498 gladiatorias
1008 2423 1334 2501 imperator
1395 2417 1691 2489 exhibuit,
1756 2428 1821 2480 ut
1859 2422 1921 2480 in
1967 2421 2091 2480 uita

130 2509 285 2567 ·eius
330 2504 665 2566 docebitur.
745 2505 903 2585 quod
951 2505 1189 2582 quidem
1231 2503 1558 2565 uerisimile
1603 2523 1678 2565 ex
1725 2523 1795 2565 eo
1838 2503 2090 2565 habetur
2125 2509 2160 2557 6

156 2590 313 2670 quod
365 2598 489 2650 tam
546 2591 738 2650 sancti
788 2591 1077 2669 principis
1119 2589 1274 2650 filius
1313 2591 1365 2650 is
1406 2590 1672 2650 moribus
1712 2590 1824 2650 fuit
1877 2588 2092 2668 quibus

156 2675 352 2736 nullus
380 2674 616 2744 lanista,
649 2674 845 2735 nullus
884 2676 1210 2743 scaenicus,
1245 2673 1440 2734 nullus
1481 2673 1860 2744 harenariuS,
1895 2672 2094 2733 nullus

156 2767 469 2839 postremo
515 2777 587 2819 ex
620 2761 883 2820 omnium
915 2758 1274 2819 dedecorum
1308 2777 1376 2819 ac
1407 2759 1700 2819 scelerum
1734 2757 2090 2818 conluuione

90 2853 495 2906 aoconcretus.
572 2843 743 2903 multi
784 2851 977 2904 autem
1032 2845 1259 2913 ferunt,
1307 2839 1695 2904 Commodum
1741 2844 1984 2901 omnino
2018 2857 2089 2899 ex
2127 2848 2159 2897 ’1

161 2931 453 2991 adulterio
484 2935 707 2998 natum,
752 2931 803 2988 si
830 2928 1070 3006 quidem
1101 2929 1444 2988 Faustinam
1479 2930 1620 2988 satis
1663 2932 1896 2987 constet
1935 2923 2090 3003 apud

161 3015 423 3075 Caietam
454 3012 839 3074 condiciones
880 3011 993 3073 sibi
1036 3021 1097 3072 et
1134 3014 1398 3073 nauticas
1443 3020 1500 3072 et
1542 3011 1922 3090 gladiatorias
1969 3009 2089 3069 ele-

160 3102 332 3175 gisse.
416 3097 490 3158 de
534 3115 649 3175 qua
693 3117 829 3158 cum
870 3097 1165 3157 diceretur
1209 3098 1508 3157 Antonino
1549 3097 1779 3164 Marco,
1841 3102 1907 3154 ut
1960 3111 2090 3154 eam
2128 3102 2161 3150 8

162 3184 527 3262 repudiaret,
561 3185 610 3242 si
642 3199 763 3242 non
796 3181 1126 3251 occideret,
1162 3181 1385 3242 dixisse
1415 3181 1638 3240 fertur:
1690 3181 1779 3248 „si
1841 3196 2088 3239 uxorem

256 3405 321 3452 12
350 3406 579 3452 sacrata
604 3396 931 3450 B'sacratas
956 3399 1022 3451 Ρι
1162 3402 1225 3450 19
1252 3400 1511 3450 confessa
1539 3381 1587 3448 B
1725 3399 1797 3448 ad
1822 3414 1913 3448 om.
1941 3394 2009 3445 Ρ1

156 3470 385 3520 caldeos
408 3471 463 3519 P
620 3471 683 3518 21
711 3469 1031 3520 subleuaret
1056 3467 1217 3518 BPM
1377 3468 1464 3516 his
1490 3466 1656 3516 BPM
1680 3468 1728 3516 is
1751 3467 1940 3528 scripsi

154 3539 219 3587 29
247 3538 514 3588 decorum
538 3536 641 3586 BP
774 3551 882 3585 non
906 3537 1128 3586 luuione
1155 3534 1257 3584 BP
1390 3537 1453 3585 31
1481 3534 1734 3584 adultero
1762 3533 1864 3581 BP
