2517 3884
610 196 902 253 TYRANNI
947 194 1279 253 TRIGINTA.
1370 196 1424 253 C.
1471 200 1716 254 31-33.
2012 191 2126 256 121

1037 392 1301 459 TITVS

322 566 511 627 Docet
539 564 874 645 Dexippus,
919 584 1031 626 nec
1073 566 1451 627 Herodianus
1480 573 1639 627 tacet
1668 573 1995 645 omnesque
2027 570 2128 646 qui
2148 566 2231 629 32
2247 566 2318 651 {¹3

189 650 330 712 talia
362 650 617 729 legenda
647 652 908 729 posteris
937 649 1330 721 tradiderunt,
1375 651 1593 718 Titum,
1629 651 1935 713 tribunum
1968 652 2129 714 Mau-

190 754 434 805 rorum,
483 736 585 813 qui
616 755 646 797 a
678 736 997 797 Maximino
1027 737 1187 797 inter
1217 736 1489 815 priuatos
1519 735 1761 796 relictus
1791 738 2013 807 fuerat,
2060 740 2131 799 ti-

139 844 166 883 5
191 840 364 882 more
407 820 704 881 uiolentae
745 822 983 888 mortis,
1031 828 1096 881 ut
1136 820 1220 880 illi
1265 820 1497 890 dicunt,
1543 823 1799 881 inuitum
1832 841 1978 882 uero
2012 830 2071 883 et
2100 842 2133 884 a

187 905 484 967 militibus
528 911 828 974 coactum,
870 913 936 966 ut
963 904 1237 985 plerique
1280 905 1594 975 adserunt,
1639 908 2000 985 imperasse,
2042 916 2129 968 at-

187 1010 311 1069 que
344 990 507 1051 hunc
536 992 692 1051 intra
723 1008 948 1070 paucos
989 990 1116 1050 dies
1160 998 1297 1069 post
1326 990 1681 1072 uindicatam
1714 991 2131 1062 defectionem,

186 1095 370 1156 quam
417 1074 746 1137 consularis
787 1076 883 1137 uir
920 1074 1166 1153 Magnus
1197 1076 1516 1137 Maximino
1560 1083 1901 1154 parauerat,
1946 1097 1975 1137 a
2009 1080 2133 1138 suis

186 1159 482 1221 militibus
522 1162 968 1240 interemptum.
1043 1161 1375 1239 imperasse
1416 1167 1613 1221 autem
1656 1161 1963 1221 mensibus
2006 1181 2127 1223 sex.

111 1272 162 1309 10
188 1246 306 1307 fuit
346 1244 445 1305 hic
487 1246 584 1306 uir
624 1245 697 1306 de
738 1245 950 1324 primis
993 1263 1131 1323 erga
1176 1263 1305 1305 rem
1340 1264 1397 1324 p.
1432 1245 1593 1306 domi
1637 1246 1903 1322 forisque
1936 1246 2133 1307 lauda·
2169 1261 2201 1308 2

185 1330 348 1400 bilis,
383 1330 490 1390 sed
519 1331 581 1390 in
611 1331 869 1410 imperio
901 1348 1110 1408 parum
1144 1328 1307 1390 felix.
1346 1328 1446 1393 alii
1479 1329 1703 1399 dicunt,
1737 1329 1809 1389 ab
1839 1332 2135 1393 Armeniis
2170 1346 2201 1393 3

188 1416 547 1493 sagittariis,
597 1433 748 1495 quos
787 1415 1147 1475 Maximinus
1189 1422 1255 1475 ut
1284 1413 1717 1482 Alexandrinos
1747 1422 1807 1475 et
1836 1415 2045 1476 oderat
2077 1424 2134 1476 et

188 1499 556 1570 offenderat,
599 1500 933 1579 principem
965 1500 1205 1559 factum.
1283 1517 1395 1560 nec
1433 1500 1702 1569 mireriS,
1747 1506 1967 1560 tantam
2003 1520 2133 1561 esse
2170 1514 2203 1561 4

187 1586 545 1645 uarietatem
580 1584 652 1644 de
683 1584 946 1653 homine,
993 1585 1163 1645 cuius
1204 1585 1303 1643 uix
1336 1602 1555 1644 nomen
1586 1586 1951 1661 agnoscitur.
2010 1584 2130 1646 Hu·
2170 1600 2202 1647 5

113 1694 162 1733 15
186 1672 288 1729 ius
331 1687 486 1729 uxor
516 1669 834 1748 Calpurnia
866 1670 1006 1738 suit,
1058 1675 1263 1729 sancta
1306 1676 1365 1730 et
1404 1667 1766 1731 uenerabilis
1810 1670 2029 1731 femina
2061 1670 2133 1731 de

187 1772 421 1833 genere
453 1754 938 1821 Caesoninorum,
981 1754 1041 1813 id
1075 1760 1166 1814 est
1194 1754 1496 1823 Pisonum,
1530 1770 1707 1831 quam
1739 1756 1997 1816 maiores
2029 1774 2133 1815 no-

180 1840 304 1901 stri
334 1840 658 1915 uniuiriam
682 1838 1053 1901 sacerdotem
1080 1839 1239 1899 inter
1262 1839 1689 1899 sacratissimas
1721 1837 1971 1901 feminas
1993 1840 2131 1900 ado-

187 1932 435 1995 rarunt,
490 1925 658 1985 cuius
709 1929 959 1983 statuam
1004 1924 1064 1984 in
1106 1922 1329 2002 templo
1363 1924 1610 1985 Veneris
1641 1922 1834 1984 adhuc
1875 1924 2135 1985 uidimus

187 2008 545 2070 acrolitham
589 2007 695 2069 sed
737 2016 1025 2069 auratam.
1099 2006 1249 2068 haec
1292 2010 1543 2069 uniones
1575 2007 1997 2087 Cleopatranos
2031 2006 2133 2069 ha·
2172 2020 2203 2069 6

114 2118 164 2157 20
189 2095 400 2156 buisse
433 2092 804 2172 perhibetur,
849 2092 997 2154 haec
1027 2092 1259 2154 lancem
1292 2100 1531 2153 centum
1564 2090 1850 2153 librarum
1882 2096 2131 2170 argenti,

187 2180 365 2239 cuius
396 2178 669 2258 plerique
711 2186 924 2257 poetae
954 2179 1387 2247 meminerunt,
1434 2179 1495 2239 in
1533 2196 1648 2259 qua
1680 2179 1973 2238 maiorum
2009 2181 2135 2239 eius

189 2280 478 2345 expressa
511 2262 930 2323 ostenderetur
961 2262 1229 2323 historia.
1950 2276 1958 2285 ·

319 2348 587 2427 Longius
616 2347 762 2407 mihi
795 2348 1002 2408 uideor
1033 2349 1400 2426 processisse
1431 2365 1609 2426 quam
1639 2364 1740 2406 res
1768 2346 2128 2426 postulabat.
2168 2360 2198 2409 7

187 2432 298 2494 sed
331 2432 473 2511 quid
516 2433 766 2493 faciam?
817 2433 1061 2493 scientia
1102 2438 1358 2492 naturae·
1393 2431 1672 2493 facilitate
1714 2419 1975 2492 uerbosa
2020 2440 2126 2494 est.

24 2544 26 2547 ’
115 2542 166 2582 25
192 2535 386 2599 quare
428 2518 501 2577 ad
546 2517 942 2579 Censorinum
998 2524 1303 2587 reuertar,
1360 2516 1663 2577 hominem
1716 2516 1975 2577 nobilem
2027 2517 2130 2578 sed
2168 2528 2200 2579 8

191 2605 297 2681 qui
340 2620 460 2663 non
501 2609 619 2663 tam
661 2602 823 2665 hono
867 2620 1042 2682 quam
1075 2600 1233 2662 malo
1264 2602 1356 2662 rei
1390 2621 1447 2682 p.
1484 2605 1711 2681 septem
1746 2602 1956 2663 diebus
1987 2603 2129 2663 dici-

195 2696 298 2749 tur
327 2689 676 2767 imperasse.

891 2834 1456 2902 CENSORINVS

321 2983 440 3070 vir·
459 3008 636 3089 plane
669 3008 943 3069 militaris
977 3017 1034 3069 et
1065 3010 1343 3085 antiquae
1379 3010 1440 3068 in
1473 3008 1998 3086 curia‘dignitatis,
2044 3007 2135 3069 his
2150 3011 2233 3075 33

332 3180 364 3227 2
392 3177 689 3229 erodianus
714 3180 764 3227 P
906 3180 937 3227 3
962 3177 1221 3241 postieris
1246 3175 1328 3225 B¹
1474 3178 1508 3225 4
1531 3178 1781 3226 timorem
1804 3177 1972 3227 BPM
2103 3180 2135 3229 5

191 3244 422 3296 uolente
449 3246 553 3295 BP
563 3246 572 3274 ⁸
603 3244 762 3309 (corr.
792 3244 888 3308 1²³)
1028 3244 1126 3295 alii
1152 3246 1260 3295 PM
1406 3247 1438 3294 9
1462 3245 1795 3309 interempto
1821 3245 1925 3294 BP
2071 3249 2131 3294 11

190 3313 252 3363 in
277 3329 372 3362 om.
399 3314 468 3363 M
607 3328 786 3363 rarum
814 3314 863 3362 P
883 3320 918 3362 t.
948 3312 1094 3362 [ord.
1253 3315 1317 3362 14
1343 3313 1505 3377 guius
1532 3310 1602 3361 1²¹
1756 3314 1819 3361 16
1846 3314 2133 3362 cesonino-

190 3383 312 3429 ru'm
341 3380 442 3430 BP
485 3380 908 3430 Censorinorum
936 3381 994 3429 M
1157 3382 1219 3430 18
1250 3381 1503 3430 uidemus
1528 3381 1593 3431 M
1751 3382 1813 3430 19
1840 3380 2133 3430 acrolicam

191 3448 322 3499 B¹P
340 3446 628 3498 aclolicam
655 3446 736 3497 Β*
760 3448 1060 3513 argolicam
1086 3448 1148 3497 M
1171 3465 1260 3501 em.
1290 3448 1332 3497 S
1466 3451 1533 3499 23
1557 3448 1876 3518 postolabat
1900 3447 2005 3496 BP

189 3518 260 3567 24
287 3517 466 3566 omnis
491 3516 727 3565 scientia
753 3516 818 3565 M
