2517 3884
343 167 427 233 76
944 171 1285 228 TREBELLII
1323 169 1666 228 POLLIONIS

273 353 308 402 7
344 341 579 404 libidini
609 347 668 402 et
698 338 991 419 uoluptati
1034 357 1100 399 se
1130 337 1372 398 dedidit.
1440 337 1613 398 ludos
1655 338 1955 398 circenses
1994 336 2297 416 ludosque

346 427 685 496 scaenicos,
727 425 902 486 ludos
942 425 1279 504 gymnicos,
1327 421 1641 484 ludiariam
1684 422 1860 483 etiam
1902 424 2293 483 uenationem

346 520 406 574 et
445 511 620 573 ludos
663 509 1043 589 gladiatorios
1085 507 1250 568 dedit
1288 507 1698 590 populumque
1739 509 1911 584 quasi
1962 507 2287 570 uictoriali-

275 610 312 659 8
347 597 460 660 bus
500 596 714 658 diebus
757 594 830 656 ad
855 595 1253 656 ‘festiuitatem
1298 611 1367 655 ac
1408 592 1687 675 plausum
1730 593 1987 654 uocauit.
2051 600 2109 654 et
2152 610 2295 653 cum

343 683 620 763 plerique
643 682 832 763 patris
863 681 992 740 eius
1014 679 1421 758 captiuitatem
1448 686 1806 748 maererent,
1832 677 1935 738 ille
1960 679 2161 756 specie
2184 676 2291 738 de·
2347 690 2379 732 5

348 769 524 837 coriS,
571 766 731 844 quod
770 772 941 846 pater
973 764 1102 825 eius
1132 765 1377 825 uirtutis
1408 763 1607 824 studio
1638 763 1925 842 deeeptus
1955 762 2289 832 uideretur,

277 866 312 915 9
348 870 532 932 supra
575 849 820 912 modum
863 849 1115 912 laetatus
1157 856 1267 910 est.
1345 849 1654 910 constabat
1694 855 1923 919 autem,
1974 865 2293 909 censuram

343 937 613 1018 parentis
667 955 804 998 cum
854 937 1017 997 ferre
1066 951 1188 995 non
1239 935 1565 1013 potuisset,
1619 930 1893 996 uotiuum
1946 932 2032 994 illi
2082 934 2291 1002 fuisse,

347 1022 509 1100 quod
539 1023 934 1082 inminentem
965 1019 1301 1081 ceruicibus
1340 1020 1465 1081 suis
1494 1020 1849 1098 grauitatem
1882 1019 2138 1098 patriam
2166 1037 2292 1078 non

345 1107 613 1168 haberet.
2140 1168 2148 1176 ,
2295 1117 2379 1158 >10

269 1191 318 1256 4
473 1192 590 1254 Per
619 1191 780 1252 idem
813 1198 1052 1270 tempus
1081 1183 1447 1251 Aemilianus
1485 1188 1643 1268 apud
1670 1189 2002 1269 Aegyptum
2036 1189 2293 1268 sumpsit

345 1279 666 1357 imperium
721 1277 1148 1356 occupatisque
1188 1274 1427 1335 horreis
1470 1272 1655 1336 multa
1686 1273 1903 1353 oppida
1931 1273 2087 1335 malo
2118 1274 2293 1334 samis

275 1377 310 1424 2
345 1365 586 1442 pressit.
631 1361 738 1424 sed
769 1359 930 1421 hunc
961 1360 1082 1421 dux
1113 1359 1368 1420 Gallieni
1398 1358 1743 1420 Theodotus
1774 1358 2056 1420 conflictu
2086 1357 2291 1419 habito

348 1449 508 1527 cepit
547 1455 724 1527 atque
766 1445 1117 1525 imperatori
1155 1473 1174 1505 ·.
1195 1489 2286 1509 .............................

349 1578 496 1594 .....
529 1551 568 1592 u
600 1533 802 1592 uiuum
835 1531 1183 1592 transmisit.
1215 1533 1517 1610 Aegyptus
1544 1532 1700 1590 enim
1734 1576 1747 1589 .
1768 1567 1847 1591 ...
1868 1575 1913 1590 ..
1933 1572 1947 1590 .
1968 1575 2010 1588 ..
2032 1575 2047 1590 .
2069 1576 2081 1589 .
2172 1577 2185 1588 .
2206 1576 2219 1588 .
2239 1577 2252 1590 .
2276 1577 2290 1589 .
2322 1545 2379 1586 15

347 1617 480 1677 data
513 1623 606 1679 est
638 1663 652 1675 .
670 1661 683 1676 .
705 1662 718 1676 .
764 1616 1097 1676 Aemiliano
1131 1661 1177 1674 ..
1195 1661 1208 1674 .
1243 1634 1275 1674 a
1310 1660 1697 1675 ............
1745 1615 2297 1694 strangythebitinos

346 1700 567 1762 milites
601 1737 1301 1760 ....................
1339 1747 1351 1757 .
1385 1702 1574 1760 uitum
1618 1706 1709 1760 est
1742 1745 2288 1761 .................

345 1833 362 1847 .
383 1833 396 1846 .
414 1833 428 1846 .
448 1832 462 1846 .
479 1785 574 1846 rib
582 1804 813 1856 uS,cum
828 1784 1134 1846 Gallienus
1146 1787 1208 1845 in
1222 1783 1458 1846 luxuria
1474 1791 1531 1846 et
1544 1784 1903 1865 inprobitate
1914 1787 2290 1864 persisteret.

276 1885 312 1934 3
349 1888 608 1948 cumque
629 1870 909 1932 ludibriis
933 1876 993 1931 et
1020 1869 1370 1932 helluationi
1391 1878 1634 1932 uacaret
1657 1886 1852 1948 neque
1876 1869 2049 1932 aliter
2073 1889 2205 1931 rem
2227 1890 2289 1951 p.

347 1963 604 2035 gereret,
649 1973 828 2034 quam
861 1975 997 2017 cum
1027 1957 1200 2036 pueri
1229 1957 1463 2034 fingunt
1490 1974 1602 2035 per
1644 1955 1901 2016 ludibria
1940 1962 2289 2035 potestates,
2318 1973 2377 2014 20

347 2041 530 2112 Galli,
577 2041 794 2120 quibus
833 2043 1081 2102 insitum
1115 2049 1203 2102 est
1243 2040 1409 2102 leues
1440 2059 1509 2101 ac
1538 2041 1973 2118 degenerantes
2004 2043 2293 2103 auirtute

345 2127 614 2188 Romana
658 2134 719 2188 et
758 2127 1100 2188 luxuriosos
1145 2127 1451 2206 principes
1478 2127 1639 2187 ferre
1670 2143 1793 2186 non
1821 2144 2034 2205 posse,
2078 2126 2289 2188 Postu·

345 2231 510 2274 mum
545 2211 617 2272 ad
651 2213 974 2291 imperium
1004 2217 1316 2282 uocarunt,
1368 2210 1736 2272 exercitibus
1767 2227 2003 2288 quoque
2033 2230 2289 2273 consen-

345 2297 662 2367 tientibuS,
707 2296 865 2374 quod
909 2303 1263 2376 occupatum
1302 2297 1726 2375 imperatorem
1758 2295 2110 2358 libidinibus
2142 2314 2287 2374 que-

272 2392 312 2441 4
346 2381 654 2442 rebantur.
734 2388 942 2442 contra
983 2380 1143 2442 hunc
1192 2381 1537 2442 Theodorus
1577 2427 2284 2444 ....................
2314 2401 2375 2442 25

347 2467 672 2526 exercitum
705 2467 905 2534 duxit,
949 2482 1086 2526 cum
1512 2484 1628 2544 que
1670 2466 1914 2538 urbem,
1959 2470 2169 2543 inqua
2199 2471 2290 2528 in-

483 2619 510 2666 1
538 2617 788 2667 libidinis
809 2617 862 2666 B
999 2619 1031 2668 2
1057 2618 1275 2668 senices
1297 2617 1370 2667 B¹
1509 2622 1541 2671 3
1566 2619 1929 2686 gladiatorias
1953 2620 2006 2669 B
2120 2622 2151 2669 5
2175 2635 2291 2669 me-

343 2690 531 2736 rerent
553 2685 658 2734 BP
760 2683 996 2750 decoris]
1028 2685 1233 2736 doloris
1257 2687 1513 2752 Eyssenk.
1626 2689 1659 2738 8
1684 2703 1807 2737 eum
1834 2688 1874 2742 f.
1902 2703 2013 2738 non
2036 2689 2293 2752 potuisse

341 2753 514 2804 BPM
531 2769 654 2804 cum
678 2754 716 2803 f.
744 2770 797 2804 n.
823 2754 1102 2819 potuisset
1123 2757 1318 2820 scripsi
1451 2757 1811 2820 uotiuumque
1836 2757 1905 2806 M
2036 2757 2100 2806 12
2127 2771 2291 2806 occu-

344 2823 496 2886 patis
520 2822 636 2872 PM
770 2826 834 2874 15
858 2822 1047 2872 uiuum
1071 2823 1121 2872 P
1251 2828 1461 2890 aegypt
1485 2821 1613 2874 BP1
1640 2828 1917 2890 aegyptus
1943 2824 2089 2874 enim
2112 2851 2179 2859 —
2202 2840 2281 2888 sp.

344 2893 410 2939 11
435 2893 530 2940 litt.
556 2917 622 2926 -—
646 2887 728 2940 P²
753 2889 929 2954 (ναι.)
1075 2890 1156 2940 ’16
1194 2895 1281 2941 est
1305 2907 1399 2945 om.
1433 2893 1490 2942 V
1483 2898 1553 2943 at.
1714 2890 2011 2942 aemiliano
2036 2907 2129 2943 om.
2154 2889 2287 2941 BP¹

341 2959 466 3008 add.
492 2955 574 3008 P*
606 2959 661 3007 V
657 2964 727 3010 at.
867 2962 1100 3023 strangy
1112 2957 1225 3008 BP
1235 2957 1253 2991 ¹
1304 2958 1883 3025 strangythebithinos
1910 3001 1920 3012 .
1938 2997 1950 3009 .
1967 2997 1977 3008 .
2005 2958 2085 3009 P²
2221 2962 2290 3010 17
2390 2977 2401 2986 ‘

331 3033 462 3094 post
493 3027 701 3076 milites
733 3042 814 3091 sp.
841 3029 908 3076 15
942 3028 1037 3078 titt.
1073 3043 1185 3077 uae.
1219 3029 1272 3076 in
1306 3028 1357 3077 P
1514 3043 1547 3077 a.
1568 3021 1743 3092 ‘ptfi‘st
1774 3027 2123 3092 ythebitinos
2150 3027 2291 3078 data

344 3097 434 3144 est
466 3121 532 3128 —
567 3097 633 3144 15
665 3121 731 3130 —-
765 3110 800 3144 a.
831 3121 897 3130 -—
933 3097 1002 3144 20
1025 3121 1092 3130 --
1127 3099 1361 3160 strangy
1392 3121 1459 3131 —
1492 3097 1562 3146 25
1596 3123 1663 3132 —
1694 3095 1904 3146 milites
1935 3096 2056 3146 Vat.
2220 3097 2291 3146 18

341 3160 509 3210 rebus
541 3161 662 3212 Vat.
749 3217 755 3224 ⁸
812 3163 894 3212 hic
926 3165 1076 3213 etiam
1105 3165 1160 3212 in
1191 3163 1260 3214 M
1286 3165 1461 3228 spatia
1496 3167 1744 3264 conplura
1776 3180 1943 3214 uacua
2090 3163 2290 3230 gallie—

340 3228 432 3277 nis
453 3225 526 3276 B¹
618 3231 682 3278 21
709 3233 795 3278 est
819 3245 944 3280 esse
970 3231 1033 3280 M
1125 3231 1457 3296 degerantes
1479 3231 1583 3282 BP
1710 3233 1775 3282 22
1802 3231 2121 3297 postunium
2142 3229 2221 3294 B3

341 3297 410 3345 23
434 3295 528 3358 qui
551 3295 653 3344 BP
675 3311 782 3360 quo
807 3298 874 3348 M
891 3313 1108 3362 quoque
1131 3301 1323 3364 scripsi
1428 3301 1495 3349 24
1519 3315 1627 3364 quo
1649 3300 1814 3350 BPM
1837 3299 1983 3364 quod
2004 3302 2197 3366 scripsi

341 3363 678 3426 querebatur
699 3363 866 3414 BPM
962 3368 1028 3416 25
1052 3366 1353 3418 theodorus
1377 3366 1609 3418 om.BP¹
1630 3365 1841 3418 add.P²
1872 3369 1993 3418 Vat.
2020 3369 2073 3418 in
2096 3369 2147 3416 P
2207 3375 2293 3418 ost

341 3429 668 3480 Theodorus
690 3439 824 3495 spat.
852 3434 885 3482 8
907 3435 1004 3482 litt.
1033 3434 1356 3484 Theodotus
1378 3438 1509 3501 uoly.
1612 3437 1679 3486 26
1706 3436 1863 3486 duxit
1890 3451 2011 3486 cum
2034 3452 2127 3486 om.
2204 3433 2285 3484 P¹

339 3499 464 3548 add.
490 3495 566 3545 P²
599 3497 736 3557 Vat„
764 3499 940 3564 quibus
964 3503 1220 3553 uocabulis
1245 3506 1502 3568 expletum
1526 3511 1603 3554 est
1625 3507 1844 3569 spatium
1868 3505 1921 3554 in
1939 3505 1990 3554 P
2088 3503 2147 3553 in
2174 3517 2289 3568 qua
