2517 3884
495 969 856 1053 FLAVII
906 971 1329 1050 VOPISOI
1384 967 1930 1049 SYRAOVSII

521 1156 528 1160 ’
835 1176 1603 1324 PROBVs

379 1451 622 1513 Certum
669 1459 760 1512 est
817 1450 976 1530 quod
1007 1446 1319 1512 Sallustius
1360 1443 1607 1529 Crispus
1648 1450 1927 1526 quodque
1956 1447 2189 1509 Marcus
2224 1444 2259 1505 1

251 1537 395 1598 Cato
427 1543 486 1596 et
517 1536 744 1598 Gellius
775 1535 1047 1608 historici
1078 1536 1407 1596 sententiae
1439 1533 1614 1594 modo
1637 1536 1702 1594 in
1732 1533 1963 1594 litteras
1996 1539 2185 1594 rettu-

187 1645 222 1684 5
249 1619 467 1691 lerunt,
501 1639 710 1683 omnes
741 1621 1009 1682 omnium
1039 1620 1297 1681 uirtutes
1326 1627 1521 1681 tantas
1552 1623 1687 1681 esse
1716 1626 1968 1696 quantas
1995 1617 2191 1678 uideri

253 1723 353 1767 eas
383 1705 684 1767 noluerint
725 1723 935 1783 eorum
985 1705 1224 1782 ingenia
1267 1705 1371 1782 qui
1402 1704 1871 1781 uniuscuiusque
1900 1705 2055 1764 facta
2083 1703 2185 1763 de·
2271 1706 2279 1712 '

250 1792 616 1870 scripserint.
649 1791 790 1850 inde
821 1797 914 1850 est
944 1789 1102 1868 quod
1127 1789 1462 1850 Alexander
1483 1789 1733 1867 Magnus
1756 1787 2019 1856 Macedo,
2052 1805 2187 1848 cum
2224 1794 2257 1842 2

250 1875 322 1936 ad
383 1875 628 1936 Achillis
685 1873 1067 1954 sepulchrum
1119 1875 1403 1942 uenisset,
1466 1875 1729 1950 grauiter
1772 1875 2189 1950 ingemescens

249 1959 554 2030 „Felicem
586 1967 664 2029 te,
696 1960 909 2036 inquit,
941 1959 1180 2034 iuuenis
1210 1960 1315 2034 qui
1345 1957 1525 2018 talem
1562 1974 1922 2035 praeconem
1952 1962 2190 2018 suarum

165 2065 222 2106 10
254 2045 542 2106 uirtutum
598 2045 1010 2124 repperi-sti“,
1071 2043 1401 2104 Homerum
1458 2041 1726 2118 intellegi
1782 2041 2023 2110 uolenS,
2088 2041 2190 2116 qui
2297 2075 2302 2078 -

248 2128 540 2190 Achillem
581 2135 812 2190 tantum
853 2130 918 2188 in
962 2129 1254 2188 uirtutum
1309 2125 1507 2186 studio
1550 2127 1693 2186 fecit
1730 2132 2015 2203 quantum
2058 2126 2189 2204 ipse

205 2237 210 2240 ·
249 2213 492 2275 ualebat
519 2215 778 2291 ingenio.
1506 2228 1515 2234 “
1848 2227 1851 2232 ·

325 2337 329 2344 -
381 2299 680 2370 Quorsum
709 2298 858 2358 haec
887 2297 1246 2376 pertineant,
1280 2296 1365 2356 mi
1396 2294 1649 2364 Celsine,
1682 2296 1953 2356 fortassis
1982 2295 2183 2370 requi·
2222 2302 2255 2350 3

247 2383 352 2444 riS.
416 2382 679 2448 Probum
733 2383 1103 2462 principem,
1149 2382 1320 2442 cuius
1373 2381 1629 2460 imperio
1672 2381 1869 2441 oriens
1910 2377 2190 2440 occidens

167 2487 224 2530 15
251 2466 538 2528 meridies
579 2467 911 2547 septentrio
944 2482 1273 2543 omnesque
1301 2465 1467 2527 orbis
1496 2475 1701 2546 partes
1725 2466 1785 2526 in
1809 2471 1995 2526 totam
2016 2482 2187 2525 secu-

248 2554 488 2614 ritatem
513 2552 808 2613 -redactae
849 2558 1018 2622 sunt,
1063 2552 1429 2630 scriptorum
1473 2551 1675 2630 inopia
1715 2551 1831 2611 iam
1861 2567 2054 2629 paene
2083 2565 2189 2608 ne-

249 2639 492 2698 scimus.
527 2635 759 2706 occidit,
790 2653 902 2715 pro
932 2635 1157 2715 pudor,
1188 2637 1340 2697 tanti
1368 2637 1488 2696 uiri
1516 2644 1577 2697 et
1604 2635 1738 2697 talis
1767 2634 2011 2696 historia
2044 2651 2187 2710 qua·⁴
2226 2640 2261 2688 4

249 2721 368 2783 lem
399 2740 519 2782 non
550 2721 773 2783 habent
795 2720 950 2781 bella
973 2720 1213 2790 Punica,
1247 2738 1369 2780 non
1392 2727 1592 2781 terror
1618 2717 1891 2787 Gallicus,
1918 2735 2039 2778 non
2061 2735 2189 2776 mo-

389 2875 415 2923 1
443 2873 646 2940 incipit
670 2872 919 2925 eiusdem
937 2871 1142 2937 probus
1162 2870 1409 2922 feliciter
1417 2871 1521 2922 BP
1540 2869 1615 2920 ad
1635 2869 2046 2920 constantinum
2065 2882 2192 2932 aug.

247 2942 372 2992 add.
399 2939 476 2991 ΡΘ
637 2943 670 2992 3
695 2954 912 3006 quoque
936 2937 1065 2990 ΒΡ1
1095 2937 1254 3001 (corr.
1283 2937 1383 3002 ΡΒ)
1546 2940 1582 2988 4
1615 2953 1649 2988 a,
1683 2935 1886 3002 gellius
1918 2934 1972 2985 B
1983 2933 2005 2966 ²
2160 2937 2192 2986 5

249 3007 462 3059 enudas
485 3005 565 3060 Β1
591 3013 791 3060 enatae
814 3006 898 3058 B²
929 3011 1166 3059 euantas
1189 3005 1284 3057 ΡΙ.
1320 3007 1482 3057 uerba
1507 3009 1747 3071 quantas
1768 3004 1953 3056 uideri
1976 3017 2073 3052 eas
2096 3017 2195 3052 uo—

187 3075 192 3080 ’
247 3075 464 3126 luerim·
490 3092 594 3128 mn
621 3091 737 3130 em
768 3091 900 3126 cana
934 3081 986 3126 et
1009 3073 1224 3126 Salhwti
1247 3074 1359 3126 Cat.
1385 3077 1433 3133 8,
1460 3077 1494 3125 4
1518 3080 1571 3124 et
1591 3075 1755 3138 ipsius
1785 3071 2001 3136 Vopisci
2020 3069 2191 3121 uerbis

251 3142 306 3204 (5
327 3143 383 3206 2)
411 3148 720 3208 „quantum
742 3143 865 3209 ipse
897 3141 1129 3194 ualebat
1151 3141 1417 3208 ἱιιςθιιίοιι
1442 3143 1709 3194 euincitur.
1768 3140 1992 3192 conieci:
2018 3153 2191 3204 quan·
2284 3179 2287 3182 .

171 3262 184 3268 ,
248 3215 342 3262 tas
375 3211 637 3264 exhibere
673 3226 770 3262 eas
802 3209 1085 3261 ualuerint
1227 3211 1263 3261 6
1293 3209 1459 3261 unius
1498 3210 1655 3260 cuius
1678 3208 1783 3258 BP
1925 3209 1955 3259 7
1983 3221 2105 3257 esse
2130 3205 2197 3256 M

385 3277 653 3331 machedo
676 3279 780 3329 BP
915 3293 1039 3330 cum
1055 3281 1154 3328 om.
1179 3278 1232 3327 P
1393 3280 1462 3334 11,
1482 3277 1592 3327 fuit
1613 3276 1717 3328 BP
1758 3275 1919 3328 finxit
1942 3275 2009 3324 M
2052 3273 2192 3325 fecit
2296 3284 2299 3286 ’

247 3347 442 3411 scripsi
575 3346 698 3398 inse
719 3346 828 3398 BP
987 3347 1051 3398 13
1075 3343 1182 3396 hoe
1204 3343 1333 3396 B¹P
1350 3352 1391 3396 t..
1418 3346 1568 3397 Iord.
1716 3347 1981 3410 nequiras
2006 3358 2105 3392 cur
2126 3341 2191 3390 M

388 3415 452 3466 15
476 3414 706 3466 meridie
730 3411 862 3474 BP1
889 3413 1050 3478 (corr.
1073 3411 1176 3478 1⁹³)
1318 3413 1595 3480 septentri
1616 3411 1690 3464 B¹
1830 3411 2194 3463 seueritatem

245 3481 353 3532 BP
489 3483 553 3531 16
575 3479 680 3545 iall
700 3483 753 3532 P
773 3481 849 3546 (m
873 3480 1034 3546 eras.)
