2517 3884
476 177 485 183 ’
588 192 884 251 MAXIMVS
926 194 1012 251 ET
1055 192 1391 252 BALBINVS.
1451 194 1509 253 e.
1536 198 1776 254 15-17,
2059 190 2146 256 65

188 378 347 421 num
408 360 599 421 fuisse
656 358 975 441 principes
1020 360 1256 431 dicunt,
1293 359 1582 423 -deleetos
1613 381 1644 422 a
1677 370 1884 424 senatu
1929 372 2138 426 contra

180 446 586 513 Maximinum
626 525 635 528 ⁸
648 453 785 525 post
825 448 1132 508 interitum
1176 446 1440 508 duorum’
1469 448 1532 506 in
1574 447 1775 525 Afric-a
1807 449 2138 519 Gordiano-

180 548 372 599 rum,
420 548 557 591 eum
598 530 821 611 quibus
863 534 1039 593 etiam
1082 550 1233 612 puer
1275 533 1500 613 tertius,
1531 532 1868 595 Gordianus
1911 534 2138 596 electus
2195 590 2199 596 .

183 623 307 677 est.
388 615 496 676 sed
539 616 696 695 apud
738 616 981 679 Latinos
1022 618 1350 696 scriptores
1389 616 1716 697 plerosquo
1739 619 1980 697 Maximi
2024 638 2131 681 no·
2170 632 2203 681 7

116 716 152 757 5
182 718 342 762 men
374 718 496 761 non
525 702 769 763 inuenio
801 710 859 763 et
890 720 1023 764 oum
1048 702 1298 765 Balbino
1313 703 1688 782 Puppienum
1707 706 2133 785 imperatorem

179 787 518 866 repperio,
550 805 739 867 usque
782 787 931 849 adeo
960 795 1029 849 ut
1066 787 1227 849 idem
1258 789 1603 869 Puppienus
1645 807 1783 850 eum
1813 789 2136 852 Maximino

182 872 358 951 apud
377 870 705 951 Aquileiam
724 890 1030 952 pugnasse
1062 872 1314 943 dicatur,
1347 891 1482 934 eum
1512 877 1857 959 memoratis
1887 874 2134 937 histori-

182 958 282 1018 cis
328 956 747 1019 adserentibus
789 977 866 1019 ne
896 958 1188 1019 Maximus
1230 958 1470 1036 quidem
1502 966 1718 1021 eontra·
1749 960 2134 1023 Maximinum

91 1041 99 1049 “
178 1058 497 1122 pugnasse
543 1042 854 1118 doceatur,
900 1044 1005 1105 sed
1037 1043 1338 1105 resedisse
1379 1044 1535 1123 apud
1565 1043 1913 1107 Rauennam
1955 1053 2134 1125 atque

94 1144 153 1183 ιο
184 1126 325 1189 illic
366 1134 660 1207 patratam
700 1123 937 1190 audisse
979 1130 1329 1189 uictoriam:
1377 1138 1444 1189 ut
1483 1128 1630 1191 mihi
1671 1128 1944 1192 uideatur
1974 1131 2136 1193 idem

184 1231 335 1275 esse
364 1212 713 1292 Puppienus
744 1215 844 1291 qui
874 1214 1163 1275 Maximus
1194 1213 1428 1275 dieitur.

324 1298 527 1369 Quare
580 1300 759 1359 etiam
812 1297 1262 1377 gratulatoriam
1307 1297 1620 1377 epistolam
1647 1298 1914 1369 subdidi,
1977 1318 2133 1380 quae
2156 1301 2235 1365 17

172 1384 421 1463 scripta
464 1390 555 1443 est
596 1402 629 1443 a
676 1384 925 1449 consule
972 1386 1068 1445 sui
1106 1386 1398 1463 temporis
1441 1384 1516 1445 de
1545 1384 1855 1465 Puppieno
1898 1394 1959 1445 et
1997 1384 2133 1447 Bal-

182 1469 369 1539 bino,
405 1468 467 1527 in
499 1486 614 1547 qua
642 1466 922 1540 laetatur,
964 1469 1257 1541 redditam
1306 1469 1381 1531 ab
1424 1468 1518 1531 his
1558 1476 1696 1549 post
1725 1468 1992 1533 latrones
2021 1472 2134 1531 im-

98 1568 155 1609 15
182 1552 424 1635 probos
456 1570 589 1613 esse
618 1570 747 1615 rem
777 1572 869 1633 p.:

323 1638 682 1717 „Puppieno
714 1648 775 1699 et
803 1638 1053 1701 Balbino
1080 1640 1364 1718 Augustis
1393 1638 1674 1701 Claudius
1703 1638 1980 1701 Iulianus·
2133 1678 2136 1681 ·
2169 1656 2202 1704 2

323 1724 473 1785 Cum
504 1725 761 1803 primum
791 1722 951 1786 louis
982 1724 1093 1803 Op.
1118 1724 1191 1785 M.
1230 1732 1290 1785 et
1319 1725 1568 1787 deorum
1599 1724 2008 1787 inmortalium
2039 1744 2134 1787 se·

186 1817 495 1886 natusque
524 1808 744 1870 iudicio
798 1817 857 1871 et
898 1826 1198 1871 consensu
1240 1811 1481 1889 generis
1521 1810 1766 1871 humani
1795 1813 2133 1890 suscepisse
2237 1822 2239 1824 ’
2314 1880 2320 1887 ,

186 1913 309 1957 uos
340 1910 473 1955 rem
509 1912 566 1973 p.
612 1912 645 1955 a
688 1895 901 1956 nefarii
928 1893 1199 1956 -latronis
1241 1894 1473 1956 scelere
1515 1895 1870 1957 seruandam
1911 1914 2130 1974 regen-

102 1994 161 2035 20
190 1980 455 2059 damque
485 1978 769 2041 Romanis
801 1978 1061 2059 legibus,
1107 1980 1337 2041 domini
1381 1981 1742 2041 sanctissimi
1773 1985 1831 2040 et
1860 1982 2132 2041 inuictis-

189 2066 337 2125 simi
364 2065 644 2143 Augusti,
701 2084 1057 2146 quamquam
1090 2065 1354 2126 nondum
1385 2083 1458 2125 ex
1483 2064 1702 2126 diuinis
1731 2063 1972 2136 litteriS,
2027 2065 2134 2127 sed

190 2159 399 2212 tamen
445 2168 519 2210 ex
550 2170 595 2211 s.
632 2168 681 2211 e.
722 2150 885 2229 quod
928 2150 1001 2211 ad
1038 2168 1137 2211 me
1164 2170 1223 2212 u.
1260 2169 1311 2211 e.
1347 2148 1554 2211 Celsus
1583 2148 1862 2211 Aelianus
1905 2149 2134 2229 collega

184 2236 633 2305 transmiserat,
678 2237 1119 2317 conperissem:
1172 2234 1504 2314 gratulatus
1545 2253 1677 2295 sum
1720 2235 1858 2295 urbi
1885 2234 2130 2307 Romae,

188 2322 369 2383 euius
400 2320 473 2381 ad
519 2318 765 2381 salutem
810 2323 953 2383 estis
997 2319 1200 2391 electi,
1263 2320 1593 2399 gratulatus
1635 2322 1899 2391 senatui,
1963 2323 2137 2383 cuius

105 2424 163 2465 25
190 2426 311 2487 pro
342 2405 585 2477 iudicio,
620 2405 780 2484 quod
810 2408 871 2468 in
902 2425 1013 2468 uos
1044 2404 1280 2477 habuit,
1324 2404 1668 2467 reddidistis
1698 2407 2014 2484 pristinam
2044 2407 2135 2467 di-

189 2493 511 2571 gnitatem,
543 2491 878 2569 >gratulatus
908 2490 1141 2563 Italiae,
1176 2508 1353 2569 quam
1387 2510 1523 2552 cum
1553 2492 1808 2553 maxima
1839 2490 1913 2553 ab
1943 2490 2133 2553 hosti-

187 2578 311 2638 bus
327 2578 663 2638 uastatione
680 2576 1018 2647 delendum,
1054 2576 1384 2656 gratulatus
1407 2578 1754 2657 prouinciiS,
1791 2594 1935 2655 quas
1964 2579 2134 2638 inex-

186 2662 437 2742 plebilis
467 2663 714 2723 auaritia
743 2668 1135 2743 tyrannorum
1166 2661 1425 2723 lacerata
1457 2670 1566 2733 est,
1601 2663 1674 2723 ad
1705 2680 1875 2741 spem
1905 2661 2132 2733 salutiS,

186 2748 459 2825 denique
488 2746 823 2825 legionibus
852 2749 997 2827 ipsis
1028 2754 1087 2808 et
1118 2747 1372 2818 auxiliiS,
1406 2766 1558 2828 quae
1592 2747 1812 2825 ubique
1832 2753 2135 2808 terrarum

334 2918 359 2965 1
388 2915 643 2981 principe
668 2913 743 2964 Ρ1
892 2918 923 2967 2
949 2914 1350 2967 Gordianorum
1371 2916 1431 2965 in
1452 2914 1647 2966 Africa
1670 2913 1814 2965 P1M
1945 2918 1976 2965 3
2004 2915 2140 2967 Gor·

192 2984 397 3035 dianos
424 2983 636 3033 eleetos
660 2980 733 3033 B¹
868 2986 904 3034 4
928 2998 1052 3033 eum
1073 2982 1202 3035 BP¹
1236 2982 1388 3048 apud
1409 2984 1477 3035 M
1607 2982 1891 3033 maximini
1914 2982 1965 3031 B
2105 2985 2140 3036 5

188 3054 427 3103 inuento
452 3049 608 3101 B'P‘
632 3050 690 3114 (ι.
716 3050 890 3117 Iord.)
1006 3051 1193 3103 albino
1216 3051 1322 3102 BP
1453 3052 1486 3103 8
1511 3052 1822 3103 serentibus
1846 3048 1969 3102 BP¹
1995 3068 2136 3104 corr.

188 3118 343 3171 P³M
498 3122 529 3169 9
554 3118 817 3170 residisse
840 3120 948 3170 BP
1086 3120 1237 3186 apud
1260 3136 1353 3171 om.
1379 3120 1433 3170 B
1577 3120 1880 3170 rabennam
1901 3117 2006 3170 BP

192 3190 259 3238 16
284 3190 564 3253 aug-ustus
588 3186 865 3239 claudium
886 3187 994 3239 BP
1134 3190 1198 3239 18
1223 3187 1448 3239 humani
1473 3189 1694 3253 generis
1717 3187 1768 3236 B
1916 3188 2137 3255 suscipe
2231 3212 2235 3217 ·

191 3257 243 3306 Β
389 3258 455 3307 19
478 3256 654 3322 rempi
674 3255 781 3305 BP
906 3256 1155 3307 latrones
1177 3254 1330 3307 B¹P¹
1465 3255 1916 3321 reddendamque
1941 3258 2006 3307 M

188 3326 261 3375 20
282 3324 537 3374 romania
560 3324 663 3374 BP
794 3325 859 3375 21
884 3324 1103 3375 modum
1124 3323 1229 3385 BP
1362 3324 1568 3375 diuinis
1591 3324 1694 3375 BP
1712 3326 1918 3375 uestris
1941 3325 2006 3375 M

190 3394 261 3443 22
285 3406 389 3457 spe
410 3391 519 3442 BP
649 3392 717 3443 23
739 3393 893 3444 urbis
918 3392 996 3442 B¹
1136 3394 1203 3443 24
1228 3393 1320 3443 eui
1347 3393 1389 3443 0
1495 3394 1564 3443 26
1589 3408 1710 3445 eum
1733 3394 1968 3443 maxime
1996 3393 2039 3443 Ο

188 3460 441 3511 hostium
476 3458 518 3509 S
651 3462 717 3511 2⁷
743 3460 1076 3512 defendistis
1098 3462 1167 3511 M
1299 3462 1460 3526 quasi
1479 3458 1532 3513 B
1669 3464 1735 3513 28
1757 3461 2038 3512 laceratas
2062 3460 2139 3510 ad

190 3527 413 3592 BP(M)
437 3544 531 3579 em.
555 3527 871 3597 Bernhardy
1018 3527 1217 3581 salutis
1239 3529 1540 3582 reduxistis
1565 3531 1626 3581 M
1778 3532 1845 3581 29
1872 3529 1939 3579 de
1962 3526 2138 3593 legio-

266 3644 487 3681 scmr'r.
514 3645 664 3683 nrsoe.
684 3646 813 3683 ava.
839 3632 913 3683 ΙΙ.
1687 3613 1730 3677 5
