2517 3884
361 169 449 239 84
978 177 1278 235 VVLCACII
1320 176 1668 234 GALLICANI

364 365 467 409 ros
520 352 581 406 et
636 345 906 407 adfectus
954 352 1133 422 atque
1176 361 1384 405 omnes
1439 362 1589 423 quos
1641 345 1912 406 conscios¹
1966 345 2292 425 tyrannidis

364 433 766 512 repperisset,
800 430 1053 491 addente
1076 427 1195 489 -illo
1228 431 1333 508 qui
1371 428 1856 507 reprehendebat
1885 430 2083 502 „Quid
2115 433 2166 491 si
2195 431 2292 490 ille

363 519 612 578 uicisset
626 517 693 576 2⁴⁴
725 515 942 575 dixisse
972 515 1219 574 dicitur:
1255 513 1431 583 „Non
1455 515 1542 574 sic
1566 514 1712 575 deos
1743 514 2038 576 coluimus
2067 535 2180 577 nec
2211 519 2293 576 sic

297 603 651 675 3uuiuimus,
684 607 753 662 ut
778 598 881 660 ille
910 617 1023 660 nos
1051 601 1390 660 uinceret.“
1451 601 1829 660 enumerauit
1872 599 2120 670 deinde,
2167 619 2292 661 om-

362 705 471 748 nes
522 687 829 766 principes
872 686 977 764 qui
1019 685 1200 745 occisi
1242 692 1443 744 essent
1495 683 1772 745 habuisse
1814 703 2022 745 causas
2077 686 2294 762 quibus
2341 705 2364 746 5

361 777 743 834 mererentur
775 769 995 839 occidi,
1026 787 1143 830 nec
1174 785 1536 846 quemquam
1570 769 1744 830 facile
1772 769 2002 832 bonum
2041 770 2136 831 uel
2169 774 2292 832 uic-

292 865 328 913 4
360 863 490 917 tum
533 874 565 916 a
604 863 859 936 tyranno
888 854 988 915 uel
1030 855 1331 922 occisum,
1366 853 1604 922 dicens,
1651 857 1942 916 meruisse
1973 856 2291 925 Neronem,

361 940 643 1002 debuisse
673 940 1030 1018 Caligulam,
1074 938 1375 1001 Othonem
1419 946 1480 999 et
1509 938 1806 1000 Vitellium
1849 958 1965 1000 nec
1995 941 2294 1019 imperare

293 1035 325 1084 5
360 1025 646 1088 uoluisse.
738 1027 915 1086 etiam
969 1024 1045 1084 de
1085 1023 1398 1086 Pertinace
1439 1032 1500 1084 et
1536 1022 1722 1086 Galba
1767 1026 1934 1104 paria
1977 1025 2290 1096 sentiebat,

360 1129 497 1172 cum
526 1111 785 1179 diceret,
828 1112 891 1170 in
924 1112 1292 1189 imperatore
1322 1111 1635 1170 auaritiam
1665 1127 1800 1170 esse
1841 1109 2293 1172 acerbissimum
2321 1130 2368 1168 10

293 1203 324 1252 6
361 1195 601 1258 malum.
675 1196 933 1275 denique
980 1213 1101 1264 non
1162 1197 1526 1272 Augustum,
1585 1213 1708 1255 non
1761 1195 2115 1266 Traianum,
2172 1215 2292 1257 non

359 1280 757 1350 Hadrianum,
803 1299 924 1358 non
968 1287 1204 1358 patrem
1250 1297 1428 1340 suum
1459 1298 1490 1339 a
1521 1278 1847 1340 rebellibus
1875 1282 2144 1359 potuisse
2192 1301 2291 1343 su-

357 1369 577 1446 perari,
612 1382 745 1426 cum
779 1372 841 1425 et
868 1364 1039 1425 multi
1071 1365 1299 1426 fuerint
1331 1371 1390 1424 et
1417 1366 1564 1445 ipsis
1593 1364 1692 1426 uel
1720 1366 1930 1426 inuitis
1960 1365 2058 1426 uel
2086 1367 2294 1428 insciis

291 1459 333 1509 7·
360 1453 653 1512 exstincti.
713 1452 843 1528 ipse
874 1456 1072 1510 autem
1102 1449 1436 1510 Antoninus
1467 1467 1499 1508 a
1531 1455 1739 1510 senatu
1771 1452 1950 1528 petit,
1984 1469 2061 1510 ne
2091 1454 2290 1528 graui-

355 1543 452 1596 ter
480 1539 542 1596 in
576 1537 849 1596 conscios
880 1534 1233 1595 defectionis
1265 1529 1856 1605 animadverteretur,
1893 1553 1964 1595 eo
1984 1537 2116 1615 ipso
2137 1543 2288 1597 tem·
2321 1551 2369 1593 15

354 1638 505 1700 pore
538 1638 657 1698 quo
689 1620 952 1697 rogauit,
999 1637 1076 1679 ne
1116 1621 1254 1698 quis
1298 1627 1540 1680 senator
1569 1619 1946 1698 temporibus
1977 1623 2100 1680 suis
2130 1624 2290 1699 capi-

354 1705 459 1766 tali
489 1705 783 1784 supplicio
814 1704 1191 1774 adficeretur,
1208 1704 1366 1782 quod
1399 1703 1488 1764 illi
1509 1706 1836 1766 maximum
1859 1721 2122 1764 amorem
2145 1723 2286 1765 con-

284 1801 319 1850 8
356 1790 598 1851 ciliauit.
677 1789 937 1868 denique
980 1791 1358 1868 paucissimis
1409 1789 1860 1851 centurionibus
1907 1790 2132 1867 punitis
2180 1789 2287 1850 de-

284 1877 325 1941 9
356 1882 627 1956 portatos
648 1875 927 1935 reuocari
948 1876 1139 1935 iussit.
1173 1873 1691 1944 Antiochensibus,
1718 1875 1821 1952 qui
1842 1874 2056 1935 Auidio
2087 1874 2291 1936 Cassio
2321 1883 2338 1898 “

352 1966 810 2043 consenserant,
864 1967 924 2019 et
976 1959 1106 2020 aliis
1159 1958 1532 2029 ciuitatibuS,
1587 1977 1739 2036 quae
1779 1958 1946 2020 illum
1987 1961 2286 2030 iuucrant,
2317 1978 2370 2016 20

354 2047 617 2124 ignouit,
654 2063 791 2105 cum
822 2046 1018 2122 primo
1048 2043 1552 2105 Antiochensibus
1592 2047 1859 2122 grauiter
1898 2045 2088 2104 iratus
2131 2054 2294 2106 esset

353 2130 568 2210 hisque
599 2129 939 2209 spectacula
971 2129 1312 2190 sustulisset
1343 2136 1401 2188 et
1431 2128 1616 2189 multa
1658 2128 1766 2191 alia
1811 2130 2070 2190 ciuitatis
2113 2149 2290 2190 orna-

284 2229 316 2277 2
353 2223 572 2284 menta,
608 2233 760 2293 quae
789 2222 997 2293 postea
1037 2213 1316 2274 reddidit.
1387 2212 1538 2274 filios
1577 2214 1774 2274 Auidii
1815 2213 2001 2274 Cassii
2040 2216 2286 2275 Antoni-

353 2319 468 2363 nus
498 2301 735 2360 Marcus
778 2307 944 2378 parte
986 2299 1181 2358 media
1220 2300 1457 2376 paterni
1499 2299 1843 2375 patrimonii
1883 2299 2162 2370 donauit,
2207 2302 2289 2359 ita

284 2399 316 2446 3
353 2392 421 2447 ut
449 2385 597 2446 filias
629 2386 758 2444 eius
788 2401 935 2444 auro
968 2388 1217 2459 argento
1263 2389 1322 2441 et
1357 2383 1611 2458 gemmis
1653 2381 2092 2443 cohonestaret.
2150 2403 2290 2444 nam
2316 2399 2366 2440 25

354 2476 416 2530 et
442 2469 851 2537 Alexandriae,
886 2467 1041 2526 filiae
1074 2467 1280 2535 Cassii,
1315 2474 1376 2526 et
1407 2482 1631 2542 genero
1663 2466 2004 2527 Drunciano
2034 2467 2290 2531 liberam

284 2569 319 2616 4
356 2554 646 2633 euagandi
688 2552 794 2614 ubi
835 2550 1060 2612 uellent
1099 2557 1455 2628 potestatem
1487 2549 1668 2610 dedit.
1731 2552 2136 2629 uixeruntque
2165 2573 2290 2615 non

352 2641 521 2718 quasi
578 2638 816 2718 tyranni
876 2636 1125 2714 pignora
1186 2634 1292 2695 sed
1354 2636 1522 2711 quasi
1595 2637 1878 2696 senatorii
1938 2637 2166 2699 ordinis
2224 2641 2290 2698 in

352 2742 581 2786 summa
616 2723 966 2790 securitate,
1014 2738 1150 2780 cum
1180 2719 1298 2780 illis
1331 2721 1505 2780 etiam
1537 2721 1601 2780 in
1628 2720 1736 2781 lite
1781 2720 1937 2782 obici
1981 2724 2286 2784 fortunam

348 2811 629 2890 propriae
659 2807 951 2867 uetuisset
980 2804 1213 2876 domus,
1259 2805 1550 2866 damnatis
1579 2805 1880 2884 aliquibus
1906 2808 2282 2878 iniuriarum,
2314 2824 2366 2864 ao

450 3097 482 3144 6
506 3109 575 3145 ne
598 3094 703 3145 BP
836 3096 868 3145 8
890 3094 1139 3145 uoluisse
1162 3121 1229 3130 —
1250 3095 1524 3160 imperare
1551 3093 1809 3145 debuisse
1833 3093 2170 3143 Mommsenns

348 3166 381 3215 9
415 3163 712 3214 Pertinace
738 3166 797 3213 et
820 3165 921 3214 del.
944 3163 1093 3228 Lips.
1120 3179 1202 3228 ep.
1236 3165 1288 3217 V
1307 3167 1375 3213 21
1401 3163 1796 3228 pertinacitate
1824 3161 2038 3212 Galbae
2065 3161 2153 3213 Gr.

350 3235 415 3284 10
438 3232 499 3282 in
522 3247 615 3284 om.
641 3229 763 3282 ΒΡι
903 3233 967 3282 19
992 3231 1373 3283 antiochensis
1396 3229 1517 3280 BP¹
1654 3232 1720 3280 20
1755 3234 2154 3280 consenserant
2182 3231 2284 3280 sed

348 3303 406 3350 et
429 3299 517 3351 his
543 3305 601 3351 et
625 3301 755 3350 aliis
776 3299 945 3350 BPM
962 3299 1063 3350 sed
1088 3304 1145 3350 et
1167 3299 1255 3350 his
1280 3301 1448 3350 deleui
1579 3300 1642 3348 21
1669 3297 2084 3349 antiocensihus
2107 3299 2159 3348 P

344 3371 414 3420 24
437 3365 769 3434 patromonii
784 3367 907 3418 BP¹
998 3369 1065 3419 25
1086 3365 1486 3418 honestaretM
1571 3368 1638 3416 26
1663 3365 1956 3416 druetiano
1977 3365 2050 3415 B¹
2085 3367 2284 3418 druen-

347 3436 503 3488 tiano
528 3437 719 3488 B²PM
737 3435 1059 3487 Drunciano
1080 3438 1273 3500 scripsi
1296 3433 1540 3498 (Jordan)
1681 3437 1748 3485 27
1771 3435 2081 3501 euagrandi
2104 3435 2174 3485 B¹

346 3505 521 3556 uellet
542 3505 664 3556 BP¹
802 3507 868 3556 29
891 3504 977 3554 illi
1001 3519 1189 3554 seuam
1212 3502 1334 3553 BP¹
1357 3501 1472 3552 illis
1494 3501 1570 3552 1²³
