2517 3884
547 169 920 254 Anromnvs
964 195 1483 254 nnmooAnAtvs.
1570 198 1625 254 c.
1672 201 1911 254 16-19,
2080 191 2211 256 215

265 383 403 426 nem
433 371 574 444 post
605 366 980 425 exustionem
1013 371 1072 425 et
1101 363 1406 424 lauacrurn
1434 365 1498 424 in
1530 365 1664 425 uico
1698 362 1995 443 Sulpicio,
2034 364 2198 442 quod

264 451 592 520 Antoninus
639 449 850 510 Seueri
892 448 1046 508 filius
1087 456 1395 528 coeperat,
1442 446 1603 510 nulla
1646 457 1865 510 extant.
1932 456 1991 510 et
2029 449 2193 511 lana-
2233 459 2267 508 9

265 554 432 596 crum
466 534 704 611 quidem
735 535 1070 594 Antoninus
1093 533 1430 595 Caracallus
1454 533 1837 595 dedicauerat
1861 542 1919 595 et
1941 535 2200 596 lauando

263 628 322 680 et
381 618 668 698 populum
717 618 1111 688 admittendo,
1168 619 1271 679 sed
1329 621 1593 698 porticus
1644 619 1986 689 defuerant,
2042 637 2197 697 quae

201 726 234 766 5
261 711 468 784 postea
522 705 596 764 ab
651 703 764 764 hoc
807 703 1112 765 subdititio
1153 705 1450 764 Antonino
1505 711 1841 765 exstructae
1898 712 2065 775 sunt,
2124 704 2199 766 ab

257 789 596 856 Alexandro
627 790 946 867 perfectae.
1426 823 1431 826 -

385 874 496 934 Hic
550 873 791 933 ultimus
840 874 1277 934 Antoninorum
1328 874 1440 933 fuit
1492 874 1786 955 (quamuis
1838 875 2193 953 cognomine
2219 866 2307 932 18⁴

255 967 468 1038 postea
521 957 860 1019 Gordianos
914 958 1086 1018 multi
1126 959 1457 1019 Antoninos
1500 965 1741 1038 putent,
1798 961 1900 1038 qui
1912 921 2197 1022 ξιἈῐιῐοῐιίἰ

259 1044 399 1103 dicti
453 1051 621 1113 sunt,
678 1061 796 1103 non
843 1041 1146 1122 Antonini)
1203 1045 1325 1103 uita
1378 1042 1649 1122 moribus
1701 1044 2063 1122 inprobitate
2114 1045 2197 1106 ita

177 1149 228 1188 10
257 1127 524 1195 odibilis,
581 1133 644 1188 ut
687 1130 816 1188 eius
859 1135 1102 1188 senatus
1147 1137 1206 1188 et
1250 1146 1470 1187 nomen
1514 1130 1784 1189 eraserit.
1861 1147 2037 1207 quem
2082 1147 2197 1190 nec
2234 1133 2265 1180 2

257 1229 368 1291 ego
397 1214 764 1273 Antoninum
791 1231 1102 1294 necassem
1133 1214 1248 1273 nisi
1280 1231 1457 1273 causa
1491 1215 1875 1290 cognitionis,
1910 1232 2061 1292 quae
2094 1231 2195 1272 co-

254 1300 342 1375 git
383 1297 743 1376 plerumque
785 1297 902 1358 dici
948 1317 1016 1358 ea
1060 1299 1235 1357 etiam
1279 1299 1517 1358 nomina
1563 1316 1717 1376 quae
1772 1305 1913 1358 sunt
1955 1295 2193 1358 abolita.

258 1383 465 1444 Occisa
521 1390 610 1442 est
663 1402 797 1443 cum
853 1401 922 1442 eo
981 1390 1039 1443 et
1089 1388 1281 1443 mater
1334 1377 1687 1462 Symiamira
1729 1381 2197 1460 probrosissima

256 1467 476 1530 mulier
507 1475 566 1528 et
597 1466 772 1546 digna
805 1466 946 1529 filio.
1010 1473 1371 1544 cautumque
1414 1474 1549 1528 ante
1595 1470 1791 1529 omnia
1834 1475 1970 1547 post
2009 1470 2191 1528 Anto·
2232 1474 2264 1521 3

179 1571 232 1611 15
261 1555 466 1613 ninum
499 1551 966 1630 Heliogabalum.
1003 1570 1078 1611 ne
1110 1569 1393 1629 umquam
1436 1551 1650 1613 mulier
1680 1560 1949 1613 senatum
1993 1553 2196 1630 ingre-

260 1637 522 1705 deretur,
554 1639 758 1716 utique
790 1637 998 1698 inferis
1030 1639 1156 1696 eius
1199 1644 1375 1716 caput
1416 1636 1719 1699 dicaretur
1762 1638 2193 1699 deuoueretur-

259 1739 371 1799 que
405 1741 518 1802 per
550 1739 728 1798 quem
757 1722 818 1783 id
851 1729 1006 1782 esset
1036 1723 1278 1782 sactum.

384 1809 470 1868 De
499 1807 685 1867 huius
727 1809 848 1867 uita
892 1805 1078 1867 multa
1132 1808 1194 1866 in
1237 1806 1465 1868 litteras
1507 1809 1686 1878 missa
1738 1814 1877 1867 sunt
1917 1806 2195 1877 obscena,
2234 1813 2270 1860 4

261 1909 409 1969 quae
443 1894 578 1968 quia
608 1892 787 1968 >digna
820 1898 1153 1952 memoratu
1183 1909 1308 1952 non
1338 1898 1509 1961 sunt,
1545 1910 1611 1951 ea
1642 1891 1953 1970 prodenda
1994 1893 2201 1952 censui

175 1995 232 2035 20
263 1993 411 2054 quae
443 1976 516 2036 ad
558 1976 855 2036 luxuriam
900 1975 1310 2055 pertinebant,
1360 1993 1615 2053 quorum
1663 1974 1857 2053 aliqua
1903 1977 2197 2054 priuatuS,

261 2062 454 2139 aliqua
483 2063 602 2120 iam
634 2063 961 2139 imperator
994 2062 1207 2120 fecisse
1238 2060 1621 2138 perhibetur,
1666 2077 1799 2119 cum
1831 2062 1960 2138 ipse
1992 2062 2197 2138 priua-
2218 2089 2242 2098 ·

260 2156 352 2206 tus
383 2146 639 2214 diceret,
673 2164 739 2206 se
769 2147 1071 2225 Apicium,
1105 2147 1433 2221 impe-rator
1465 2145 1765 2205 Neronem
1798 2143 2093 2205 Othonem
2138 2152 2199 2204 et

261 2230 560 2291 Vitellium
589 2232 826 2292 imitari.
889 2249 1028 2290 nam
1058 2231 1289 2308 primus
1320 2231 1585 2289 omnium
1617 2231 1987 2306 priuatorum
2033 2236 2197 2290 toros
2221 2232 2303 2295 19

259 2317 459 2378 aureis
490 2315 784 2376 toralibus
812 2317 978 2384 texit,
1014 2317 1152 2391 quia
1185 2321 1326 2374 tuno
1360 2333 1432 2373 ex
1463 2315 1743 2375 Antonini
1774 2313 1957 2374 Marci
1991 2320 2195 2375 aucto-

175 2417 234 2456 25
261 2403 437 2461 ritate
480 2401 540 2461 id
583 2401 713 2460 fieri
753 2399 998 2468 licebat,
1047 2401 1160 2478 qui.
1191 2417 1433 2460 omnem
1476 2406 1827 2478 apparatum
1868 2400 2199 2479 imperato-

257 2488 412 2546 rium
447 2484 683 2564 publice
713 2483 1082 2545 uendiderat.
1145 2485 1362 2544 deinde
1395 2486 1615 2544 aestiua
1660 2485 1934 2544 conuiuia
1976 2483 2192 2545 colori·
2230 2499 2261 2547 2

257 2571 372 2632 bus
406 2564 687 2638 exhibuit,
720 2579 789 2631 ut
819 2569 996 2629 hodie
1028 2569 1355 2648 prasinum,
1387 2571 1643 2630 uitreum
1686 2569 1795 2630 alia
1842 2569 1964 2639 die,
2010 2587 2198 2629 uene-

263 2663 386 2716 tum
430 2655 713 2734 deinc-eps
756 2654 1097 2722 exhiberet,
1145 2671 1387 2733 semper
1430 2656 1597 2715 uarie
1640 2673 1751 2732 per
1797 2653 1933 2734 glies
1987 2671 2197 2714 omncs

261 2743 538 2801 aestiuos,
602 2739 834 2820 primus
864 2738 1080 2800 deinde
1111 2739 1431 2817 authepsas
1464 2745 1776 2816 argenteas
1806 2737 2028 2805 habuit,
2074 2739 2197 2816 pri·
2237 2757 2271 2804 3

120 2899 126 2904 ¹
178 2841 238 2880 30
266 2845 396 2887 mus
449 2827 636 2887 etiam.
681 2823 986 2888 caccabus.
1059 2842 1209 2884 nasa
1263 2823 1475 2884 deinde
1530 2825 1871 2883 centenaria
1915 2828 2201 2899 argentea

366 3051 397 3096 2
433 3043 691 3096 antonini
713 3045 818 3094 BP
977 3045 1227 3109 coeperit
1251 3043 1303 3092 B
1351 3075 1357 3079 n
1474 3044 1505 3092 5
1531 3043 1597 3092 ob
1624 3040 1730 3091 hoc
1754 3041 1917 3092 BPM
2082 3042 2209 3091 sub—

181 3113 186 3116 ’
262 3115 425 3166 decio
449 3114 614 3164 BPM
640 3130 731 3166 em.
757 3113 800 3162 S
934 3117 992 3162 et
1017 3114 1087 3162 ab
1113 3111 1196 3162 Al.
1223 3111 1286 3160 M
1436 3111 1499 3160 10
1534 3114 1591 3159 et
1616 3121 1707 3160 om.
1734 3109 1810 3178 Μ
1934 3111 1995 3159 11
2024 3109 2213 3174 coegit

260 3183 314 3234 B
473 3184 537 3231 19
565 3197 632 3230 ea
661 3181 836 3233 solum
857 3179 922 3230 M
1021 3225 1024 3230 .
1088 3183 1154 3229 22
1179 3180 1569 3242 imperatorem
1592 3191 1725 3228 uero
1752 3176 1863 3228 oth.
1889 3177 1994 3228 BP
2034 3177 2210 3242 impe·

261 3251 531 3302 rator-ium
562 3248 695 3298 nero
729 3262 876 3301 nunc
901 3246 1118 3304 oth.,P³
1183 3248 1486 3310 imperator
1516 3261 1649 3296 uero
1680 3247 1959 3297 Neronem
1990 3245 2117 3296 Oth.
2147 3243 2217 3294 M

257 3321 494 3384 equidem
519 3333 696 3367 nomen
715 3317 936 3366 Neronis
958 3317 1012 3365 in
1035 3317 1236 3366 litteras
1264 3329 1505 3364 emnem
1530 3314 1715 3364 abiisse
1738 3322 1883 3364 ratus
1908 3315 2213 3378 imperator
2302 3339 2312 3346 -

259 3387 552 3438 Neronem·
570 3385 697 3434 Oth.
723 3385 915 3448 scr-ipsi
1070 3385 1136 3434 23
1161 3383 1353 3432 thoros
1377 3381 1482 3430 BP
1636 3383 1703 3432 28
1738 3387 1793 3432 et
1818 3382 2083 3446 deinceps
2108 3380 2215 3430 BP
2287 3405 2318 3428 ,a

256 3455 590 3517 interpunxit
613 3451 654 3500 S
677 3451 806 3516 (cum
829 3450 918 3514 M)
1029 3453 1095 3500 29
1118 3456 1390 3516 autepsas
1410 3449 1517 3500 BP
1535 3465 1754 3500 mensas
1780 3455 1838 3501 et
1862 3463 2063 3515 capsas
2088 3463 2207 3512 arg.

259 3521 413 3573 P³M
