2517 3884
773 168 1158 226 FLORIANVS.
1248 169 1588 226 c.16—1s.
2035 165 2159 230 183

208 337 454 397 Tacitus
485 336 679 396 suerat
703 335 770 394 *iu
801 333 1024 414 templo
1055 334 1331 397 Herculis
1375 335 1663 407 Fundani,
1698 335 1895 396 subito
1926 348 2155 416 purpu⁴

209 439 384 482 reum
414 421 638 481 factum
663 426 770 480 est.
806 420 962 488 uitis,
995 437 1147 498 quae
1184 438 1332 481 uuas
1353 422 1655 482 Aminnias
1675 420 1837 483 albas
1860 420 2152 492 ferebant,
2192 432 2229 480 3

210 524 282 566 eo
341 523 500 565 anno
542 520 661 582 quo
708 502 812 564 ille
853 505 1174 584 imperium
1216 506 1435 566 meruit
1475 523 1919 586 purpurascere
1963 551 2149 567 ......
2244 501 2247 506 ’

206 590 472 670 plurima
499 607 806 669 purpurea
835 590 989 649 facta
1020 595 1176 650 sunt.
1225 588 1434 651 Mortis
1466 591 1663 651 omina
1695 589 1842 650 haec
1872 591 2149 651 fuerunt:
2186 599 2225 649 4

157 688 186 728 5
208 676 404 754 patris
447 673 834 754 sepulchrum
865 673 1153 754 disruptis
1180 675 1375 739 ianuis
1400 693 1466 736 se
1497 677 1746 755 aperuit.
1782 678 1991 736 matris
2021 694 2153 737 um-

207 759 316 821 bra
375 777 442 820 se
488 777 597 838 per
643 757 804 818 diem
857 765 916 818 et
957 758 1163 818 Tacito
1208 765 1269 818 et
1320 759 1601 820 Floriano
1668 758 1836 820 uelut
1889 760 2153 820 uiuentis

207 843 427 923 optulit
446 889 462 914 ‚
508 861 644 903 nam
679 841 936 907 diuersis
964 842 1236 923 patribus
1268 845 1392 903 nati
1420 844 1790 906 ferebantur.
1837 845 1900 904 in
1930 843 2149 905 larario

210 928 292 989 dii
335 946 544 989 omnes
587 944 694 988 seu
738 934 934 998 terrae
977 935 1146 988 motu
1186 945 1293 987 seu
1337 945 1481 989 casu
1506 928 1704 1005 aliquo
1736 927 2170 1001 conciderunt„
2214 971 2221 986 ι

207 1015 406 1092 imago
417 1011 724 1092 Apollinis,
755 1026 908 1089 quae
927 1012 1000 1072 ab
1023 1011 1116 1073 his
1127 1011 1457 1082 colebatur,
1488 1031 1562 1072 ex
1584 1030 1818 1073 summo
1837 1013 2074 1090 fastigio
2089 1013 2149 1073 in
2188 1020 2223 1071 5

132 1111 183 1150 10
205 1096 432 1159 lectulo
443 1099 636 1177 posita
653 1098 782 1158 sine
804 1097 1062 1158 hominis
1089 1098 1423 1176 cuiuspiam
1446 1114 1625 1158 manu
1647 1095 2019 1175 deprehensa
2039 1104 2147 1157 est.

207 1181 329 1243 Sed
353 1198 668 1261 quousque
687 1179 842 1243 ultra
863 1182 1321 1261 progredimur?
1348 1188 1487 1242 sunt
1511 1199 1546 1241 a
1569 1180 1787 1258 quibus
1810 1183 1921 1241 ista
1946 1181 2150 1241 dican-

208 1275 324 1328 tur.
373 1285 490 1326 nos
515 1266 586 1327 ad
618 1266 883 1328 Probum
911 1271 970 1325 et
992 1266 1064 1326 ad
1087 1265 1271 1326 Probi
1286 1273 1450 1344 gesta
1472 1267 1726 1344 insignia
1746 1272 2144 1326 reuertemur.

337 1352 414 1412 Et
453 1351 731 1430 quoniam
775 1369 871 1411 me
900 1351 1150 1429 promisi
1181 1349 1407 1435 aliquas
1440 1349 1723 1430 epistulas
1756 1368 1885 1410 esse
1917 1351 2145 1428 positu·
2169 1346 2249 1412 18
2268 1343 2354 1431 (5)

207 1453 364 1505 rum,
399 1453 550 1514 quae
583 1442 783 1496 creato
815 1436 1020 1496 Tacito
1049 1435 1323 1514 principe
1352 1435 1565 1512 gaudia
1598 1441 1839 1499 senatus
1870 1434 2150 1495 osteude-

129 1533 182 1574 15
208 1528 363 1589 rent,
395 1519 491 1580 his
522 1519 736 1580 additis
765 1521 944 1580 finem
975 1518 1277 1580 scribendi
1308 1521 1537 1580 faciam.
1620 1564 1623 1572 .

336 1603 642 1684 Epistulae
671 1604 976 1684 publicae:

207 1705 510 1776 „Senatus
539 1705 942 1786 amplissimus
974 1706 1172 1766 curiae
1205 1703 1679 1783 Carthaginiensi
1702 1705 1966 1797 salutem
1988 1704 2150 1764 dicit.
2188 1714 2225 1762 2
2298 1711 2305 1716 ‘

338 1807 511 1890 Quod
542 1807 768 1867 bonum
797 1807 1058 1868 faustum
1087 1805 1230 1866 felix
1262 1806 1639 1883 salutareque
1672 1807 1749 1866 sit
1779 1808 1868 1866 rei
1893 1825 1954 1885 p.
1990 1805 2153 1865 orbi·

209 1908 324 1969 que
354 1891 643 1960 Romano,
678 1891 856 1954 dandi
885 1892 976 1951 ius
998 1892 1252 1970 imperii,
1288 1890 1629 1970 appellandi
1652 1889 1962 1968 principis,
1996 1907 2149 1948 nun-

131 1991 182 2031 πο
209 1976 468 2055 cupandi
506 1977 758 2054 Augusti
800 1975 872 2036 ad
918 1993 1028 2035 nos
1071 1976 1337 2036 reuertit.
1400 1973 1475 2035 ad
1516 1991 1625 2034 nos
1677 1974 1861 2050 igitur
1903 1973 2147 2042 referte,
2188 1985 2223 2032 3

209 2079 360 2140 quae
400 2077 613 2138 magna
653 2067 806 2120 sunt.
852 2061 1046 2120 omnis
1088 2059 1434 2137 prouocatio
1476 2058 1767 2138 praefecti
1806 2057 1975 2118 urbis
2018 2058 2151 2126 erit,

209 2163 362 2225 quae
413 2152 610 2205 tamen
655 2163 688 2205 a
737 2143 1198 2223 proconsulibus
1242 2149 1303 2202 et
1354 2143 1427 2204 ab
1481 2141 1799 2203 ordinariis
1850 2140 2153 2202 iudicibus

211 2231 546 2290 emerserit.
591 2231 654 2289 in
685 2247 802 2308 quo
832 2228 1075 2308 quidem
1108 2229 1288 2288 etiam
1318 2235 1584 2288 uestram
1615 2227 1677 2285 in
1702 2227 2011 2304 antiquum
2030 2232 2149 2286 sta·
2185 2234 2223 2284 4

208 2321 338 2376 tum
380 2314 610 2376 redisse
651 2313 954 2375 credimus
996 2312 1378 2390 dignitatem,
1416 2313 1468 2372 si
1504 2310 1746 2389 quidem
1776 2312 2007 2390 primus
2052 2309 2151 2369 hic

132 2415 183 2455 25
210 2398 358 2460 ordo
385 2405 492 2466 est,
519 2400 619 2475 qui
641 2397 988 2476 recipiendo
1013 2399 1136 2457 uim
1159 2398 1433 2457 suamius
1454 2413 1628 2458 suum
1649 2397 1867 2456 ceteris
1887 2402 2151 2456 seruat.“

337 2484 464 2562 Alia
497 2482 776 2561 epistula:
1265 2516 1272 2522 ·
1926 2475 1937 2484 ‘
2142 2503 2149 2510 ·
2189 2490 2225 2541 5

239 2575 252 2582 ’
468 2585 764 2656 „Senatus
803 2582 1203 2663 amplissimus
1246 2583 1448 2643 curiae
1479 2582 1891 2643 Treuirorum.

335 2687 412 2747 vt
444 2686 587 2745 estis
617 2684 793 2745 liberi
823 2693 881 2744 et
922 2702 1162 2764 semper
1191 2683 1409 2753 fuistiS,
1442 2682 1652 2744 laetari
1682 2700 1792 2745 uos
1828 2681 2149 2742 credimus,

210 2770 456 2833 creandi
482 2770 772 2850 principis
801 2769 1088 2829 iudicium
1127 2767 1202 2827 ad
1233 2773 1507 2828 senatum
1534 2766 1721 2836 redit,
1757 2764 1932 2826 simul
1976 2766 2153 2825 etiam

134 2872 184 2915 ³0
209 2857 626 2935 praefecturae
657 2853 923 2914 urbanae
955 2851 1273 2931 appellatio
1302 2852 1591 2912 uniuersa
1622 2851 1864 2910 decreta
1895 2855 2053 2909 est.“

322 2939 551 3001 Eodem
581 2937 758 3000 modo
790 2939 1081 3017 scriptum
1113 2943 1206 2998 est
1225 2933 1729 2998 Antiochensibus
1758 2930 2150 3010 Aquileiensi·
2188 2947 2225 2997 6

350 3142 378 3190 1
407 3140 554 3190 citus
575 3137 708 3190 BP¹
733 3137 894 3203 (corr.
914 3137 1015 3202 P3)
1131 3139 1164 3188 2
1191 3137 1413 3188 ferebat
1436 3136 1501 3186 M
1550 3189 1555 3196 ,
1614 3137 1645 3186 3
1670 3145 1966 3200 purascere
1990 3133 2159 3184 BPM

211 3223 524 3274 purpureas
547 3207 694 3258 tulit.
746 3203 845 3258 se'd
870 3211 926 3257 et
951 3206 1064 3256 alia
1091 3205 1326 3270 plurima
1352 3203 1395 3254 S
1540 3203 1572 3252 6
1598 3217 1816 3268 semper
1841 3201 1891 3251 d.
1921 3201 2023 3250 BP

211 3280 241 3327 ’1
269 3292 330 3327 se
357 3275 564 3342 optulit
587 3274 665 3325 P³
782 3275 1109 3325 forabantur
1131 3273 1238 3322 BP
1368 3273 1402 3322 8
1427 3270 1510 3320 dit
1534 3285 1721 3322 omnes
1743 3269 1848 3321 BP
1984 3271 2046 3319 12
2073 3285 2159 3318 re·

213 3359 500 3396 seruemur
530 3343 700 3394 BPM
726 3347 1072 3393 reuertemur
1107 3343 1240 3405 uolq.
1278 3356 1347 3390 an
1378 3341 1759 3389 reuertamur?
1911 3338 1975 3387 21
2014 3341 2163 3401 quae'

214 3411 318 3464 BP
453 3415 576 3462 erat
598 3409 674 3460 Β1
811 3411 879 3461 25
902 3413 965 3459 ut
985 3415 1109 3474 post
1127 3423 1287 3460 suum
1310 3407 1433 3472 add.
1459 3405 1545 3456 Βι
1661 3406 1861 3456 eeterit
1886 3403 2042 3454 B¹P¹
2064 3419 2163 3454 ce-

211 3479 322 3529 teri
346 3477 430 3529 B*
567 3480 634 3530 29
659 3477 915 3528 creandis
939 3473 1090 3527 B¹P¹
1230 3475 1296 3528 31
1322 3474 1756 3526 antiocemsibus
1777 3471 1909 3523 BP¹
