2517 3884
348 173 437 240 56
1039 177 1192 234 IVLII
1236 177 1604 234 CAPI'I'OLINI

358 345 631 425 plerique
662 345 734 404 ad
766 344 991 422 legatos
1020 345 1451 433 imperatorum
1475 345 1784 406 mitterent
1801 343 2150 404 defectionis
2183 364 2288 405 ue-

291 440 326 490 5
360 433 518 492 niam
550 429 935 508 postulantes,
988 437 1046 490 et
1074 422 1291 489 Luciu's
1323 427 1592 505 quidem,
1641 428 1833 505 quod
1844 430 2098 490 amissus
2129 437 2292 490 esset

358 517 700 594 praefectus
730 515 1030 592 praetorio
1062 513 1280 576 Furius
1294 515 1648 580 Victorinus,
1683 520 1860 590 atque
1891 533 2029 592 pars
2061 517 2287 575 exerci-

362 609 460 660 tus
490 601 823 668 interisset,
858 597 1229 658 redeundum
1278 616 1411 660 esse
1455 597 1770 666 censebat;
1817 598 2056 659 Marcus
2087 606 2284 659 autem

363 685 589 761 fingere
621 681 905 744 barbaros
936 683 1257 743 aestimans
1291 689 1350 742 et
1377 683 1578 760 fugam
1609 689 1669 742 et
1699 689 1896 744 cetera
1927 701 2078 762 quae
2110 702 2282 744 secu·
2341 700 2373 738 5

363 771 599 828 ritatem
631 767 905 828 bellicam
965 761 1351 828 ostenderent
1396 767 1475 827 ob
1502 766 1616 826 boc
1658 785 1735 828 ne
1775 769 1922 828 tanti
1969 776 2290 846 apparatus

296 863 331 912 6
365 851 523 914 mole
580 859 1036 931 premerentur,
1097 852 1444 913 instandum
1489 870 1620 912 esse
1681 852 1952 913 duchbat
2031 853 2290 930 denique

359 939 725 999 transcensis
754 934 1009 1015 Alpibus
1051 935 1285 1014 longius
1326 946 1750 1029 processerunt
1815 947 2298 1015 conposuerunt-

362 1039 476 1100 que
510 1022 733 1091 omnia,
765 1037 918 1098 quae
960 1021 1034 1082 ad
1078 1023 1388 1082 munimen
1431 1021 1631 1082 Italiae
1663 1022 1852 1102 atque
1900 1021 2116 1100 Illyrici
2149 1041 2288 1100 per-

294 1117 325 1165 ’1
362 1105 650 1168 tinebant.
702 1105 928 1185 placuit
964 1113 1162 1167 autem
1195 1112 1446 1184 urgente
1475 1106 1686 1175 Lucio,
1737 1114 1800 1168 ut
1841 1109 2182 1185 praemissis
2215 1107 2288 1166 ad
2318 1123 2372 1162 ιο

292 1201 327 1250 8
363 1198 631 1253 senatum
664 1189 881 1251 litteris
910 1190 1129 1250 Lucius
1158 1190 1408 1251 Romam
1439 1190 1680 1251 rediret.
1759 1208 1994 1268 unaque
2055 1201 2288 1269 postea-

312 1293 543 1354 squam
581 1277 700 1336 iter
740 1277 995 1353 ingressi
1038 1282 1207 1343 sunt,
1273 1275 1488 1336 sedens
1521 1294 1654 1337 cum
1701 1277 1888 1335 fratre
1916 1277 1976 1334 in
2009 1275 2288 1336 uehiculo

363 1360 583 1423 Lucius
616 1359 891 1439 apoplexi
922 1369 1198 1440 arreptus
1227 1363 1403 1439 perit.

262 1449 345 1514 15
488 1445 629 1506 Fuit
658 1452 857 1506 autem
890 1445 1254 1506 consuetudo
1285 1445 1484 1505 Marco
1530 1452 1596 1505 ut
1633 1445 1696 1503 in
1727 1445 2086 1504 circensium
2115 1463 2287 1522 spec-‚-

363 1527 559 1590 taculo
589 1529 817 1607 legeret
847 1529 1198 1606 audiretque
1230 1547 1298 1590 ac
1329 1528 1758 1589 subscriberet.
1795 1547 1866 1588 ex
1899 1546 2015 1605 quo
2047 1529 2287 1608 quidem
2321 1542 2374 1582 ιε»

292 1628 325 1676 2
363 1632 542 1693 saepe
571 1615 721 1674 iocis
764 1612 1149 1692 popularibus
1192 1613 1408 1673 dicitur
1449 1612 1778 1673 lacessitus
1857 1612 2104 1674 Multum
2147 1632 2290 1673 sane

360 1705 689 1777 potuerunt
726 1697 931 1759 liberti
970 1699 1082 1759 sub
1110 1699 1310 1760 Marco
1353 1705 1412 1757 et
1443 1699 1598 1757 Vero
1631 1697 1910 1758 Geminas
1956 1706 2014 1757 et
2041 1698 2285 1776 Agacly-

291 1798 325 1846 3
362 1791 477 1844 tus,
542 1783 766 1844 Tantae
796 1790 992 1843 autem
1035 1784 1364 1844 sanctitatis
1403 1783 1517 1843 fuit
1557 1782 1792 1842 Marcus
1853 1789 1916 1843 ut
1957 1784 2096 1842 Veri
2148 1785 2290 1853 uitia

362 1873 423 1927 et
454 1866 740 1928 celauerit
771 1873 830 1926 et
861 1867 1225 1936 defenderit,
1271 1885 1408 1926 cum
1441 1868 1495 1928 ei
1526 1866 2050 1928 uehementissime
2083 1866 2286 1946 displi-

363 1959 547 2019 ceret,
609 1959 1033 2029 mortuumque
1095 1970 1230 2012 eum
1277 1951 1483 2012 diuum
1527 1950 1922 2030 appellauerit
1961 1954 2289 2031 amitasque
2316 1967 2370 2005 20

364 2035 493 2097 eius
526 2042 585 2096 et
614 2055 855 2096 sorores
885 2036 1217 2097 honoribus
1248 2043 1308 2096 et
1337 2035 1567 2097 salariis
1595 2036 1854 2096 decretis
1883 2035 2294 2097 subleuauerit

362 2127 541 2199 atque
573 2123 925 2200 prouexerit
985 2122 1292 2198 sacrisque
1353 2139 1491 2182 eum
1546 2121 1820 2201 plurimis
1879 2121 2286 2180 honorauerit.

293 2219 328 2268 4
362 2205 663 2266 flaminem
710 2213 768 2266 et
806 2208 1239 2268 Antoninianos
1287 2205 1519 2266 sodales
1563 2213 1621 2266 et
1663 2223 1870 2266 omnes
1898 2205 2159 2265 bonores
2190 2208 2321 2284 qui,

292 2303 327 2353 5
363 2289 517 2349 diuis
548 2288 864 2350 habentur.
906 2291 1098 2350 eidem
1158 2291 1473 2351 dedicauit.
1559 2309 1738 2350 nemo
1799 2297 1887 2350 est
1927 2291 2285 2369 principum,

364 2389 553 2449 quem.
576 2391 696 2433 non
726 2375 924 2450 grauis
954 2374 1109 2434 fama
1147 2376 1538 2452 perstringat,
1602 2391 1790 2450 usque
1833 2372 1982 2434 adeo
2013 2382 2081 2434 ut
2110 2376 2285 2434 etiam
2317 2388 2372 2427 25

361 2456 605 2518 Marcus
627 2457 690 2517 in
720 2475 1060 2517 sermonem
1092 2459 1346 2526 uenerit,
1382 2456 1538 2536 quod
1556 2458 1778 2518 Verum
1812 2455 1908 2518 uel
1940 2476 2176 2518 ueneno
2210 2461 2288 2520 ita

362 2539 567 2601 tulerit
598 2547 665 2600 ut
704 2547 875 2619 parte
916 2541 1093 2602 cultri
1122 2558 1358 2602 ueneno
1387 2540 1493 2601 lita
1523 2540 1766 2602 uuluam
1796 2541 2074 2602 inciderit
2103 2561 2290 2604 uene-

360 2633 558 2685 natam
593 2633 822 2703 partem
862 2627 1036 2686 fratri
1068 2625 1358 2688 edendam
1397 2627 1723 2704 propinans
1756 2633 1814 2685 et
1843 2626 1955 2686 sibi
1985 2628 2288 2688 innoxiam

292 2725 327 2772 6
360 2727 709 2780 reseruanS‚
777 2709 871 2770 uel
915 2718 1078 2770 certe
1120 2729 1229 2789 per
1272 2710 1570 2770 medicum
1609 2710 2026 2790 Posidippum,
2089 2714 2190 2791 qui
2237 2713 2292 2771 ei

465 2947 491 2993 1
520 2945 591 2994 ad
614 2946 1000 3009 imperatorem
1033 2945 1251 3016 legatos
1279 2946 1320 2996 Ο
1453 2950 1484 2996 2
1520 2949 1793 2999 admissus
1816 2949 1882 2998 M
1905 2949 2029 3010 fort.
2059 2946 2292 2994 emissus

362 3009 493 3073 (scil.
516 3014 573 3062 in
598 3013 867 3077 barbaros)
1006 3017 1037 3064 3
1068 3010 1294 3080 Furius]
1329 3017 1479 3078 prius
1512 3032 1549 3066 u
1582 3020 1635 3067 in
1658 3018 1709 3066 B
1732 3020 1785 3066 in
1807 3031 1912 3066 raa.
2049 3019 2114 3062 ut
2147 3028 2289 3076 quae

359 3077 465 3128 BP
596 3083 631 3129 4
658 3086 806 3131 esset
830 3079 949 3131 BP¹
1092 3085 1150 3132 et
1176 3099 1298 3132 cum
1323 3084 1571 3148 plerique
1597 3113 1664 3120 —
1689 3083 2053 3150 postulantem
2079 3081 2290 3131 Lucius

362 3146 585 3209 quidem
618 3148 955 3200 Mommsenus
1102 3151 1133 3202 6
1177 3151 1538 3202 ostenderent
1580 3155 1672 3202 uix
1705 3167 1892 3201 sanum.
1963 3150 2291 3199 desideratur

360 3215 499 3264 notio
533 3215 789 3278 efficiendi
932 3217 1201 3282 9yllirici
1228 3219 1280 3269 B
1420 3223 1480 3269 11
1517 3220 1610 3269 bia
1645 3233 1859 3284 quoque
1883 3217 1986 3266 BP
2029 3217 2122 3266 uia
2159 3231 2290 3280 quo-

361 3295 467 3345 que
493 3282 560 3332 M
576 3284 673 3334 ubi
698 3290 883 3336 autem
908 3292 1105 3350 postea
1130 3302 1241 3336 una
1265 3288 1372 3336 iter
1397 3287 1437 3336 C
1467 3302 1685 3351 unaque
1710 3286 1898 3348 ,sm-ipsi
2057 3285 2119 3332 12
2145 3284 2293 3333 inter

356 3347 479 3398 ΒΡι
599 3354 662 3402 15
688 3355 1024 3406 suscriberet
1049 3355 1099 3404 P
1236 3357 1296 3405 17
1323 3355 1584 3405 Geminus
1610 3354 1944 3404 Momm-enus
2089 3355 2150 3402 19
2179 3351 2288 3402 dis-

359 3416 633 3480 plicerent
667 3420 801 3473 P²M
954 3424 1018 3472 22
1054 3439 1175 3472 cum
1208 3420 1328 3472 BP¹
1489 3423 1555 3470 24
1589 3421 1696 3471 diis
1728 3419 1794 3470 Ρι
1834 3420 1909 3483 (ut
1933 3419 2062 3484 uid.)
2225 3422 2289 3469 27

354 3485 580 3536 bulbam
603 3487 725 3540 ΒΡι
