2517 3884
313 173 415 238 ’10
1019 179 1192 236 AELII
1235 180 1580 238 SPARTIANI

104 344 280 439 ξιξ-775
316 354 414 407 tus
445 345 676 406 honore
709 345 1054 407 cumulauit.
1119 347 1319 424 ipsum
1348 354 1549 408 autem
1590 349 1835 408 tertium
1880 347 2263 410 consulatum

317 439 376 492 et
405 438 683 510 quattuor
712 431 1021 491 mensibus
1055 437 1283 491 tantum
1316 434 1437 509 egit
1468 440 1529 492 et
1556 433 1618 492 in
1650 450 1721 492 eo
1754 450 1932 512 saepe
1962 433 2059 500 ius
2090 433 2258 496 dixit.

248 527 280 575 6
317 518 546 578 senatui
575 516 858 594 legitimo,
887 533 1020 576 cum
1053 517 1115 574 in
1149 515 1299 576 urbe
1330 515 1429 576 uel
1458 519 1621 578 iuxta
1652 516 1863 577 urbem
1890 525 2067 587 esset,
2102 537 2260 580 sem·

247 613 277 661 7
315 620 426 680 per
452 602 739 662 interfuit.
804 607 1045 662 senatus
1077 600 1377 678 fastigium
1420 602 1483 662 in
1517 609 1745 662 tantum
1778 601 1989 663 extulit
2018 603 2262 666 difficile

318 688 542 747 faciens
574 694 884 747 senatores
913 693 999 753 ut,
1035 703 1170 745 eum
1200 687 1504 748 Attianum
1536 705 1609 748 ex
1639 688 1945 767 praefecto
1970 691 2261 766 praetorii
2316 706 2341 745 5

315 773 680 831 ornamentis
739 768 1156 831 consularibus
1214 771 1551 848 praeditum
1611 773 1837 833 faceret
1896 781 2260 843 senatorem,

315 855 462 916 nihil
521 873 586 916 se
645 853 902 934 amplius
949 853 1173 915 habere
1226 855 1384 935 quod
1436 858 1498 916 in
1550 873 1685 916 eum
1742 858 2005 917 conferri
2054 868 2263 935 posset

244 950 278 998 8
315 941 660 1001 ostenderit.
725 941 954 1018 equites
984 939 1283 1000 Romanos
1325 959 1438 1001 nee
1481 943 1611 1002 sine
1654 960 1720 1002 se
1760 941 1835 1002 de
1881 943 2260 1006 senatoribus

245 1035 277 1083 9
315 1043 425 1086 nec
457 1042 662 1086 secum
691 1024 956 1084 iudicare
986 1026 1279 1103 permisit.
1316 1033 1447 1086 erat
1478 1028 1635 1087 enim
1668 1036 1810 1087 tune
1842 1045 1971 1087 mos
2000 1033 2085 1096 ut,
2120 1047 2258 1089 cum

312 1111 594 1188 princeps
625 1127 832 1171 causas
863 1117 1232 1186 agnosceret,
1266 1116 1327 1170 et
1356 1118 1667 1172 senatores
1699 1119 1758 1172 et
1788 1113 2020 1188 equites
2038 1111 2257 1174 Roma·
2293 1129 2340 1167 10

311 1212 422 1254 nos
451 1196 512 1254 in
545 1193 863 1254 eonsilium
893 1201 1138 1254 uocaret
1181 1202 1240 1254 et
1280 1197 1639 1258 sententiam
1682 1214 1753 1256 ex
1798 1198 2066 1258 omnium
2109 1197 2259 1258 deli-

211 1289 276 1338 10
311 1279 622 1340 bei-atione
651 1279 970 1358 proferret.
1035 1283 1379 1340 exsecratus
1410 1290 1503 1341 est
1531 1281 1791 1358 denique
1821 1283 2125 1360 principes
2158 1285 2261 1360 qui

208 1373 272 1420 11
313 1365 512 1425 minus
541 1363 920 1426 senatoribus
950 1362 1323 1424 detulissent.
1390 1364 1681 1426 Seruiano
1712 1367 1938 1426 sororis
1971 1368 2123 1434 uiro,
2158 1369 2258 1428 cui

312 1456 539 1510 tantum
571 1448 780 1510 detulit
806 1455 872 1508 ut
903 1449 956 1506 ei
987 1449 1253 1508 uenienti
1286 1448 1361 1509 de
1392 1449 1668 1510 eubiculo
1700 1469 1938 1529 semper
1970 1468 2255 1512 occurre·

309 1535 424 1602 rit,
459 1535 701 1593 tertium
731 1531 1142 1604 consulatum,
1186 1551 1301 1594 nec
1332 1552 1537 1596 secum
1568 1543 1802 1604 tamen,
1850 1553 1983 1596 cum
2028 1534 2127 1596 ille
2162 1535 2256 1598 bis
2286 1553 2336 1593 15

310 1623 452 1678 ante
479 1618 846 1678 Hadrianum
876 1617 1105 1686 fuisset,
1133 1635 1208 1678 ne
1232 1626 1395 1679 esset
1426 1619 1721 1681 secundae
1752 1622 2099 1691 sententiae,
2134 1639 2256 1682 non

309 1704 539 1781 petenti
567 1721 635 1764 ac
665 1704 794 1763 sine
823 1703 1170 1780 precatione
1197 1706 1516 1765 concessit.

233 1781 280 1845 9
437 1787 600 1848 Inter
629 1785 777 1848 haec
807 1795 1009 1848 tamen
1052 1793 1111 1846 et
1141 1786 1359 1851 multas
1402 1791 1745 1868 prouincias
1787 1807 1819 1848 a
1851 1789 2107 1850 Traiano
2150 1789 2252 1849 ad-

311 1872 558 1950 quisitas
588 1871 829 1950 reliquit
871 1880 931 1932 et
971 1871 1301 1941 theatrum,
1338 1874 1494 1950 quod
1539 1874 1642 1935 ille
1683 1877 1746 1934 in
1789 1893 1999 1953 campo
2042 1874 2253 1934 Martio

236 1963 274 2010 2
310 1963 636 2034 posuerat‚‘
661 1964 870 2017 contra
902 1959 1170 2017 omnium
1200 1963 1343 2017 uota
1373 1958 1685 2019 destruxit.
1742 1967 1801 2018 et
1832 1957 1979 2020 haec
2013 1959 2253 2035 quidem
2280 1977 2333 2017 20

312 2061 384 2102 eo
414 2043 679 2102 tristiora
711 2040 1070 2104 uidebantur
1091 2087 1106 2110 ,
1141 2041 1298 2120 quod
1334 2045 1562 2112 omnia,
1609 2060 1760 2121 quae
1803 2042 2122 2121 displicere
2157 2045 2249 2104 ui-

311 2126 496 2187 disset
523 2127 886 2195 HadrianuS‚
923 2125 1195 2187 mandata
1241 2126 1357 2187 sibi
1400 2135 1465 2188 ut
1493 2129 1721 2189 faceret
1762 2135 1995 2188 secreto
2038 2145 2079 2187 a
2104 2127 2254 2188 Tra-

235 2218 273 2264 3
311 2211 446 2270 iano
477 2229 610 2272 esse
641 2211 978 2272 simulabat.
1050 2229 1188 2272 cum
1218 2213 1465 2280 Attiani,
1510 2213 1800 2290 praefecti
1832 2213 1925 2272 sui
1968 2219 2028 2273 et
2060 2229 2250 2292 quon-

309 2294 441 2354 dam
475 2297 717 2366 tutoris,
762 2298 1085 2374 potentiam
1126 2297 1289 2356 serre
1332 2314 1452 2357 non
1468 2304 1721 2394 posset,
1770 2299 1939 2356 nisus
1982 2305 2073 2357 est
2114 2315 2253 2358 eum

245 2357 698 2447 obtruncare,
743 2380 848 2439 sed
879 2388 1196 2440 reuocatus
1228 2387 1345 2448 est,
1380 2381 1518 2458 quia
1549 2381 1667 2438 iam
1699 2388 1984 2457 quattuor
2027 2400 2247 2443 consu·-
2278 2401 2331 2441 25

307 2461 524 2523 larium
556 2465 922 2536 occisorum,
958 2479 1212 2539 quorum
1245 2462 1487 2539 quidem
1519 2481 1726 2524 necem
1758 2466 1821 2523 in
1850 2465 2073 2526 Attiani
2106 2485 2248 2527 con-

233 2553 272 2603 4
308 2547 440 2606 silia
469 2547 854 2616 refundebat,
897 2548 1284 2625 premebatur
1313 2547 1561 2608 inuidia.
1625 2549 1722 2608 cui
1766 2567 1903 2609 cum
1934 2569 2249 2612 successo·

307 2649 434 2692 rem
467 2631 610 2692 dare
641 2650 758 2692 non
789 2639 1010 2710 posset,
1047 2633 1182 2732 quia
1211 2650 1331 2692 non
1342 2631 1622 2710 petebat,
1656 2632 1714 2693 id
1748 2636 1869 2711 egit
1898 2642 1966 2695 ut
1993 2643 2248 2715 peteret,

308 2724 485 2795 atque
518 2715 621 2776 ubi
651 2717 908 2795 primum
942 2717 1118 2794 petit,
1152 2719 1214 2776 in
1247 2715 1595 2778 Turbonem
1637 2717 1945 2780 transtulit
1984 2728 2247 2800 potesta-

235 2807 272 2855 5
309 2809 458 2868 tem;
494 2819 628 2861 cum
663 2801 902 2878 quidem
937 2802 1112 2860 etiam
1145 2799 1338 2861 Simili
1368 2800 1539 2862 alteri
1573 2804 1883 2882 praefecto
1916 2805 2243 2884 Septicium
2276 2824 2326 2864 30

235 2889 272 2938 6
310 2884 548 2946 Clarum
579 2903 992 2946 successorem
1034 2885 1215 2946 dedit.
1279 2889 1592 2949 summotis
1632 2888 1728 2950 his
1770 2908 1799 2949 a
1844 2891 2244 2968 praefectura,

411 3021 442 3069 5
468 3021 744 3069 atutinum
767 3020 991 3070 BPVM
1010 3036 1098 3070 em
1128 3020 1170 3070 S
1308 3024 1370 3072 12
1405 3022 1665 3090 princeps
1689 3020 1809 3074 ΒΡί
1834 3038 1972 3074 corr.
1998 3019 2066 3070 Ρ3
2183 3021 2247 3070 16

302 3089 437 3135 ante
465 3103 557 3136 om.
584 3087 704 3136 BP¹
717 3087 875 3151 (add
904 3087 996 3152 P3)
1031 3089 1087 3138 V
1190 3105 1303 3140 non
1327 3091 1415 3140 Ρ
1395 3107 1449 3140 m
1471 3093 1781 3143 ras.17
1808 3089 2063 3154 p‘catione
2090 3088 2141 3136 B

414 3155 475 3203 19
500 3154 767 3218 relinquit
790 3155 841 3205 B
851 3155 936 3205 1Ρι
1071 3158 1279 3207 marcio
1304 3158 1410 3208 BP
1540 3160 1601 3208 21
1641 3156 2001 3220 displicerent
2024 3154 2099 3205 B¹
2135 3155 2246 3205 dis·

305 3220 542 3285 plieeret
576 3221 720 3272 B²P¹
755 3223 913 3284 (corr.
949 3221 1049 3288 ΡΒ)
1084 3225 1140 3273 V
1269 3225 1479 3275 uidisse
1504 3224 1625 3274 BP¹
1661 3224 1821 3287 (corr.
1857 3221 1957 3286 Ρ3)
1993 3222 2049 3271 V
2178 3225 2245 3274 22

303 3288 534 3340 decreto
568 3305 602 3338 a
625 3290 796 3340 BVM
831 3291 1056 3341 decreta
1082 3291 1148 3342 P¹
1178 3291 1253 3356 (ut
1278 3296 1380 3343 αἰεί,
1390 3293 1407 3355 )
1444 3292 1668 3340 decreto
1695 3288 1765 3338 P²
1787 3307 1879 3340 em.
1908 3291 2247 3342 Momm-senus

409 3359 474 3407 23
500 3359 704 3408 tatiani
731 3359 794 3408 M
926 3361 994 3410 24
1017 3361 1178 3410 nixus
1205 3360 1277 3411 P3
1410 3361 1475 3408 25
1510 3356 1878 3408 consularium
1903 3363 2169 3422 quattuor
2193 3359 2244 3408 B

303 3491 335 3540 f
409 3426 474 3475 27
502 3428 889 3544 Ρταέἶηθῦαωτ
913 3429 964 3478 P
1045 3430 1110 3478 28
1139 3429 1371 3494 putebat
1389 3425 1461 3474 B¹
1549 3427 1615 3474 30
1640 3424 1897 3476 similiter
1920 3426 1995 3476 B²
2077 3441 2241 3498 prae·
2276 3429 2285 3438 '

335 3497 559 3544 ecturae
662 3497 712 3544 P
