2517 3884
591 1022 1156 1099 TREBELLH
1204 1022 1765 1103 POLLIoms

301 1228 1049 1328 TYRANNI
1171 1228 2073 1347 TRIGINTA*

325 1501 624 1581 Scriptis
607 1522 723 1565 iam
755 1502 1040 1583 pluribus·
1065 1502 1255 1573 libris,
1290 1522 1413 1564 non
1444 1502 1732 1564 historico
1764 1520 1877 1565 nee
1908 1502 2133 1565 diserto
2169 1503 2206 1567 1

193 1586 303 1647 sed
363 1587 627 1667 pedestri
679 1588 984 1669 adloquio,
1047 1588 1121 1649 ad
1175 1606 1309 1649 eam
1357 1596 1701 1667 temporum
1729 1590 2007 1650 uenimus
2038 1607 2139 1649 se-

138 1693 166 1733 5
195 1674 377 1743 riem,
437 1674 499 1734 in
541 1690 658 1751 qua
699 1692 810 1753 per
861 1691 1052 1735 annos
1103 1672 1325 1753 quibus
1354 1672 1662 1734 Gallienus
1695 1682 1753 1735 et
1786 1672 2137 1737 Valerianus

192 1776 328 1818 rem
380 1777 439 1857 p.
484 1765 812 1819 tenuerunt
868 1760 1112 1837 triginta
1171 1760 1411 1839 tyranni
1470 1767 1760 1837 occupato
1822 1758 2137 1821 Valeriano

193 1844 433 1921 magnis
475 1843 619 1905 belli
647 1843 874 1905 Persici
916 1843 1372 1905 necessitatibus
1414 1844 1771 1913 extiterunt,
1831 1860 1969 1905 cum
1993 1842 2137 1909 ,Gal-

192 1926 421 1989 lienum
479 1946 601 1989 non
661 1928 857 1991 solum
898 1930 1016 1990 uiri
1058 1928 1163 1991 sed
1209 1930 1389 1989 etiam
1434 1926 1721 1989 mulieres
1762 1930 2137 2009 contemptui

195 2012 517 2083 haberent,
583 2021 648 2074 ut
690 2015 814 2075 suis
865 2012 1012 2076 loeis
1053 2013 1429 2093 probabitur.
1506 2012 1613 2073 sed
1646 2014 1929 2091 quoniam
1971 2020 2135 2075 tanta
2170 2024 2207 2073 2

114 2118 168 2158 ιο
197 2097 532 2160 obscuritas
591 2116 802 2160 eorum
859 2098 1172 2160 hominum
1201 2100 1343 2169 fuit,
1406 2100 1512 2175 qui
1557 2116 1632 2158 ex
1664 2095 1923 2159 diuersis
1968 2097 2136 2159 orbis

192 2184 464 2263 partibus
494 2183 567 2246 ad
596 2184 919 2265 imperium
965 2181 1393 2253 conuolabant,
1444 2189 1511 2243 ut
1554 2180 1903 2243 non'multa
1935 2181 2010 2243 de
2040 2182 2138 2245 his

194 2267 295 2329 uel
326 2268 444 2330 diei
471 2270 704 2348 possint
731 2288 765 2331 a
795 2267 1163 2331 doctioribus
1204 2268 1306 2329 uel
1335 2269 1595 2347 requirit
1653 2266 1868 2329 deinde
1899 2267 1973 2327 ab
2006 2286 2135 2329 om-

195 2354 369 2415 nibus
399 2354 700 2416 historicis
733 2354 835 2433 qui
865 2354 1092 2417 Graece
1125 2371 1193 2413 ao
1223 2354 1434 2414 Latine
1466 2354 1840 2454 scripserunt
1868 2354 1949 2413 ita
1981 2370 2133 2414 non-

196 2438 345 2501 nulli
373 2448 831 2519 praetereantur
873 2442 960 2501 uti
993 2457 1203 2501 eorum
1233 2454 1345 2501 nee
1374 2440 1618 2500 nomina
1644 2438 2131 2516 frequententur,

117 2542 170 2584 15
195 2532 500 2605 postremo
532 2544 669 2587 eum
707 2532 831 2587 tam
872 2527 1038 2587 uarie
1069 2544 1103 2586 a
1132 2524 1439 2605 plerisque
1480 2542 1661 2604 super
1700 2524 1794 2585 his
1847 2523 2135 2585 nonnulla

195 2611 316 2671 sint
367 2607 628 2689 prodita:
675 2612 738 2671 in
789 2601 980 2672 unum
1037 2629 1138 2671 eos
1190 2608 1461 2671 libellum
1516 2608 1742 2671 contuli
1788 2616 1847 2671 et
1884 2608 2133 2685 quidem

193 2694 460 2765 breuem,
493 2694 752 2756 maxime
785 2712 924 2756 cum
955 2694 1098 2756 uel
1082 2714 1144 2756 m
1170 2695 1467 2756 Valeriani
1498 2692 1597 2756 uel
1627 2696 1689 2754 in
1722 2691 1977 2754 Gallieni
2009 2695 2132 2753 uita

192 2779 483 2859 pleraque
514 2779 588 2841 de
630 2780 725 2841 his
756 2780 912 2841 dieta
950 2798 1061 2842 neo
1101 2779 1429 2859 repetenda
1472 2787 1667 2839 tamen
1699 2779 1841 2838 satis
1874 2784 2128 2838 constet.

939 2960 1398 3029 CYRIADES

117 3156 170 3197 πο
322 3134 433 3197 Hie
462 3143 696 3216 patrem
729 3135 1037 3216 Cyriadem
1069 3135 1333 3213 fugienS,
1389 3134 1559 3196 diues
1590 3140 1649 3193 et
1679 3131 1926 3201 nobilis,
1994 3150 2133 3193 oum
2170 3130 2214 3195 2

197 3219 433 3283 luxuria
463 3240 567 3283 sua
599 3228 658 3282 et
689 3221 956 3283 moribus
992 3219 1243 3300 perditis
1278 3227 1547 3281 sanctum
1590 3236 1797 3280 senem
1826 3223 2132 3296 grau-aret,

337 3408 363 3455 1
389 3407 591 3473 incipit
617 3406 865 3458 eiusdem
888 3401 1114 3473 tyranni
1137 3406 1369 3472 triginta
1394 3405 1497 3455 BP
1652 3404 1685 3455 6
1709 3404 1929 3456 xxxta
1952 3404 2007 3454 B
2102 3403 2107 3409 ’

201 3474 262 3525 11
291 3474 666 3525 conualabant
690 3472 742 3525 B
891 3478 952 3526 12
979 3475 1250 3529 ominibus
1275 3476 1325 3524 P
1449 3476 1511 3525 14
1536 3488 1641 3525 neo
1665 3474 1866 3526 addidit
1890 3474 2141 3523 Erasmus

337 3544 400 3592 16
427 3548 483 3593 et
507 3558 602 3593 om.
628 3542 730 3593 BP
752 3544 1005 3608 equidem
1033 3544 1090 3593 M
1227 3545 1295 3595 20
1320 3542 1479 3594 nobis
1503 3542 1554 3592 B
