2517 3884
301 214 308 220 ·
332 174 461 240 260
1034 179 1210 236 AELII
1250 181 1580 239 LAMPRIDII

203 339 320 495 »ξ
461 349 530 410 In
559 348 706 408 iocis
735 346 1118 408 dulcissimus
1160 350 1298 420 fuit,
1347 349 1405 410 in
1440 347 1655 410 fabulis
1697 347 1997 417 amabilis,
2030 350 2095 408 in
2126 365 2272 410 con·-

235 440 266 487 ’.
336 435 514 496 uiuiis
567 435 780 504 comis,
834 435 916 493 ita
971 440 1039 492 ut
1097 435 1349 513 quisque
1390 442 1670 514 posceret
1712 433 1869 511 quod
1914 433 2115 494 uellet.
2197 434 2270 494 ad

254 590 256 592 .
335 539 547 581 aurum
578 517 976 596 colligendum
1008 525 1287 589 attentus,
1322 520 1395 580 ad
1426 519 1789 581 seruandum
1814 526 2039 589 cautim,
2074 519 2194 580 ad
2177 538 2270 580 m-

267 618 299 667 3
335 605 699 666 ueniendum
731 601 1038 673 sollicitus,
1074 604 1178 664 sed
1211 607 1339 665 sine
1372 607 1719 682 cuiusquam
1754 603 2000 664 excidio.
2054 604 2273 684 Syrum

335 710 400 752 se
432 690 548 751 dici
577 687 818 750 nolebat
848 688 953 749 sed
994 707 1028 748 a
1057 689 1387 752 maioribus
1416 689 1749 750 Romanum
1796 697 1855 750 et
1886 696 2134 750 stemma
2166 704 2271 768 ge·
2327 704 2353 745 5

335 779 500 836 neris
531 776 902 854 depinxerat,
937 791 1054 850 quo
1087 775 1533 845 ostendebatur,
1568 792 1759 852 genus
1791 776 1919 834 eius
1952 793 1983 834 a
2014 775 2271 836 Metellis

266 875 302 924 4
337 861 719 922 descendere.
768 859 1112 920 rhetoribus
1143 863 1543 938 grammaticis
1573 859 1821 920 medicis
1850 858 2272 938 haruspicibus

333 945 766 1006 mathematicis
777 943 1138 1006 mechanicis
1169 945 1513 1006 architectis
1543 944 1757 1005 salaria
1786 946 2047 1006 instituit
2076 952 2135 1004 et
2165 964 2269 1006 au-

337 1027 548 1091 ditoria
601 1029 871 1090 decreuit
935 1037 993 1090 et
1045 1029 1369 1108 discipulos
1432 1049 1569 1090 cum
1628 1031 1884 1090 annonis
1936 1047 2272 1109 pauperum

267 1132 299 1180 5
336 1116 488 1177 filios
520 1115 698 1176 modo
725 1117 1020 1192 ingenuos
1051 1115 1179 1176 dari
1210 1116 1399 1176 iussit.
1465 1117 1639 1175 etiam
1684 1116 1745 1174 in
1774 1112 2103 1193 prouinciis
2134 1127 2269 1174 ora÷
2302 1131 2353 1170 10

335 1201 572 1262 toribus
601 1199 958 1262 forensibus
973 1199 1226 1260 multum
1257 1199 1487 1270 detulit,
1533 1199 1843 1279 plerisque
1872 1201 2052 1260 etiam
2083 1217 2271 1260 anno-

270 1302 301 1350 6
335 1305 443 1348 nas
486 1286 676 1355 dedit,
726 1301 876 1362 quos
919 1287 1284 1346 constitisset
1325 1287 1511 1371 gratis
1557 1302 1753 1362 agere.
1814 1283 1979 1362 leges
2008 1281 2056 1364 †
2086 1300 2273 1362 agnos

336 1373 598 1432 firmauit
630 1387 847 1447 easque
881 1373 1056 1430 etiam
1087 1373 1217 1450 ipse
1259 1364 1713 1448 diligentissime
1757 1371 2039 1430 seruauit.
2106 1368 2272 1430 thea-

271 1457 510 1520 7tralia
541 1453 878 1536 spectacula
910 1473 1087 1535 saepe
1131 1454 1295 1517 obiit.
1370 1455 1670 1516 theatrum
1712 1455 1977 1516 Marcelli
2016 1455 2271 1515 reficere

269 1557 302 1605 8
337 1542 546 1602 uoluit.
611 1539 814 1600 multis
847 1540 1212 1611 ciuitatibuS,
1262 1559 1413 1620 quae
1442 1547 1580 1619 post
1610 1546 1807 1600 terrae
1838 1548 2037 1600 motus
2068 1539 2269 1603 defor·
2300 1554 2354 1596 15

335 1645 464 1688 mes
496 1633 695 1695 erant,
739 1632 1008 1703 sumptus
1050 1625 1123 1685 ad
1164 1627 1655 1686 instaurationem
1700 1642 1949 1703 operum
1982 1631 2043 1685 et
2070 1624 2271 1704 publi·-
2336 1634 2341 1638 ’

339 1726 544 1772 corum
585 1718 645 1770 et
684 1711 1055 1788 priuatorum
1105 1708 1477 1790 [pecuniam]
1530 1729 1605 1770 ex
1642 1707 2035 1788 uectigalibus
2086 1710 2267 1771 dedit.

269 1811 300 1858 9
336 1800 398 1858 in
428 1795 672 1875 templis
715 1813 858 1854 sane
899 1810 1224 1872 numquam
1268 1804 1511 1874 praeter
1542 1802 1820 1874 quattuor
1863 1801 1964 1855 aut
2004 1796 2273 1873 quinque

337 1883 567 1960 argenti
609 1879 794 1944 libras
835 1881 965 1940 auri
1018 1898 1092 1939 ne
1135 1881 1424 1958 guttulam
1481 1879 1717 1960 quidem
1767 1889 1869 1942 aut
1913 1879 2271 1942 bratteolam

337 1969 556 2047 posuit,
591 1983 914 2027 susurrans
945 1984 1191 2026 uersum
1221 1965 1420 2026 Flacci
1449 1965 1649 2026 Persi:
2294 1981 2348 2021 20

239 2075 332 2111 1169
744 2053 850 2120 „in
881 2051 1098 2112 sanctis
1129 2051 1271 2129 quid
1304 2052 1445 2112 facit
1474 2051 1771 2112 aurum‘?“

159 2203 167 2208 ,
235 2135 322 2200 45
469 2133 897 2216 Expeditiones
947 2135 1190 2197 bellicas
1232 2135 1466 2206 habuit,
1514 2135 1589 2196 de
1629 2133 1847 2213 quibus
1898 2133 2143 2196 ordine
2158 2152 2269 2195 suo

339 2222 680 2284 edisseram.
743 2223 1004 2300 primum
1033 2229 1233 2282 tamen
1268 2222 1394 2282 eius
1438 2219 1924 2282 consuetudinem
1967 2219 2159 2280 dicam
2192 2220 2269 2280 de

271 2319 303 2366 2
340 2306 520 2369 rebus
551 2305 649 2367 uel
679 2305 946 2367 tacendis
975 2305 1072 2367 uel
1101 2306 1447 2384 prodendis.
1496 2306 1843 2378 tacebantur
1874 2297 2105 2366 secreta
2135 2304 2265 2365 bel-

337 2391 551 2460 lorum,
583 2392 867 2450 itinerum
895 2399 1089 2452 autem
1123 2391 1250 2452 dies
1280 2390 1516 2469 publice
1546 2391 2054 2470 proponebantur,
2091 2391 2171 2449 ita
2200 2395 2267 2449 ut
2293 2405 2350 2444 25

339 2476 597 2536 edietum
627 2474 919 2555 penderet
949 2482 1085 2535 ante
1109 2493 1369 2536 menses
1408 2475 1577 2544 duos,
1611 2478 1673 2536 in
1706 2494 1822 2554 quo
1854 2477 2138 2554 scriptum
2171 2491 2267 2534 es-

339 2569 460 2622 set:
527 2557 674 2630 „Illa
721 2558 844 2630 die,
889 2559 988 2620 illa
1029 2559 1176 2621 hora
1219 2561 1292 2620 ab
1334 2558 1486 2622 urbe
1528 2579 1658 2622 sum
1694 2562 1963 2620 exiturus
1996 2567 2083 2629 et,
2128 2561 2179 2620 si
2208 2558 2271 2622 di

335 2646 666 2715 noluerint,
699 2647 762 2705 in
792 2647 984 2724 prima
1015 2647 1323 2707 mansione
1365 2654 1748 2715 mansurus‚“
1782 2645 1995 2706 deinde
2024 2663 2137 2724 per
2168 2663 2266 2704 or-

337 2733 538 2793 dinem
583 2732 949 2800 mansiones,
1005 2731 1218 2793 deinde
1278 2734 1557 2800 statiuae‚
1615 2729 1831 2791 deinde
1886 2729 1986 2791 ubi
2033 2747 2269 2793 annona
2440 2801 2449 2809 .

337 2825 497 2879 esset
526 2815 886 2895 accipienda.
925 2823 983 2876 et
1009 2816 1070 2877 id
1103 2817 1343 2893 quidem
1376 2835 1447 2876 eo
1478 2834 1671 2894 usque
1702 2816 1983 2894 quamdiu
2016 2814 2088 2875 ad
2116 2815 2267 2875 fines
2294 2827 2346 2866 30

267 2915 299 2964 3
335 2902 683 2964 barbaricos
713 2904 1040 2962 ueniretur.
1090 2903 1210 2962 iam
1243 2904 1403 2963 enim
1430 2902 1571 2962 inde
1600 2900 1929 2970 tacebatur,
1966 2907 2024 2960 et
2054 2917 2266 2960 omnes

439 3108 464 3155 1
491 3107 549 3155 in
571 3107 712 3156 iocis
735 3106 1049 3156 Alexander
1070 3104 1216 3156 P³M
1348 3106 1562 3157 conniis
1583 3103 1685 3154 BP
1716 3103 1773 3167 (t.
1802 3103 1873 3168 I.)
2012 3105 2043 3152 2
2070 3099 2264 3168 comis]

334 3173 494 3224 malis
519 3175 597 3222 B¹
736 3173 931 3224 uelleri
953 3171 1034 3223 B¹
1173 3177 1203 3225 7
1239 3175 1583 3225 rethroribus
1614 3173 1665 3221 B
1699 3171 2013 3222 rethoribus
2037 3172 2088 3220 P
2232 3173 2265 3221 8

333 3243 688 3294 mathematis
721 3241 796 3290 P¹
832 3240 1087 3294 corr-‚1⁰³
1235 3246 1299 3292 12
1340 3243 1639 3293 eonstisset
1672 3239 1801 3290 BP1
1951 3253 2265 3304 agnoscens

335 3309 483 3360 P³M
525 3325 590 3358 ae
623 3311 710 3358 ius
743 3308 786 3359 S
829 3311 887 3358 in
923 3325 1100 3360 annos
1132 3313 1265 3376 uoly.
1305 3311 1501 3375 agonis
1534 3309 1828 3359 Mommsen
1872 3324 1939 3358 an
1982 3307 2263 3357 abolitas?

438 3379 501 3428 17
528 3376 820 3442 pecuniam
843 3379 979 3428 delet
1001 3378 1044 3428 S
1165 3381 1233 3429 20
1249 3378 1447 3428 Flacci
1471 3394 1565 3429 om.
1591 3377 1658 3426 M
1777 3376 2030 3441 peruersi
2053 3375 2106 3423 B
2199 3377 2263 3424 21

332 3446 392 3494 in
418 3450 612 3496 saneto
635 3445 848 3496 Persius
983 3447 1049 3495 22
1075 3446 1299 3496 ordines
1325 3459 1453 3496 suos
1476 3445 1579 3494 BP
1676 3446 1743 3493 24
1768 3441 2167 3508 protendendis
2191 3439 2266 3491 ΒΞ

435 3517 500 3564 29
527 3513 766 3564 statinae
792 3512 866 3561 B¹
890 3515 1096 3562 testiua
1122 3513 1173 3561 B
1183 3513 1204 3545 ²
1342 3516 1405 3564 31
1431 3509 1561 3577 iam]
1592 3516 1647 3562 et
1671 3513 1782 3561 iam
1804 3511 1973 3561 BPM
