2517 3884
477 270 479 273 .
547 176 922 282 ANTONINVS
965 221 1484 280 HELFOGABALVS.
1576 224 1630 280 C.
1679 228 1912 312 13—7145.
2080 219 2205 282 213

269 393 537 471 precanti
567 391 872 469 praefecto
905 391 1205 460 dixerunt,
1238 410 1303 451 se
1331 409 1620 471 parsuros
1646 397 1777 451 esse
1799 391 2203 470 Heliogabalo,

271 478 322 538 si
353 483 412 536 et
438 477 688 556 inpuros
719 474 992 536 homines
1026 483 1084 536 et
1114 477 1351 554 aurigas
1384 483 1443 536 et
1472 475 1793 536 histrio-nes
1834 495 1867 536 a
1910 495 1973 536 se
2016 477 2202 537 dimo-

269 567 445 622 ueret
475 568 650 641 atque
684 560 755 620 ad
785 560 1004 621 bonam
1037 561 1273 640 frugem
1304 558 1531 622 rediret
1568 563 1619 622 is
1648 562 1903 621 maxime
1943 581 2204 623 summo-

270 649 347 707 tis
392 648 496 724 qui
538 664 674 706 cum
717 647 981 706 omnium
1036 645 1242 707 dolore
1288 646 1442 726 apud
1486 665 1623 708 eum
1664 645 1991 726 plurimum
2035 655 2203 726 pote-

219 749 244 791 5
271 739 406 792 rant
433 737 499 791 et
528 732 631 809 qui
661 732 858 791 omnia
892 732 1021 792 eius
1051 730 1393 792 uendebant
1432 731 1531 794 uel
1560 733 1820 793 ueritate
1866 731 1962 792 uel
2005 731 2201 793 fumis,

270 817 488 878 remoti
521 822 660 876 sunt
690 811 948 892 denique
992 816 1066 877 ab
1113 834 1184 876 eo
1225 807 1537 878 Hierocles
1566 816 1825 878 Gordius
1872 824 1930 877 et
1958 817 2203 878 Mirissi-
2239 822 2271 868 2

270 920 402 962 mus
437 908 496 961 et
527 900 644 961 duo
686 900 927 980 inprobi
968 899 1306 971 familiareS,
1340 902 1444 981 qui
1474 920 1611 962 eum
1644 921 1714 962 ex
1748 902 1927 963 stulto
1971 902 2201 964 stultio-

268 1005 396 1046 rem
429 985 744 1046 faciebant.
807 986 1150 1047 mandatum
1195 992 1507 1065 praeterea
1538 1005 1571 1047 a
1601 986 1889 1047 militibus
1930 986 2198 1065 praefec·
2240 993 2271 1039 3

267 1073 374 1140 tis,
427 1089 504 1131 ne
535 1077 888 1150 paterentur
918 1070 1088 1132 illum
1120 1073 1200 1132 ita
1233 1070 1457 1133 diutius
1488 1073 1731 1140 uiuere,
1768 1079 1827 1132 et
1858 1079 1919 1132 ut
1949 1071 2200 1133 Alexan—

193 1173 244 1212 10
270 1155 380 1216 der
410 1155 845 1226 custodiretur,
892 1175 966 1216 ne
1011 1155 1110 1217 uel
1140 1155 1226 1216 illi
1257 1155 1447 1236 aliqua
1489 1157 1582 1216 uis
1614 1155 1977 1226 adferretur,
2027 1157 2203 1218 simul

269 1259 346 1302 ne
391 1241 610 1302 Caesar
658 1243 1000 1324 ,quempiam
1055 1243 1312 1302 amic-um
1353 1242 1604 1318 Augusti
1658 1239 1920 1311 uideret,
1966 1258 2043 1301 ne
2086 1241 2203 1302 ulla

270 1326 442 1388 fleret
483 1328 731 1386 imitatio
773 1325 1179 1406 turpitudinis.
1255 1325 1363 1386 sed
1404 1325 1825 1404 Heliogabalus
1877 1332 1936 1387 et
1973 1327 2203 1404 ingenti
2238 1332 2271 1379 4

269 1429 454 1490 prece
484 1411 826 1472 Hieroclem
859 1410 1215 1491 reposcebat
1241 1411 1755 1490 inpudicissimum
1800 1411 2101 1471 hominem
2146 1419 2204 1472 et

269 1496 516 1556 insidias
547 1498 607 1555 in
642 1496 770 1556 dies
789 1497 1075 1557 «Caesaris
1105 1496 1491 1574 propagabat.
1556 1495 1811 1574 denique
1840 1495 1956 1557 kal.
1993 1495 2201 1558 Ianua·
2240 1503 2271 1550 5

192 1595 244 1635 15
271 1582 394 1650 riis,
429 1600 564 1641 cum
601 1581 774 1640 simul
806 1588 930 1641 tum
967 1581 1259 1660 designati
1292 1588 1493 1642 essent
1522 1580 1816 1650 consules,
1850 1580 2039 1642 noluit
2068 1601 2204 1641 cum

271 1665 633 1726 consobrino
666 1665 1014 1744 procedere.
1079 1666 1148 1726 ad
1183 1673 1519 1727 extremum
1551 1686 1688 1728 cum
1734 1668 1787 1728 ei
1830 1669 1966 1728 auia.
1991 1675 2047 1728 et
2078 1686 2201 1728 ma·
2240 1671 2271 1718 6
2342 1732 2354 1736 ⁷„

267 1757 359 1811 ter
391 1751 682 1819 dicerent,
713 1752 1010 1822 inminere
1041 1750 1262 1812 milites
1293 1751 1365 1812 ad
1410 1754 1539 1813 eius
1583 1753 1857 1820 exitium,
1888 1753 2019 1812 nisi
2062 1769 2201 1812 con-

269 1835 535 1896 cordiam
565 1834 848 1896 uiderent
887 1837 1045 1896 inter
1089 1855 1152 1896 se
1185 1835 1717 1906 consobrinorum,
1765 1844 2000 1916 sumpta
2031 1855 2202 1916 prae-

271 1925 430 1980 texta
462 1919 610 1979 hora
642 1919 761 1979 diei
793 1925 954 1980 sexta
1000 1923 1295 1999 processit
1336 1921 1408 1982 ad
1453 1929 1757 1990 senatum,
1801 1922 1933 1982 auia
1980 1939 2085 1981 sua
2129 1922 2199 1981 ad

186 2020 240 2060 20
271 2012 541 2064 senatum
572 2011 782 2064 uocata
815 2011 870 2064 et
904 2004 976 2064 ad
1009 2005 1212 2066 sellam
1246 2004 1551 2084 perducta.
1617 2005 1829 2065 deinde
1872 2007 1934 2064 in
1966 2005 2199 2082 Capito-
2239 2013 2268 2060 7

268 2087 412 2150 lium
446 2087 520 2150 ad
549 2097 689 2148 uota
724 2089 1111 2167 concipienda
1147 2096 1205 2150 et
1235 2090 1600 2169 perficienda
1631 2090 1918 2150 solemnia
1961 2091 2051 2150 ire
2092 2109 2199 2151 no·

265 2173 403 2243 luit,
439 2175 754 2250 omniaque
797 2193 906 2254 per
938 2175 1305 2252 praesectum
1339 2175 1633 2236 urbanum
1662 2175 1815 2234 sacta
1850 2180 2005 2280 sunt,
2033 2177 2203 2266 quasi

267 2257 549 2320 consules
577 2257 700 2319 illic
729 2277 850 2320 non
884 2266 1101 2319 essent.

391 2343 517 2404 Nec
549 2342 777 2405 distulit
807 2344 1050 2404 caedem
1082 2341 1455 2414 consobrini,
1503 2343 1605 2405 sed
1645 2346 1889 2415 timenS,
1922 2361 1997 2404 ne
2029 2361 2198 2404 sena·
2225 2338 2303 2404 16

185 2442 242 2484 25
267 2434 364 2488 tus
396 2428 468 2489 ad
503 2428 680 2490 alium
717 2447 780 2489 se
809 2428 1144 2498 inclinaret,
1181 2429 1233 2490 sl
1259 2427 1362 2490 ille
1393 2429 1818 2491 consobrinum
1864 2430 2199 2500 occidisset,

264 2514 439 2574 iussit
482 2512 678 2573 subito
723 2521 993 2574 senatum
1035 2513 1185 2574 urbe
1229 2513 1539 2576 decedere.
1614 2533 1944 2615 omnesque
1986 2515 2202 2592 quibus

266 2605 368 2658 aut
398 2597 676 2658 uehicula
711 2605 813 2658 aut
843 2600 1004 2660 serui
1035 2599 1285 2660 deerant
1313 2599 1507 2660 subito
1538 2602 1833 2681 proticisci
1862 2603 2010 2661 iussi
2038 2607 2197 2669 sunt,

264 2701 400 2742 cum
432 2680 530 2743 alii
559 2701 668 2762 per
701 2682 928 2743 baiulos
961 2683 1058 2744 alii
1097 2702 1208 2762 per
1237 2687 1485 2746 fortuita
1519 2686 1788 2746 animalia
1834 2692 1892 2745 et
1921 2685 2199 2746 mercede

263 2767 558 2828 conducta
603 2766 986 2829 uellerentur.
1077 2769 1361 2830 Sabinum
1412 2770 1783 2832 consularem
1837 2771 2067 2836 uirum,
2126 2771 2196 2831 ad
2235 2779 2265 2824 2

179 2867 236 2907 30
263 2869 442 2932 quem
473 2851 661 2913 libros
693 2851 975 2932 leianus
1007 2855 1277 2932 scripsit,
1311 2855 1519 2933 quod'
1504 2873 1564 2914 m
1596 2855 1747 2914 urbe
1791 2855 2194 2924 remansisset,

361 3075 387 3122 1
416 3088 679 3138 passuros
702 3073 754 3122 P
899 3075 930 3122 3
953 3073 1042 3122 his
1065 3073 1230 3123 BPM
1248 3074 1300 3123 is
1321 3075 1513 3136 sem‘pst‘
1654 3075 1688 3122 4
1714 3073 1806 3136 qui
1832 3089 1954 3122 eum
1976 3073 2029 3122 B
2166 3073 2199 3123 6

255 3139 509 3190 herocles
532 3140 638 3189 BP
665 3140 942 3190 Herodes,
959 3141 1025 3190 M
1047 3140 1168 3204 (bis)
1320 3141 1518 3191 cordus
1550 3141 1713 3190 BPM
1856 3142 2199 3205 myrissimus

255 3207 425 3258 BPM
443 3225 535 3258 em.
565 3208 607 3256 (J
741 3210 772 3258 8
797 3209 988 3258 militis
1013 3209 1116 3258 BP
1250 3211 1315 3258 10
1338 3209 1430 3257 uel
1452 3210 1571 3258 mihi
1592 3210 1855 3258 delendum
1876 3212 2079 3260 uidetur·

256 3277 322 3326 13
345 3275 623 3326 heroclem
645 3275 697 3324 B
855 3279 923 3327 20
948 3277 1218 3340 producta
1243 3276 1387 3326 P¹M
1544 3279 1609 3326 21
1644 3281 1849 3328 uocata
1872 3277 1977 3326 BP
2130 3281 2195 3328 22

257 3344 438 3394 omnia.
470 3344 584 3394 PM
741 3359 840 3410 per
871 3343 936 3410 pr
961 3344 1016 3406 (i.
1045 3361 1087 3397 e.
1116 3344 1303 3410 praer)
1394 3345 1445 3395 b.
1471 3345 1575 3396 BP
1738 3347 1805 3396 24
1839 3360 1907 3395 ne
1946 3361 2037 3395 om.
2066 3345 2195 3396 BP¹

163 3447 172 3451 -
253 3413 378 3464 add.
406 3410 483 3461 1²³
645 3417 799 3464 setus
823 3411 927 3462 BP
956 3428 1092 3462 corr.
1120 3411 1198 3462 Ρ3
1396 3415 1427 3462 5
1460 3413 1702 3479 aliquam
1725 3413 1828 3463 BP
1872 3414 2112 3477 aliquem
2136 3413 2203 3462 M

253 3478 424 3528 alium
447 3481 637 3544 scr-ipsi
766 3525 769 3528 .
793 3483 858 3530 26
883 3491 1180 3545 ‘omnesque
1207 3481 1378 3531 etiam
1401 3481 1469 3531 M
1622 3485 1685 3532 27
1711 3481 1875 3532 iussit
1899 3479 2063 3531 B¹P1
2254 3493 2260 3499 ·

251 3549 320 3598 30
343 3545 658 3612 ulpicianus
681 3549 812 3599 BP¹
839 3547 962 3614 (ter)
2002 3556 2006 3563 '
