2517 3884
333 188 376 254 8
789 269 792 276 Ι
1034 192 1166 250 IVLI
1209 189 1580 248 (ιΑΡιίοιιΝι

271 372 308 421 4
342 363 546 432 tuerit,
579 361 1003 440 grauissimum
1033 361 1161 421 fuit.
1225 379 1363 420 nam
1396 378 1531 420 cum
1561 361 1624 420 in
1656 359 1844 422 Gallia
1876 366 2034 420 esset
2064 367 2121 420 et
2151 377 2281 419 non

341 448 522 526 longe
555 447 630 508 ab
679 446 824 508 urbe
870 445 1124 523 quadam
1167 453 1361 506 castra
1402 446 1731 525 posuisset,
1776 443 1971 506 subito
2010 444 2281 505 inmissis

341 531 652 600 militibus,
685 539 751 592 ut
783 529 1024 608 quidam
1053 529 1279 601 dicunt,
1315 530 1391 591 ab
1418 532 1569 609 ipso,
1604 537 1670 591 ut
1700 529 1816 600 alii,
1849 528 2109 590 tribunis
2136 527 2279 589 bar-

345 619 530 688 baris,
564 615 896 677 Alexander
929 615 1003 675 ad
1032 622 1287 676 matrem
1328 617 1563 694 fugiens
1604 617 2002 695 interemptus
2034 625 2122 676 est
2150 615 2281 676 Ma-

273 711 314 764 5
348 704 571 764 ximino
624 702 743 762 iam
793 701 1157 779 imperatore
1221 701 1541 781 appellato.
1632 708 1693 760 et
1744 718 1985 762 causam
2036 699 2283 778 quidem
2336 707 2380 749 5

345 786 665 850 Alexandri
703 785 1088 847 interimendi
1128 784 1228 847 alii
1269 786 1443 848 aliam
1486 787 1671 849 fuisse
1724 785 1943 846 dicunt.
2036 785 2285 863 quidam

351 873 510 934 enim
560 871 950 932 Mammaeam
995 870 1210 936 dicunt.
1241 879 1546 933 auctorem
1588 872 1799 940 fuisse,
1844 880 1910 931 ut
1946 868 2101 931 iilius
2173 870 2281 930 de-

351 964 514 1018 serto
543 955 703 1017 bello
735 955 1090 1017 Germanico
1121 957 1416 1017 orientem
1444 962 1708 1036 peteret.
1748 961 1927 1034 atque
1954 955 2091 1016 ideo
2121 953 2280 1016 mili·

264 1049 314 1100 ‘e
349 1050 442 1104 tes
483 1043 547 1101 in
591 1040 946 1102 seditionem
983 1043 1357 1121 prorupisse.
1443 1040 1713 1120 quidam,
1760 1040 1919 1118 quod
1961 1038 2059 1101 ille
2100 1041 2283 1100 nimis

349 1143 606 1188 seuerus
635 1133 794 1187 esset
825 1133 884 1187 et
913 1125 1206 1187 uoluisset
1245 1126 1325 1187 ita
1366 1127 1426 1186 in
1460 1123 1646 1193 Gallia
1688 1125 1957 1204 legiones
1999 1131 2281 1187 exaucto·
2312 1135 2377 1176 10

347 1229 486 1273 rare
517 1217 586 1272 ut
617 1217 1112 1272 exauctorauerat
1139 1213 1203 1272 in
1234 1212 1487 1272 oriente.

277 1295 317 1362 8
477 1295 594 1357 Sed
639 1297 840 1357 occiso
868 1294 1206 1358 Alexandro
1247 1296 1603 1358 Maximinus
1641 1297 1904 1375 primum
1946 1313 1979 1355 e
2018 1313 2280 1373 corpore

349 1379 593 1442 militari
625 1388 686 1441 et
714 1380 982 1442 nondum
1019 1388 1262 1442 senator
1292 1383 1421 1442 sine
1446 1380 1689 1442 decreto
1722 1388 1965 1442 senatus
1976 1381 2283 1458 Augustus

349 1467 423 1529 ab
469 1467 738 1527 exercitu
779 1465 1112 1545 appellatus
1155 1473 1246 1528 est
1288 1465 1411 1526 filio
1468 1465 1705 1528 sibimet
1756 1467 1817 1526 in
1858 1467 2281 1544 participatum

351 1551 519 1619 dato;
567 1551 642 1610 de
685 1566 806 1627 quo
847 1568 1038 1629 pauca
1081 1568 1235 1629 quae
1280 1551 1457 1613 nobis
1498 1558 1637 1612 sunt
1678 1552 1916 1629 cognita
1945 1568 2086 1610 mox
2107 1548 2279 1609 dice·
2302 1559 2376 1601 1⁵

281 1649 314 1698 2
349 1653 503 1696 mus.
566 1635 922 1696 Maximinus
951 1643 1148 1696 autem
1181 1653 1249 1696 ea
1280 1636 1395 1696 fuit
1424 1653 1663 1735 semper
1691 1637 1933 1704 astutia,
1966 1641 2035 1696 ut
2060 1633 2285 1696 milites

349 1738 473 1782 non
507 1721 732 1781 uirtute
764 1727 1006 1798 regeret
1035 1719 1140 1781 sed
1172 1722 1350 1781 etiam
1366 1706 1663 1800 praemiis
1696 1728 1757 1780 et
1784 1719 1971 1782 lucris
1998 1719 2284 1781 amantis-

281 1818 316 1867 3
354 1806 538 1866 simos
564 1803 866 1866 redderet.
931 1822 1258 1906 numquam
1290 1804 1389 1866 ille
1421 1822 1716 1866 annonam
1762 1805 2094 1884 cuiuspiam
2120 1803 2279 1865 tulit.

280 1904 317 1953 4
350 1907 674 1968 numquam
709 1890 850 1951 siuit
901 1896 966 1950 ut
992 1892 1126 1970 quis
1156 1893 1216 1951 in
1251 1891 1519 1952 exercitu
1560 1890 1733 1951 miles
1773 1889 1943 1952 faber
1987 1895 2090 1951 aut
2130 1887 2279 1949 alte-

347 1977 476 2036 rius
505 1976 624 2044 rei,
672 1980 738 2036 ut
777 1974 1054 2054 plerique
1095 1982 1265 2045 sunt,
1300 1977 1515 2037 artifex
1548 1982 1734 2044 esset,
1768 1974 1913 2036 solis
1941 1975 2279 2035 uenationi·
2312 1986 2377 2026 ἑο

282 2075 314 2124 5
348 2060 464 2121 bus
493 2045 760 2138 legiones
801 2061 1153 2148 frequenter
1183 2079 1486 2122 exercenS.
1524 2059 1628 2122 sed
1670 2062 1829 2121 inter
1872 2058 1980 2121 has
2022 2061 2284 2120 uirtutes

347 2154 469 2207 tam
501 2143 760 2207 crudelis
789 2146 931 2215 fuit,
979 2153 1044 2206 ut
1072 2144 1242 2206 illum
1284 2144 1383 2206 alii
1414 2144 1764 2225 Cyclopem,
1830 2144 1929 2206 alii
1980 2145 2279 2213 Busirem,

348 2228 447 2291 alii
475 2229 755 2299 Scirona,
789 2230 1059 2291 nonnulli
1087 2230 1390 2300 Falarem,
1436 2230 1612 2291 multi
1641 2231 1869 2309 Tyfona
1912 2229 2010 2290 uel
2056 2229 2284 2310 Gygam

281 2328 314 2376 6
347 2321 657 2376 uocarent.
723 2322 966 2376 senatus
995 2333 1133 2376 eum
1165 2322 1396 2375 tantum
1424 2317 1639 2384 timuit,
1685 2322 1753 2376 ut
1782 2325 1920 2375 uota
1948 2315 2011 2374 in
2040 2312 2283 2398 templis

346 2396 586 2478 publice
616 2399 1049 2478 priuatimque,
1097 2399 1385 2462 mulieres
1426 2402 1601 2461 etiam
1634 2417 1770 2461 cum
1802 2401 1924 2460 suis
1953 2397 2161 2460 liberis
2193 2398 2281 2458 fa·
2308 2409 2375 2451 25

279 2498 328 2548 7
350 2491 587 2552 cerent,
632 2501 710 2543 ne
739 2482 839 2543 ille
870 2502 1154 2563 umquam
1195 2485 1407 2545 urbem
1450 2485 1699 2546 Romam
1744 2484 1996 2546 uideret.
2072 2483 2280 2544 audie-

346 2567 494 2629 bant
523 2569 703 2637 enim,
737 2566 934 2640 alios
915 2587 978 2628 1n
1011 2586 1250 2630 crucem
1282 2568 1568 2639 sublatoS,
1603 2569 1751 2631 alios
1781 2567 2135 2631 animalibus
2167 2587 2282 2628 nu·-

346 2671 460 2734 per
500 2653 714 2714 occisis
754 2652 1046 2723 inclusoS,
1099 2653 1250 2716 alios
1292 2655 1435 2716 feris
1478 2654 1774 2723 obiectos,
1824 2653 1971 2715 alios
2017 2653 2283 2714 fustibus

349 2737 558 2807 elisos,
605 2744 783 2815 atque
826 2740 1022 2800 omnia
1052 2738 1200 2800 haec
1233 2741 1361 2800 sine
1394 2739 1617 2801 dilectu
1647 2738 1984 2817 dignitatis,
2020 2756 2155 2798 cum
2184 2739 2276 2796 ui-

350 2823 594 2887 deretur
626 2822 1001 2903 disciplinam
1031 2824 1185 2885 uelle
1207 2841 1423 2903 regere
1446 2823 1784 2893 militarem,
1812 2825 1981 2887 cuius
2006 2820 2280 2900 exemplo
2311 2833 2375 2874 80

280 2920 314 2970 8
351 2909 543 2970 ciuilia
585 2910 762 2970 etiam
805 2910 1111 2986 corrigere
1155 2908 1361 2971 uoluit.
1429 2909 1589 2987 quod
1629 2926 1750 2970 non
1796 2909 2075 2970 conuenit
2112 2909 2281 2987 prin-

345 3109 593 3176 potu'erit
615 3111 668 3161 B
812 3115 844 3163 3
868 3127 902 3162 a
924 3113 1166 3164 tribunis
1189 3113 1252 3162 M
1388 3113 1419 3163 '7
1452 3127 1772 3162 mammeam
1789 3111 1951 3162 BPM
2096 3111 2158 3160 11
2183 3109 2285 3160 ho·

347 3180 524 3229 riente
550 3177 624 3228 B1
763 3181 825 3230 12
850 3181 1118 3230 maximus
1142 3179 1267 3230 BP¹
1418 3180 1625 3244 primus
1656 3180 1873 3230 Vrsinus
2020 3179 2084 3227 14
2108 3178 2286 3243 parti-

351 3247 536 3311 cipato
560 3246 612 3295 B
751 3249 814 3297 19
840 3249 951 3299 suit
973 3248 1026 3298 B
1052 3248 1162 3298 fuit
1183 3249 1296 3298 PM
1320 3248 1415 3312 qui
1440 3249 1558 3298 sine
1584 3263 1668 3298 ex.
1693 3248 1799 3298 BP
1828 3246 1961 3297 sinit
1982 3250 2049 3295 ut
2074 3245 2197 3310 quis
2220 3246 2285 3294 in

351 3329 528 3363 exerc.
553 3316 743 3379 scripsi
887 3319 952 3366 22
974 3316 1280 3367 busiridem
1303 3313 1447 3366 B²M
1598 3318 1665 3366 23
1690 3316 1933 3366 cii-onam
1956 3314 2061 3364 BP
2104 3313 2288 3362 chiro-

348 3395 473 3430 nem
494 3381 561 3431 M
604 3381 832 3433 Scirona
857 3383 900 3434 S
919 3400 988 3434 an
1011 3384 1336 3448 Cercyona?
1490 3383 1741 3447 tyfonam
1764 3383 1869 3433 BP
1908 3381 2194 3447 tiphonem
2220 3380 2295 3430 M

349 3463 440 3498 em.
467 3447 510 3498 S
620 3449 906 3516 gigantam
931 3451 1032 3501 BP
1054 3452 1237 3516 gigem
1262 3451 1328 3501 M
1348 3452 1561 3552 Gygam
1584 3453 1774 3516 scripsi
1881 3453 1947 3500 29
1973 3448 2204 3514 omniaoep
2230 3447 2289 3498 B

486 3517 696 3568 delictu
719 3518 786 3568 M
917 3520 979 3569 31
1008 3519 1309 3584 corrigeret
1332 3518 1407 3569 B¹
