2517 3884
349 159 426 223 16
552 151 578 170 χ
1037 165 1212 222 Astu
1258 165 1609 223 SPART1AN1

240 341 308 389 10
345 331 564 392 milites
595 333 902 392 insecutus
935 340 1039 392 est.
1105 339 1163 391 et
1204 333 1475 411 quamuis
1509 338 1667 392 esset
1699 334 1970 400 oratione
2014 339 2071 392 et
2102 352 2287 396 uersu
2341 345 2350 351 ’

344 419 787 496 promtissimus
831 425 887 477 et
928 418 990 476 in
1037 416 1317 478 omnibus
1360 417 1588 478 artibus
1620 418 2051 495 peritissimus,
2084 425 2287 494 tamen

345 503 723 581 professores
765 503 1030 561 omniiun
1065 503 1282 562 artium
1325 519 1561 580 semper
1612 509 1676 560 ut
1706 501 1936 562 doctior
1978 503 2110 564 risit
2142 522 2285 564 con·

246 595 307 642 11
353 587 593 665 tempsit
621 587 886 663 obtriuit.
949 605 1086 647 cum
1127 585 1219 646 his
1259 588 1407 665 ipsis
1438 585 1880 665 professoribus
1922 595 1980 647 et
2022 586 2286 665 philoso-

349 671 486 751 phis
528 671 698 732 libris
740 670 838 732 uel
870 670 1234 732 carminibus
1279 673 1539 732 inuicem
1581 671 1752 732 editis
1795 689 1971 750 saepe
2014 675 2284 734 certauit.
2340 694 2367 732 5

247 767 311 814 12
352 765 410 818 et
441 757 775 818 Fauorinus
807 756 1068 834 quidem,
1103 775 1239 816 cum
1271 755 1528 816 uerbum
1570 757 1698 818 eius
1730 756 2028 832 quondam
2062 756 2135 817 ab
2166 759 2286 818 Ha-

347 841 558 902 driano
588 840 1026 920 reprehensum
1059 848 1248 910 esset,
1284 848 1463 918 atque
1493 840 1597 900 ille
1629 843 1937 910 cessisset,
1984 845 2287 918 arguenti-

344 926 459 987 bus
490 927 722 996 amicis,
767 926 926 1006 quod
969 926 1122 986 male
1165 925 1409 986 cederet
1437 925 1736 986 Hadriano
1778 926 1852 986 de
1895 924 2084 986 uerbo
2124 927 2285 1006 quod

343 1011 544 1072 idonei
575 1019 850 1072 auctores
882 1018 1293 1090 usurpassent,
1327 1013 1515 1072 risum
1547 1011 2041 1071 iocundissimum
2074 1013 2281 1072 mouit.

247 1107 309 1156 13
346 1098 425 1156 ait
469 1098 657 1156 enim:
705 1097 889 1165 „Non
922 1104 1086 1157 recte
1117 1096 1406 1164 suadetis,
1457 1095 1805 1165 familiareS,
1852 1097 1954 1174 qui
1984 1114 2105 1156 non
2134 1097 2285 1176 pati·
2314 1119 2365 1158 ιο

345 1183 494 1241 mini
525 1200 621 1241 me
651 1180 818 1242 illum
850 1181 1176 1242 doctiorem
1211 1179 1491 1242 omnibus
1522 1182 1797 1250 credere,
1833 1183 1935 1258 qui
1967 1179 2145 1241 habet
2178 1183 2283 1248 tri-

345 1267 506 1344 ginta
537 1265 874 1344 legioneS.“
1406 1327 1411 1331 ,
1964 1315 1977 1328 .

247 1345 326 1410 16
473 1351 688 1423 Famae
731 1350 988 1412 celebris
1029 1350 1365 1412 Hadrianus
1408 1358 1524 1410 tam
1560 1349 1812 1429 cupidus
1854 1351 1967 1412 suit
2005 1357 2068 1410 ut
2098 1349 2285 1411 libros

299 1493 305 1498 .
349 1437 504 1496 uitae
547 1455 688 1496 suae
721 1437 976 1514 scriptos
1019 1454 1050 1495 a
1093 1455 1158 1496 se
1189 1435 1421 1496 libertis
1465 1438 1589 1496 suis
1630 1435 1903 1497 litteratis
1932 1435 2164 1495 dederit
2190 1437 2283 1495 iu-

347 1519 516 1588 benS,
551 1528 618 1580 ut
648 1537 749 1580 eos
781 1522 905 1580 suis
936 1518 1279 1580 nominibus
1308 1519 1703 1599 publicarent.
1737 1536 1874 1581 nam
1899 1527 1963 1578 'et
1986 1518 2280 1598 Phlegon·
2313 1543 2365 1584 15

273 1613 308 1659 2
345 1606 422 1666 tis
459 1604 602 1665 libri
628 1604 914 1665 Hadriani
955 1623 1085 1666 esse
1129 1605 1427 1665 dicuntur.
1504 1603 1906 1666 Catachannas
1946 1603 2131 1664 libros
2174 1603 2281 1664 ob-

275 1697 310 1744 3
348 1691 726 1750 scurissimos
755 1688 1171 1750 Antimachum
1215 1690 1502 1750 imitando
1546 1692 1805 1769 scripsit.
1863 1688 2039 1750 Floro
2070 1697 2283 1768 poetae

349 1773 631 1835 scribenti
661 1773 734 1834 ad
765 1792 859 1835 se:
985 1778 990 1783 “

835 1860 961 1937 Ego
994 1859 1131 1921 nolo
1164 1859 1381 1922 Caesar
1418 1878 1567 1928 esse,

838 1944 1143 2005 ambulare
1173 1961 1283 2022 per
1312 1944 1631 2030 Brittanos,
2310 1969 2363 2008 20

839 2055 868 2086 *1
959 2054 988 2088 *
1078 2052 1107 2087 *
1196 2051 1227 2088 *
1318 2051 1347 2087 *
1438 2051 1467 2087 *
1557 2051 1586 2086 *

839 2113 1142 2195 Scythicas
1172 2113 1293 2193 pati
1319 2115 1586 2192 pruinas,

276 2205 312 2252 4
347 2200 686 2278 rescripsit:

835 2283 958 2360 Ego
989 2281 1126 2342 nolo
1157 2280 1371 2343 Florus
1404 2300 1554 2349 esse,

841 2364 1144 2426 ambulare
1173 2383 1283 2442 per
1312 2363 1609 2430 tabernas,
2301 2393 2359 2432 25

837 2449 1068 2508 latitare
1100 2466 1208 2526 per
1236 2449 1508 2527 popinas,

837 2532 1060 2592 culices
1089 2533 1211 2610 pati
1239 2531 1553 2592 rutundos.

277 2625 311 2674 5
347 2620 564 2680 amauit
592 2624 900 2697 praeterea
941 2633 1132 2694 genus
1173 2622 1478 2678 uetustum
1522 2615 1774 2676 dicendi.
1836 2617 2283 2678 controuersias

451 2805 478 2852 1
504 2801 728 2853 millites
762 2802 813 2852 B
951 2803 983 2851 6
1007 2799 1284 2867 quoddam
1309 2801 1370 2852 M
1506 2800 1738 2851 adriano
1762 2800 1862 2851 BP
1999 2803 2030 2853 7
2058 2817 2280 2866 reppre-

345 2871 576 2921 hensum
596 2870 645 2920 B
739 2872 770 2920 8
793 2869 1007 2920 lederet
1027 2869 1100 2920 B¹
1127 2869 1353 2920 cederet
1373 2867 1497 2919 B³P
1520 2868 1573 2933 (c
1597 2871 1648 2919 in
1666 2869 1797 2933 ras.)
1892 2871 1923 2920 9
1948 2874 2280 2934 usurparent

354 2939 409 2988 V
541 2939 604 2988 16
629 2944 970 2989 catacannas
991 2936 1045 2987 B
1069 2954 1184 2992 exc.
1211 2941 1324 2991 cod.
1350 2937 1709 2988 Murbacensis
1733 2942 2070 2987 catacannos
2094 2937 2143 2985 P
2166 2934 2284 2998 (sed

346 3009 515 3057 altera
539 3009 674 3057 linea
692 3008 889 3072 prioris
912 3022 950 3056 n
985 3013 1034 3058 et
1060 3008 1170 3057 oin
1202 3005 1335 3070 ras.)
1374 3010 1729 3070 catacaymos
1762 3006 1811 3055 V
1843 3004 2191 3055 catacrianos
2219 3004 2279 3052 M

347 3074 690 3124 catachanas
714 3075 1028 3140 Bernhardy
1053 3074 1301 3126 Zeitsclzr.
1321 3075 1364 3138 f.
1392 3074 1615 3127 Alter-th.
1644 3074 1730 3126 W.
1760 3075 1900 3122 1834
1922 3089 1973 3122 n.
2001 3074 2100 3120 141
2127 3076 2280 3120 cata-

349 3143 559 3192 chenas
593 3141 774 3208 Bergk
815 3145 868 3194 in
905 3145 1094 3194 eisdem
1128 3159 1246 3193 ann.
1284 3145 1425 3194 1835
1457 3160 1508 3196 n.
1536 3145 1608 3192 37
1662 3139 2040 3191 catachannas
2078 3138 2279 3188 Oriolus

351 3210 460 3274 (ap.
497 3210 628 3260 Mai.
653 3213 707 3261 in
729 3211 910 3263 Front.
929 3227 985 3276 p.
1014 3213 1112 3261 106
1145 3213 1224 3262 ed.
1255 3210 1418 3274 Rom.)
1532 3207 1977 3260 obscrurissimos
2002 3203 2071 3255 B¹
2214 3207 2279 3256 18

349 3283 516 3344 petae
541 3277 614 3329 B¹
727 3280 796 3329 20
817 3279 1062 3329 amblare
1090 3279 1132 3330 G
1229 3280 1546 3330 brittannos
1568 3275 1642 3326 B³
1668 3292 1785 3330 eoec.
1812 3291 1957 3325 unum
1979 3289 2179 3326 uersum
2201 3275 2279 3323 in·

349 3348 616 3397 ter-cidisse
639 3347 893 3398 intelleoeit
919 3346 974 3400 0.
1001 3348 1138 3398 Jahn
1161 3348 1214 3396 in
1236 3347 1378 3398 Flor.
1401 3363 1457 3410 p.
1484 3345 1587 3401 XL
1603 3381 1616 3400 ,
1638 3351 1760 3408 post
1782 3359 1891 3394 eum
1918 3341 1973 3394 0.
2000 3342 2191 3393 Mit'ller
2215 3343 2280 3392 de

350 3416 414 3469 P.
439 3415 612 3466 Annio
637 3415 793 3475 Floro
815 3423 972 3480 poeta
993 3432 1047 3479 p.
1077 3417 1150 3465 34
1253 3417 1318 3464 22
1345 3414 1534 3464 ruinas
1556 3410 1701 3462 B¹P¹
1806 3413 1873 3462 25
1894 3410 2135 3462 amblare
2166 3410 2207 3460 C

348 3483 415 3532 26
437 3483 640 3534 calices
665 3481 736 3532 Ρ2
838 3481 1104 3533 rotundos
1123 3479 1339 3533 B²P²M
1436 3483 1500 3531 27
1528 3480 1737 3532 amabit
1761 3479 1835 3530 Βι
1942 3477 2164 3529 dicendi
2188 3493 2283 3529 ue-
