2517 3884
264 145 435 240 AELH
479 184 813 242 LAMPRIDII
855 183 1252 242 ALEXANDER
1298 183 1606 242 SEVERVS.
1676 185 1729 244 C.
1778 189 1941 242 1—3.
2030 179 2160 244 229

177 377 181 384 ·
221 358 280 412 et
309 352 448 412 item
481 351 660 412 facile
691 359 944 422 mutare,
981 347 1323 415 adfere'ntes
1365 369 1813 431 nonnumquam
1846 352 1915 413 ad
1950 352 2153 413 defen-

222 438 468 506 sionem,
505 455 570 498 se
598 437 826 498 idcirco
858 437 1072 497 fecisse
1105 436 1267 514 quod
1308 439 1641 499 nescissent
1682 444 1953 498 senatum
1984 439 2150 516 prin-

220 523 410 600 cipem
453 521 803 601 appellasse.
895 539 1032 582 nam
1076 528 1136 581 et
1173 521 1573 582 Pescennium
1615 523 1865 601 Nigrum
1918 531 1976 583 et
2019 523 2149 584 Clo·
2189 534 2219 580 ’τ

219 607 378 667 dium
407 605 689 668 Albinum
721 615 779 667 et
807 607 1087 668 Auidium
1120 606 1385 668 Cassium
1418 615 1476 668 et
1516 616 1689 668 antea
1730 607 1977 668 Lucium
2009 609 2151 668 Vin-

169 705 194 746 5
223 691 409 752 dicem
453 699 514 751 et
552 691 616 752 L.
663 690 984 753 Antonium
1031 698 1090 752 et
1119 693 1319 771 ipsum
1351 692 1675 763 Seuerum,
1722 711 1861 754 cum
1905 701 2152 755 senatus

217 779 330 838 iam
372 775 670 839 Iulianum
713 776 964 838 dixisset
1004 777 1374 856 principem,
1418 779 1813 857 imperatores
1861 779 2149 849 fecerant,
2210 803 2215 808 ·

221 872 393 939 atque
423 847 562 922 ista
567 880 667 922 res
697 861 862 922 bella
899 861 1100 923 ciuilia
1143 870 1413 931 seuerat,
1440 863 1687 942 quibus
1737 881 1987 926 necesse
2039 864 2177 925 suit.

217 947 460 1007 militem
518 953 726 1007 contra
780 947 1016 1008 hostem
1071 955 1345 1026 paratum
1406 948 1863 1025 parricidialiter
1924 951 2145 1028 perire.

217 1031 326 1092 hac
354 1033 539 1109 igitur
571 1049 748 1092 causa
779 1033 1124 1093 festinatum
1157 1038 1265 1102 est,
1299 1038 1365 1093 ut
1396 1035 1592 1093 omnia
1623 1033 1800 1094 simul
1822 1034 2153 1095 Alexander
2182 1027 2227 1090 2

152 1131 196 1170 10
221 1119 386 1196 quasi
417 1119 536 1176 iam
568 1123 742 1177 uetus
776 1119 1110 1196 imperator
1151 1118 1468 1197 acciperet.
1512 1115 1651 1179 huc
1680 1119 1932 1178 accessit
1970 1120 2151 1180 nimia
2188 1125 2221 1171 2

221 1210 276 1262 et
316 1209 558 1263 senatus
605 1211 664 1262 et
702 1202 911 1281 populi
963 1201 1271 1264 inclinatio
1313 1211 1449 1281 post
1486 1201 1651 1263 illam
1690 1202 1949 1271 cladem,
1994 1221 2153 1284 quae

218 1305 334 1347 non
371 1285 564 1348 solum
591 1285 1034 1348 Antoninorum
1055 1304 1278 1348 nomen
1304 1285 1673 1348 decolorauit
1696 1287 1799 1348 sed
1827 1288 2001 1348 etiam
2032 1287 2149 1348 Ro-

218 1389 460 1433 manum
491 1371 957 1433 dehonestauit
940 1373 1282 1451 lmperium.
1340 1374 1611 1433 certatim
1652 1372 1910 1450 denique
1956 1375 2152 1433 omnia
2189 1381 2220 1428 3

219 1455 460 1518 decreta
513 1465 653 1517 sunt
706 1464 765 1518 et
817 1459 1128 1518 nominum
1179 1474 1403 1534 genera
1459 1464 1521 1518 et
1560 1464 1937 1538 potestatum.
2028 1459 2151 1536 pri·
2188 1465 2224 1512 4

151 1553 197 1594 15
220 1560 351 1603 mus
397 1541 654 1621 denique
697 1544 962 1603 omnium
1017 1551 1228 1604 cuncta
1271 1543 1524 1620 insignia
1568 1551 1626 1604 et
1666 1543 2155 1605 honorificentiae

219 1643 441 1704 genera
474 1626 652 1687 simul
682 1629 911 1706 recepit
941 1628 1305 1706 suffragante
1326 1628 1574 1700 ‚sibimet
1598 1629 1866 1690 Caesaris
1889 1630 2150 1698 nomine,

220 1712 376 1788 quod
418 1713 537 1784 iam
581 1720 716 1772 ante
762 1712 990 1789 aliquot
1019 1730 1206 1773 annos
1239 1720 1564 1782 meruerat,
1612 1721 1669 1774 et
1710 1715 1899 1792 magis
1941 1713 2151 1775 suffra-

219 1805 390 1874 gante
422 1799 546 1857 uita
580 1805 639 1857 et
669 1797 954 1868 moribuS,
989 1816 1126 1858 cum
1156 1797 1244 1858 illi
1276 1816 1555 1877 magnum
1586 1798 1965 1859 conciliasset
1983 1799 2151 1859 fauo-

215 1900 363 1952 rem,
414 1881 576 1959 quod
605 1881 1028 1961 Heliogabalus
1059 1883 1336 1944 occidere
1379 1889 1628 1944 conatus
1672 1889 1765 1943 est
1804 1901 1918 1944 nec
1958 1885 2155 1962 potuit

147 1978 194 2018 20
220 1973 276 2026 et
327 1965 618 2027 militibus
658 1967 1132 2048 repugnantibus
1173 1974 1234 2027 et
1278 1975 1487 2028 senatu
1540 1969 1899 2046 refragante.
1975 1974 2150 2047 atque
2188 1977 2222 2024 5

215 2051 358 2113 haec
388 2069 579 2132 parua
609 2061 769 2123 sunt,
803 2053 919 2112 nisi
949 2052 1109 2132 quod
1141 2051 1386 2130 dignum
1418 2070 1483 2113 se
1517 2052 1787 2114 exhibuit
1832 2068 2011 2129 quem
2054 2071 2149 2112 se-

215 2144 394 2198 natus
445 2144 750 2208 seruaret,
807 2155 987 2217 quem
1037 2135 1275 2196 saluum
1325 2137 1545 2198 milites
1600 2143 1917 2216 cuperent,
1972 2154 2149 2216 quem

218 2223 483 2282 omnium
512 2222 814 2284 bonorum
845 2223 1139 2283 sententia
1169 2220 1505 2300 principem
1538 2221 1782 2283 diceret.

336 2305 674 2368 Alexander
704 2308 920 2386 igitur,
969 2309 1064 2368 cui
1094 2307 1359 2368 Mamaea
1404 2315 1596 2368 mater
1625 2308 1738 2368 fuit
1794 2306 1949 2388 (nam
1984 2313 2043 2366 et
2070 2307 2153 2366 ita
2183 2302 2227 2366 3

144 2403 192 2444 25
215 2391 431 2453 dicitur
464 2410 494 2452 a
525 2389 849 2472 plerisque)
895 2413 928 2456 a
957 2393 1148 2472 prima
1191 2394 1454 2471 pueritia
1492 2392 1719 2454 artibus
1760 2391 1935 2452 bonis
1973 2391 2151 2453 inbu-

213 2484 308 2537 tus
343 2485 465 2538 tam
499 2476 776 2538 ciuilibus
809 2494 984 2555 quam
1015 2477 1377 2552 militaribus
1406 2495 1483 2538 ne
1513 2496 1701 2538 unum
1730 2477 1967 2554 quidem
1994 2476 2152 2538 diem

214 2568 426 2641 sponte
461 2580 568 2622 sua
600 2563 860 2623 transire
905 2580 1114 2642 passus
1147 2573 1236 2623 est
1278 2581 1399 2642 quo
1443 2581 1507 2622 se
1538 2581 1660 2624 non
1705 2569 1763 2623 et
1807 2562 1882 2622 ad
1920 2561 2149 2623 litteras

216 2654 274 2706 et
299 2647 374 2708 ad
405 2647 676 2708 militiam
711 2656 1042 2708 exerceret.
1105 2667 1241 2708 narn
1286 2649 1349 2708 in
1391 2649 1583 2727 prima
1624 2649 1883 2727 pueritia
1918 2647 2147 2709 littera·
2187 2667 2219 2714 2

213 2739 374 2792 tores
406 2731 617 2793 habuit
646 2732 947 2794 Valerium
978 2732 1239 2794 Cor'dum
1275 2741 1335 2796 et
1364 2733 1563 2796 Titum
1595 2734 1906 2794 Veturium
1944 2739 2003 2792 et
2028 2732 2149 2793 Au-

147 2829 192 2870 30
214 2817 430 2878 relium
461 2815 802 2898 Philippum
831 2816 1114 2879 libertum
1144 2819 1363 2898 patriS,
1412 2820 1514 2896 qui
1552 2819 1737 2879 uitam
1782 2819 1907 2878 eius
1944 2823 2153 2896 postea

227 3069 231 3075 -
317 3039 342 3085 1
371 3042 694 3088 asserentes
716 3037 796 3087 ΡΒ
821 3036 1228 3088 addifferentes
1249 3039 1318 3089 M
1438 3041 1469 3088 2
1494 3039 1778 3088 nescirent
1800 3037 1853 3086 B
1979 3039 2012 3088 3
2030 3044 2156 3102 post

218 3101 455 3154 clodium
478 3107 766 3156 intermittit
787 3103 901 3156 ΒΚ·
926 3108 1145 3171 nigrum
1171 3111 1254 3170 et,
1292 3103 1453 3155 B²P¹
1481 3121 1621 3158 eoec..
1616 3107 1885 3171 ·nigrum.
2002 3107 2035 3155 5
2058 3102 2147 3170 L.]

213 3170 413 3222 Iulium
440 3173 482 3222 G
639 3174 964 3224 antoninum
987 3175 1212 3225 BPVM
1366 3177 1398 3225 8
1421 3174 1655 3224 militum
1675 3174 1779 3223 BP
1798 3171 1935 3228 eane.1
1968 3171 2023 3224 V

218 3241 278 3287 16
303 3239 533 3306 genera]
561 3257 784 3293 nomina
809 3259 924 3294 exc.
951 3246 1003 3294 in
1025 3261 1134 3295 raa.
1282 3241 1623 3308 suffragente
1649 3240 1780 3291 BP1
1817 3241 1937 3306 (bis)
2076 3242 2151 3292 si·

214 3307 453 3358 bimetet
468 3306 546 3358 Ρ1
575 3311 768 3360 sibime
795 3327 910 3362 exe.
1063 3313 1126 3362 17
1153 3310 1380 3375 aliquod
1401 3311 1744 3360 B1P-19
1772 3310 1918 3374 quod
1944 3325 2066 3360 eum
2089 3309 2158 3359 M

312 3377 380 3427 23
407 3376 569 3426 daret
591 3378 643 3427 B
693 3379 965 3430 dicereret
989 3380 1040 3429 P
1173 3381 1240 3430 24
1265 3395 1389 3429 cum
1411 3380 1463 3430 P
1597 3393 1809 3430 mamea
1832 3379 1935 3428 BP
2082 3378 2151 3428 26

209 3439 416 3506 lllltam
439 3447 491 3494 P
582 3461 706 3510 qam
728 3445 820 3548 P11
901 3449 967 3498 28
990 3444 1359 3514 litteratores]
1388 3445 1466 3497 Ρ3
1488 3449 1859 3513 scherseripsit
1876 3445 2152 3513 ystorieos

312 3515 378 3564 29
401 3515 717 3564 uenturium
741 3515 790 3564 B
