2517 3884
351 164 472 229 166
625 210 664 252 .>
743 245 746 248 ¹
961 163 1269 248 {lq-„FLAvu
1308 169 1563 227 VOPISGI

349 356 558 399 omnes
609 338 856 399 munio
903 354 1036 397 esse
1073 338 1359 399 facturos.
1439 356 1576 399 nam
1622 339 1697 399 de
1738 341 2105 423 imperatore
2146 336 2292 397 ‹fili-

351 422 546 503 gendo
587 422 660 483 ad
703 421 959 482 eundem
1014 424 1347 483 exercitum
1406 441 1623 485 censeo
1684 438 1835 485 esse
1876 418 2291 483 referendum.

253 516 317 565 14
355 510 576 569 etenim
614 509 677 568 in
719 507 824 566 tali
863 523 1085 583 genere
1109 510 1447 569 sententiae
1471 509 1606 569 nisi
1630 508 1735 569 fiat
1762 508 1925 585 quod
1952 507 2173 568 dieitur
2232 514 2297 567 et

355 592 528 655 electi
564 590 894 672 perieulum
939 592 1051 651 erit
1095 598 1153 651 et
1183 590 1457 670 eligentis
1496 592 1741 653 inuidia
1742 600 1790 627 “
1851 591 2119 653 thta
2139 609 2299 651 taen-

251 686 318 736 15
351 679 538 739 tentia
568 682 658 737 est
686 675 892 736 Taciti.
928 682 1188 736 attamen
1220 694 1357 737 cum
1384 678 1607 737 iterum
1636 686 1815 755 atque
1842 680 2060 738 iterum
2092 678 2297 736 mitte·
2356 688 2385 729 5

351 768 546 832 retur,
593 779 667 821 ex
711 767 952 821 senatus
993 761 1295 829 consulto,
1338 762 1498 838 quod
1538 764 1601 821 in
1631 762 1822 822 Taciti
1849 762 1969 823 uita
2000 762 2295 829 dicemus,

354 847 598 907 Tacitus
625 845 815 905 faetus
849 852 942 905 est
970 846 1313 924 imperator.

248 928 336 993 42
475 929 833 991 Aurelianus
873 928 1053 990 filiam
1094 930 1283 991 solam
1321 930 1591 1008 reliquit,
1636 933 1807 991 cuius
1848 932 2083 1013 posteri
2114 932 2302 990 etiam

285 1030 317 1079 2
355 1034 515 1078 nunc
545 1014 770 1075 Romae
815 1023 970 1075 sunt.
1043 1014 1401 1077 Aurelianus
1432 1032 1690 1093 namque
1722 1034 1834 1095 pro
1874 1014 2119 1077 consule
2152 1012 2298 1075 Cili-

357 1103 500 1169 ciae,
525 1107 776 1160 senator
806 1101 1081 1177 optimus,
1117 1102 1208 1160 sui
1238 1118 1385 1160 uere
1412 1102 1565 1161 iuris
1594 1102 1873 1177 uitaeque
1904 1098 2293 1213 uenerabilis,
2329 1112 2381 1151 10

358 1186 459 1263 qui
488 1203 648 1246 nunc
673 1186 736 1245 in
768 1183 970 1245 Sicilia
996 1186 1183 1245 uitam
1211 1186 1351 1263 agit,
1386 1186 1515 1246 eius
1547 1193 1639 1245 est
1668 1204 1877 1263 nepos

283 1288 321 1336 3
485 1269 640 1341 Quid
670 1268 783 1328 hoc
815 1287 950 1329 esse
982 1268 1192 1339 dicam,
1228 1276 1346 1329 tam
1377 1288 1598 1348 paucos
1618 1270 1815 1330 bonos
1836 1270 2103 1330 extitisse
2127 1270 2301 1347 prin-

359 1358 553 1433 cipeS,
600 1371 737 1414 cum
777 1354 896 1414 iam
931 1360 1017 1413 tot
1047 1354 1332 1415 Caesares
1360 1355 1601 1415 fuerint.
1665 1372 1803 1415 nam
1834 1353 1908 1415 ab
1937 1355 2204 1431 Augus-to
2235 1354 2303 1412 in

357 1438 790 1500 Diocletianum
831 1438 1371 1517 Maximianumque
1410 1440 1714 1517 principes
1746 1454 1899 1515 quae
1928 1440 2115 1501 series
2148 1455 2297 1515 pur-

287 1542 324 1591 4
357 1529 713 1603 puratorum
753 1524 858 1591 sit,
913 1522 1095 1589 index
1132 1522 1409 1601 publicus
1450 1530 1635 1583 tenet.
1714 1523 1819 1583 sed
1861 1525 1922 1582 in
1960 1521 2053 1581 his
2086 1522 2301 1600 optimi
2332 1532 2383 1573 15

357 1611 489 1687 ipse
517 1611 842 1684 AugustuS,
888 1604 1126 1666 Flauius
1157 1608 1588 1685 VespasianuS,
1632 1605 1872 1668 Flauius
1900 1604 2299 1676 ,Titustoc-

358 1693 524 1752 ceius
569 1690 797 1758 Nerua,
844 1690 1020 1751 diuus
1061 1691 1385 1761 TraianuS,
1430 1691 1607 1753 diuus
1650 1691 2017 1760 Hadrianus,
2064 1692 2207 1751 Pius
2242 1697 2301 1749 et

361 1776 594 1836 Marcus
616 1775 914 1843 Antonini,
945 1775 1204 1837 Seuerus
1231 1777 1392 1845 Afer,
1424 1774 1759 1837 Alexander
1792 1776 2173 1845 Mammaeae,
2209 1774 2300 1833 di-

364 1878 476 1921 uus
507 1858 785 1920 Claudius
815 1866 874 1919 et
903 1859 1075 1921 diuus
1105 1860 1477 1921 Aurelianus.
1540 1860 1913 1922 Valerianum
1947 1862 2126 1930 enim,
2162 1876 2301 1919 cum

295 1963 332 2012 5
369 1946 628 2023 optimus
658 1944 858 2015 fuerit,
888 1958 924 2004 'a
953 1944 1128 2005 bonis
1159 1944 1477 2005 infelicitas
1508 1947 1826 2023 separauit.
1864 1944 2022 2015 uide,
2054 1961 2297 2021 quaeso,
2328 1955 2381 1993 ΞΟ

369 2046 546 2106 quam
577 2030 752 2106 pauci
782 2030 900 2089 sint
928 2030 1232 2109 principes
1259 2029 1422 2099 boni,
1456 2035 1521 2089 ut
1550 2029 1706 2090 bene
1737 2029 1963 2089 dictum
1996 2031 2071 2089 sit
2096 2048 2128 2089 a
2155 2046 2300 2108 quo-

368 2114 506 2174 dam
563 2114 803 2173 mimico
863 2131 1068 2174 scurra
1123 2114 1351 2175 Claudii
1401 2114 1579 2174 huius
1620 2113 2023 2192 temporibuS‚
2079 2116 2142 2173 in
2182 2131 2304 2172 uno

299 2220 335 2268 6
371 2197 550 2259 anulo
589 2197 781 2257 bonos
823 2200 1126 2276 principes
1168 2216 1349 2277 posse
1392 2198 1685 2277 perscribi
1714 2206 1889 2274 atque
1922 2197 2183 2277 depingi.
2249 2203 2305 2256 at

369 2289 580 2343 contra
610 2297 762 2357 quae
794 2284 980 2343 series
1011 2282 1345 2344 malorum?
1383 2290 1448 2343 ut
1479 2284 1635 2343 enim
1668 2284 2009 2343 omittamus
2040 2280 2305 2341 Vitellios

371 2364 664 2444 Caligulas
705 2372 763 2425 et
791 2366 1090 2435 Nerones,
1135 2368 1271 2443 quis
1312 2358 1464 2427 ferat
1503 2366 1855 2429 Maximinos
1882 2374 1957 2442 *et
2000 2364 2306 2445 Philippos
2330 2375 2381 2416 25

373 2459 550 2528 atque
579 2447 740 2508 illam
771 2450 1109 2511 inconditae
1153 2450 1551 2511 multitudinis
1590 2452 1855 2512 faecem?
1910 2448 2149 2511 tametsi
2194 2452 2305 2510 De-

376 2536 499 2595 cios
529 2550 858 2610 excerpere
889 2534 1157 2603 debeam,
1193 2552 1450 2611 quorum
1474 2542 1532 2598 et
1554 2537 1678 2615 uita
1712 2543 1771 2596 et
1800 2552 1961 2595 mors
1995 2535 2306 2597 ueteribus

137 2687 145 2694 ,
219 2695 222 2697 Ὗ
379 2617 778 2697 comparanda
807 2625 917 2677 est.
1691 2646 1716 2663 ·-
2066 2650 2071 2654 «

273 2711 358 2777 43
504 2704 578 2764 Et
607 2704 916 2781 quaeritur
947 2701 1200 2779 quidem,
1233 2722 1385 2782 quae
1416 2722 1517 2765 res
1547 2703 1737 2765 malos
1766 2705 2071 2783 principes
2102 2703 2304 2765 faciat:

377 2790 500 2849 iam
522 2788 799 2867 primum,
833 2788 917 2846 mi
933 2788 1138 2857 amice,
1172 2788 1429 2859 licentia,
1451 2788 1671 2849 deinde
1692 2806 1897 2849 rerum
1924 2790 2111 2866 copia,
2138 2788 2310 2847 amici
2334 2801 2381 2841 30

377 2879 691 2953 praeterea
732 2872 1002 2951 inprobi,
1045 2872 1330 2933 satellites
1370 2873 1732 2943 detestandi,
1780 2872 2043 2933 eunuchi
2085 2874 2311 2933 auaris-

373 3090 381 3112 ··
518 3077 545 3124 1
574 3074 868 3140 deligendo
893 3075 956 3125 M
1114 3078 1145 3125 3
1171 3075 1407 3125 estenim
1429 3075 1593 3125 BPM
1738 3077 1773 3125 4
1798 3075 2072 3140 elegeritis
2096 3073 2148 3124 B
2284 3074 2315 3124 5

383 3147 470 3193 est
497 3147 636 3192 sent.
662 3143 730 3192 M
868 3142 1258 3207 adtamen-BP
1398 3144 1717 3193 mitteretur
1738 3144 1801 3193 M
1956 3143 1989 3191 8
2013 3140 2250 3206 reliquid
2269 3142 2319 3189 P

522 3212 582 3257 11
611 3210 790 3260 silicia
815 3209 887 3259 B¹
1035 3211 1099 3260 16
1123 3210 1158 3259 fl
1183 3218 1397 3276 utroque
1422 3214 1533 3261 loco
1556 3211 1660 3260 BP
1808 3211 2047 3261 *Flauius
2082 3216 2203 3261 ante
2228 3210 2316 3259 Ti-

385 3280 477 3325 tus
502 3292 596 3327 om.
619 3277 684 3326 M
797 3280 860 3328 19
883 3277 1217 3329 Valerianus
1241 3278 1303 3327 M
1426 3281 1493 3328 20
1518 3280 1591 3329 ab
1618 3278 1870 3329 omnibus
1894 3276 2059 3327 BPM
2080 3277 2177 3327 emi
2197 3276 2314 3327 Obr.

520 3343 718 3393 infelix
752 3346 1013 3409 apparuit
1048 3345 1116 3395 M
1268 3346 1457 3409 paruit
1480 3345 1585 3394 BP
1602 3362 1693 3396 em.
1722 3346 1813 3395 Gr.
1976 3344 2137 3394 uides
2160 3344 2322 3393 BPM

384 3426 476 3463 em.
505 3411 548 3458 0
687 3412 752 3459 22
777 3426 924 3461 nano
949 3410 1022 3463 Ρί
1171 3416 1238 3463 23
1264 3412 1337 3462 ad
1362 3418 1555 3463 contra
1580 3413 1684 3462 BP
1838 3415 1904 3465 25
1931 3411 2198 3477 caligulas
2220 3410 2320 3465 BP

521 3476 740 3543 filippos
766 3477 869 3527 BP
999 3480 1064 3529 26
1091 3478 1315 3531 daecios
1336 3480 1445 3531 BP
1574 3484 1638 3533 31
1663 3481 1911 3548 inprobis
1934 3478 2082 3530 B¹P¹
