2517 3884
0 3169 3 3207 l

0 3380 5 3471 ἰ

840 190 1130 247 TAclrvs
1219 190 1277 249 c.
1298 185 1513 259 ‘7-1o,
1854 156 1857 162 ’
2022 190 2145 255 177

203 356 473 419 audite.“
531 357 675 419 Post
714 356 828 417 hoc
869 356 1108 418 Tacitus
1135 360 1437 436 Augustus
1468 359 1641 419 dixit:
1702 359 1820 431 „Et
1848 360 2143 424 Traianus
2178 372 2211 422 5

205 442 283 505 ad
310 442 631 521 imperium
665 459 848 503 senex
879 442 1206 513 uenit,›sed
1235 442 1339 503 ille
1368 443 1443 504 ab
1475 462 1597 505 uno
1626 443 1894 507 delectus
1926 454 2057 515 est,·
2082 455 2143 507 at

204 548 335 598 me,
397 528 752 589 sanctissimi
806 527 1269 599 commilitones,
1330 530 1589 609 primum
1612 548 1775 599 xuos,
1826 532 1934 608 ,qui
1974 534 2141 593 scitis

195 613 509 691 principes
540 611 894 691 adprobare,
941 612 1158 674 deinde
1187 612 1587 693 amplissimus
1618 621 1861 677 senatus
1891 615 2157 693 dignu-m-

143 712 171 753 5
195 697 315 757 hoc
355 699 598 758 nomine
638 696 948 757 iudicauit:
1011 697 1234 758 curabo
1278 700 1469 759 enitar
1515 698 1798 770 efficiam,
1848 719 1925 760 ne
1967 700 2140 763 uobis

197 781 424 851 desint,
473 783 674 842 sinon
705 783 880 842 fortia
910 783 1090 853 facta,
1135 789 1195 844 at
1225 782 1437 843 saltem
1464 782 1639 844 uobis
1668 790 1847 863 atque
1875 786 2135 864 impera·
2220 792 2222 795 ⁴

195 875 327 928 tore
359 866 538 944 digna
568 866 883 928 consilia.“
1069 886 1076 890 ·

231 984 238 989 ·
324 952 464 1011 Post
503 950 618 1011 hoc
658 951 1016 1031 stipendium
1061 957 1120 1010 et
1161 951 1507 1013 donatiuum
1550 970 1623 1012 ex
1664 970 1833 1014 more
1862 955 2139 1033 promisit
2168 953 2213 1017 9

197 1042 260 1096 et
287 1038 544 1115 primam
587 1038 919 1096 orationem
949 1035 1023 1097 ad
1054 1042 1325 1097 senatum
1354 1037 1532 1097 talem
1578 1037 1769 1097 dedit:
1832 1038 1963 1108 „lta
1992 1039 2189 1099 mihi⁰
2239 1072 2261 1083 ··
2348 1018 2357 1028 ’

118 1136 172 1177 10
197 1120 400 1191 liceat,
443 1138 502 1201 p.
538 1138 621 1190 c.,
665 1122 753 1181 sic
795 1122 1119 1200 imperium
1161 1138 1377 1199 regere
1418 1130 1483 1183 ut
1512 1140 1545 1181 a
1574 1120 1747 1184 uobis
1776 1140 1873 1183 me
1906 1132 2140 1185 constet
2182 1197 2195 1200 ¹

197 1205 470 1275 electum,
503 1211 570 1265 ut
601 1222 712 1284 ego
743 1211 956 1265 cuncta
988 1223 1060 1265 ex
1089 1213 1293 1267 uestra
1320 1208 1521 1267 facere
1552 1208 1847 1267 sententia
1880 1216 1939 1267 et
1965 1216 2136 1286 pote·

196 1297 350 1363 state
379 1290 640 1351 decreui.
705 1286 976 1351 uestrum
1019 1296 1108 1350 est
1138 1292 1320 1368 igitur
1350 1309 1421 1353 ea
1449 1290 1661 1352 iubere
1690 1299 1869 1368 atque
1901 1294 2136 1353 sancire

197 1392 350 1451 quae
382 1375 556 1452 digna
587 1374 790 1445 uobiS,
836 1375 1015 1453 digna
1053 1377 1327 1436 modesto
1360 1378 1653 1446 exercitu,
1706 1376 1883 1454 digna
1910 1376 2135 1455 populo

193 1458 467 1522 Romano
509 1476 638 1520 esse
683 1459 1065 1520 uideantur.“
1137 1460 1206 1521 In
1249 1461 1458 1523 eadem
1501 1462 1773 1521 oratione
1812 1461 2134 1523 Aureliano
2170 1472 2205 1521 2

114 1559 170 1601 15
198 1549 455 1603 statuam
507 1562 748 1605 auream
800 1544 1140 1623 ponendam
1164 1543 1245 1606 ‘in
1288 1545 1576 1623 Capitolio
1628 1545 1927 1615 decreuit,
1986 1548 2153 1607 item·

197 1632 456 1688 statuam
498 1636 840 1706 argenteam
879 1630 942 1689 in
982 1632 1174 1707 curia,
1217 1631 1363 1691 item
1404 1632 1468 1691 in
1498 1630 1723 1708 temp-lo
1760 1630 1942 1701 Solis,
1988 1633 2134 1691 item

193 1712 421 1796 inrforo
452 1712 573 1772 diui
604 1713 859 1773 Traiani.
937 1713 1042 1773 sed
1084 1729 1265 1775 aurea
1296 1732 1417 1774 non
1450 1723 1542 1775 est
1570 1716 1781 1793 pos-ita,
1826 1714 2133 1775 dedicatae

195 1804 396 1857 autem
429 1804 568 1857 sunt
597 1798 756 1859 solae
789 1806 1124 1875 argenteae.
1187 1800 1252 1859 in
1284 1799 1492 1863 eadem
1531 1800 1801 1860 oratione
1834 1802 2009 1870 cauit,
2044 1807 2127 1869 ut,
2168 1814 2202 1863 3

177 1874 248 1942 'si
293 1883 425 1958 quis
469 1890 717 1961 argento
761 1881 1000 1961 publice
1056 1885 1461 1962 priuatimque
1507 1902 1608 1943 aes
1652 1886 2020 1953 miscuisset,
2050 1958 2053 1961 Α
2080 1886 2131 1943 si

113 1982 168 2022 20
196 1968 328 2043 quis
359 1984 504 2027 auro
536 1974 875 2045 argentum,
919 1968 970 2026 si
1013 1969 1146 2044 quis
1187 1970 1313 2028 aeri
1342 1967 1683 2046 plumbum,
1728 1968 1943 2045 capital
1971 1976 2133 2029 esset

193 2068 332 2111 cum
359 2052 653 2113 honorum
685 2052 1142 2130 proscriptione.
1205 2054 1268 2111 in
1302 2053 1510 2113 eadem
1552 2054 1821 2113 oratione
1850 2054 2030 2120 cauit,
2067 2060 2133 2111 ut
2167 2064 2203 2112 4

158 2185 172 2192 -
193 2138 356 2197 serui
391 2138 455 2196 in
497 2136 875 2197 dominorum
937 2138 1130 2215 capita
1174 2155 1298 2197 non
1338 2138 1887 2215 interrogarentur,
1952 2154 2029 2195 ne
2067 2138 2133 2197 in

193 2238 368 2281 causa
407 2221 731 2283 maiestatis
775 2220 1030 2298 quidem.
1108 2221 1361 2291 addidit,
1406 2229 1472 2281 ut
1499 2220 1881 2283 Aurelianum
1922 2238 2129 2281 omnes
2166 2232 2201 2281 5

190 2306 415 2384 pictum
467 2304 776 2366 haberent.
854 2305 1130 2367 diuorum
1179 2305 1473 2385 templum
1514 2307 1643 2365 fieri
1672 2306 1871 2374 iussit,
1914 2306 1976 2365 in
2012 2322 2131 2383 quo

113 2405 166 2446 25
196 2398 399 2450 essent
430 2398 656 2452 statuae
687 2392 1026 2469 principum
1056 2391 1374 2461 bonorum,
1408 2393 1489 2451 ita
1519 2397 1586 2451 ut
1611 2390 1805 2451 isdem
1834 2388 2131 2452 natalibus

193 2476 319 2535 suis
352 2481 412 2534 et
440 2475 738 2536 Parilibus
770 2480 829 2534 et
870 2474 985 2536 kal.
1019 2471 1313 2538 Ianuariis
1347 2484 1403 2537 et
1432 2478 1603 2537 Votis
1628 2476 1911 2537 libamina
1940 2492 2131 2554 pone-

193 2567 423 2620 rentur.
461 2562 532 2619 in·
555 2560 762 2620 eadem
794 2560 1064 2621 oratione
1095 2563 1269 2622 fratri
1300 2580 1409 2623 suo
1439 2561 1721 2622 Floriano
1754 2558 2129 2621 consulatum
2166 2572 2200 2621 6

190 2644 343 2724 petit
367 2644 433 2703 et
460 2662 581 2705 non
611 2646 985 2723 impetra-uit,
1037 2645 1264 2706 idcirco
1304 2646 1461 2725 quod
1504 2648 1623 2706 iam
1656 2652 1901 2707 senatus
1933 2646 2130 2704 omnia

191 2728 482 2789 nundinia
521 2729 906 2789 suffectorum
949 2730 1260 2791 consulum
1304 2731 1620 2791 clauserat.
1682 2730 1900 2790 dicitur
1930 2727 2131 2789 autem

111 2830 164 2871 30
191 2812 446 2873 multum
497 2812 751 2874 laetatus
803 2820 1046 2875 senatus
1086 2814 1391 2885 libertate,
1454 2814 1609 2893 quod
1656 2816 1710 2873 ei
1750 2819 2001 2890 negatus
2038 2818 2131 2871 est

193 2896 563 2967 consulatuS,
609 2915 787 2976 quem
817 2900 988 2958 fratri
1017 2901 1289 2977 petierat.
1356 2900 1549 2959 fertur
1579 2898 1837 2979 denique
1870 2896 2127 2957 dixisse:

190 2982 362 3052 „Scit
392 2988 635 3044 senatus
666 3002 842 3062 quem
874 2985 1210 3062 principem
1237 2984 1517 3046 feceritf‘

315 3067 748 3128 Patrimonium
779 3086 949 3127 suum
987 3068 1343 3146 publicauit,
1388 3067 1547 3147 quod
1586 3065 1841 3129 hahuit
1824 3083 1888 3126 m
1918 3044 2127 3126 rediti-
2152 3064 2237 3130 10

190 3150 325 3221 hus,
357 3154 701 3213 sestertium
734 3152 823 3212 bis
853 3152 1048 3213 milies
1079 3149 1492 3230 octingenties
1554 3153 1902 3231 pecuniam,
1950 3167 2131 3229 quam

324 3305 356 3355 2
383 3301 658 3354 deductus
682 3304 750 3354 M
882 3304 956 3355 ad
978 3303 1081 3355 BP
1215 3306 1248 3353 6
1274 3302 1511 3355 salutem
1531 3302 1636 3354 BP
1746 3306 1809 3355 10
1834 3302 1908 3354 sit
1931 3304 2033 3355 BP

187 3369 392 3422 bolibis
417 3372 471 3421 B
492 3372 694 3424 boubis
717 3369 793 3433 P}
932 3374 996 3422 12
1020 3388 1214 3423 uerum
1235 3372 1405 3422 BPM
1558 3374 1621 3423 16
1648 3372 1855 3423 curiam
1878 3370 1930 3421 B
2064 3372 2133 3422 20

191 3438 434 3505 capitale
459 3440 530 3490 M
613 3441 680 3489 24
702 3444 766 3490 ut
791 3456 898 3506 quo
920 3440 1024 3490 BP
1111 3444 1177 3494 28
1200 3440 1500 3507 imperabit
1524 3439 1603 3491 B¹
1628 3440 1953 3507 impetrabit
1978 3437 2134 3490 B²P1

205 3530 213 3539 -
323 3508 391 3557 29
414 3505 626 3557 nundia
651 3506 756 3558 BP
772 3508 987 3559 inuidia
1011 3510 1080 3560 M
1210 3512 1279 3561 34
1303 3509 1591 3562 sesterties
1614 3509 1771 3561 BP

213 3582 218 3586 ”
261 3620 474 3657 sempr.
502 3623 652 3661 ms'r,
673 3622 803 3661 ave.
841 3610 914 3661 11.
1658 3592 1741 3655 12
