2517 3884
781 207 1127 264 PERTINAX.
1219 208 1274 264 G.
1324 214 1494 265 2—4.
1996 206 2116 272 107

190 387 355 446 quam
383 374 447 432 in
480 372 788 452 Liguriam
819 375 1002 443 uenit,
1036 374 1236 437 multis
1268 378 1429 454 agris
1474 378 1763 454 coemptis
1805 377 2114 438 tabernam

187 463 486 534 paternam
521 466 802 520 manente
830 460 1024 520 forma
1054 462 1260 539 priore
1283 461 1529 522 infinitis
1548 460 1831 522 aedificiis
1856 463 2109 522 circum-

187 540 354 602 dedit.
440 544 677 622 fuitque
719 543 843 604 illic
896 562 1004 624 per
1046 546 1377 607 triennium
1432 553 1491 606 et
1530 554 1829 607 mercatus
1873 554 1965 607 est
2004 567 2114 626 per

191 624 322 686 suos
351 645 594 690 seruos.
671 628 881 692 Occiso
925 648 1068 690 sane
1112 631 1373 691 Perenni
1416 631 1781 692 Commodus
1812 630 2111 694 Pertinaci
2150 639 2180 686 6

137 723 160 761 5
185 711 460 773 satisfecit
493 729 757 791 eumque
787 715 939 794 petit
969 713 1212 784 litteris,
1257 723 1325 777 ut
1354 715 1427 777 ad
1459 716 1811 777 Brittaniam
1841 717 2109 795 proficis-

183 803 432 858 ceretur.
511 800 942 878 profectusque
989 798 1210 861 milites
1249 800 1324 861 ab
1367 802 1533 861 omni
1573 802 1869 862 seditione
1909 801 2107 862 deter-
2148 809 2179 854 6

179 881 316 951 ruit,
363 901 508 944 cum
551 883 640 944 illi
685 900 1106 961 quemcunque
1149 887 1579 964 imperatorem
1619 885 1848 947 uellent
1891 885 2111 948 habere

181 971 232 1023 et
269 967 473 1044 ipsum
518 967 861 1048 specialiter
901 969 1296 1031 Pertinacem.
1360 977 1501 1031 tunc
1540 970 1821 1032 Pertinax
1863 969 2109 1032 maliuo-
2150 979 2178 1026 7

178 1048 382 1112 lentiae
423 1061 635 1114 notam
690 1053 880 1122 subit,
937 1053 1096 1131 quod
1147 1055 1340 1115 dictus
1386 1061 1477 1115 est
1522 1055 1905 1116 insimulasse
1957 1057 2113 1135 apud

121 1147 158 1184 ¹0
181 1133 573 1198 Commodum
627 1138 904 1200 adfectati
953 1140 1190 1218 imperii
1233 1140 1551 1201 Antistium
1594 1140 1856 1201 Burrum
1900 1147 1958 1200 et
1998 1143 2107 1201 Ar-

181 1220 326 1280 rium
356 1223 748 1284 Antoninum.
811 1230 870 1283 et
899 1222 1222 1285 seditiones
1272 1224 1755 1303 quidemaecontra
1783 1226 2105 1303 imperato-
2148 1235 2179 1281 8

178 1321 296 1364 rem
329 1309 689 1388 conpescuit
727 1308 790 1368 in
831 1309 1214 1378 Brittaniam,
1259 1327 1474 1369 uerum
1515 1310 1731 1385 ingens
1773 1309 2111 1388 periculum

180 1388 290 1448 adit
321 1391 624 1454 seditione
654 1392 909 1471 legionis
937 1411 1131 1472 paene
1162 1395 1427 1463 occisuS‚
1472 1400 1633 1453 certe
1673 1395 1833 1454 inter
1875 1394 2109 1455 occisos

180 1471 435 1538 relictus.
507 1496 685 1557 quam
715 1477 959 1555 quidem
987 1497 1118 1539 rem
1146 1477 1310 1538 idem
1341 1477 1621 1539 Pertinax
1652 1479 1944 1539 acerrime
1976 1479 2107 1540 uin·
2148 1490 2178 1534 9

117 1569 156 1607 15
180 1557 409 1623 dicauit.
491 1561 750 1642 denique
792 1557 1001 1641 postea
1045 1565 1282 1624 ueniam
1324 1562 1637 1641 legationis
1676 1565 1825 1641 petit
1884 1564 2109 1633 dicens,
2152 1572 2214 1620 10

181 1643 283 1704 sibi
315 1646 392 1706 oh
426 1647 736 1708 defensam
769 1647 1144 1727 disciplinam
1183 1649 1435 1709 infestas
1477 1666 1611 1708 esse
1652 1647 1939 1726 legiones.
2014 1667 2111 1709 ac·
2142 1646 2185 1707 4

181 1737 348 1809 cepto
379 1750 738 1793 successore
769 1732 1191 1794 alimentorum
1234 1735 1290 1793 ei
1322 1751 1467 1794 cura
1496 1733 1767 1794 mandata
1803 1742 1911 1795 est.
1974 1733 2111 1794 dein

179 1831 280 1890 pro
312 1816 565 1878 consule
595 1818 828 1878 Africae
859 1819 1051 1878 factus
1083 1824 1192 1878 est.
1254 1820 1316 1878 in
1350 1835 1468 1894 quo
1499 1817 1929 1896 proconsulatu
1958 1817 2109 1878 mul·
2148 1827 2178 1872 2

179 1904 261 1960 tas
291 1901 622 1962 seditiones
651 1920 978 1982 perpessus
1009 1902 1228 1964 dicitur
1273 1902 1795 1964 uaticinationibus
1826 1901 1873 1982 †
1904 1921 2110 1964 earum

118 1993 161 2030 ‘2⁰
185 2000 325 2060 quae
357 1986 434 2048 de
467 1986 694 2066 templo
726 1987 1008 2056 Caelestis
1040 1995 1377 2065 emergunt.
1437 1993 1576 2065 post
1606 1986 1719 2047 hoc
1750 1989 1938 2066 praef.
1974 1986 2111 2047 urbi

179 2068 378 2149 factus,
443 2074 510 2132 in
543 2088 659 2148 qua
690 2073 1069 2150 praefectura
1099 2081 1234 2150 post
1263 2072 1645 2140 Fuscianum,
1682 2071 1985 2134 hominem
2016 2089 2109 2131 se·
2148 2083 2179 2128 3

185 2171 417 2225 uerum,
449 2157 754 2220 ,Pertinax
793 2158 1144 2217 mitissimus
1177 2164 1238 2216 et
1268 2155 1731 2216 humanissimus
1762 2156 1875 2215 fuit
1908 2162 1967 2215 et
1994 2157 2112 2234 ipsi
2240 2213 2287 2247 44

182 2237 502 2302 Commodo
532 2241 862 2320 plurimum
891 2240 1135 2321 placuit,
1170 2242 1309 2320 quia
1338 2238 1385 2319 †
1414 2239 1500 2300 illi
1530 2246 1692 2300 esset
1721 2241 1939 2301 iterum
1973 2258 2111 2300 cum
2146 2265 2184 2290 a·
2216 2219 2286 2310 ΞΕ

181 2321 456 2387 Pertinax
488 2327 679 2387 factus
711 2334 817 2387 est.
884 2333 1026 2387 tunc
1055 2327 1339 2386 Pertinax
1368 2324 1766 2386 interficiendi
1799 2325 2111 2387 Commodi
2146 2335 2179 2381 4

118 2418 160 2456 ‘25
183 2413 603 2472 conscientiam
633 2410 888 2472 delatam
919 2411 1034 2472 sibi
1065 2410 1138 2472 ab
1170 2410 1301 2471 aliis
1332 2428 1453 2471 non
1485 2411 1651 2488 fugit.

297 2496 630 2558 Commodo
673 2503 869 2556 autem
915 2497 1278 2575 interempto
1320 2494 1537 2556 Laetus
1578 2496 1765 2572 praef.
1814 2502 1999 2574 praet.
2050 2503 2109 2555 et
2146 2505 2177 2552 5

187 2577 457 2642 Eclectus
489 2580 891 2641 cubicularius
923 2581 998 2642 ad
1029 2598 1166 2641 eum
1197 2588 1499 2642 uenerunt
1532 2586 1591 2640 et
1624 2598 1760 2640 eum
1792 2580 2105 2641 confirma-

180 2672 314 2725 runt
353 2674 537 2745 atque
576 2668 639 2726 in
681 2673 876 2728 castra
917 2666 1233 2727 duxerunt.
1299 2664 1420 2725 illic
1450 2667 1729 2726 Pertinax
1758 2664 1975 2725 milites
2006 2663 2109 2724 ad·
2147 2677 2177 2721 6

183 2745 414 2812 locutus
446 2750 942 2820 est,‘donatiuum
971 2751 1279 2830 promisit,
1323 2751 1516 2827 ingeri
1561 2749 1673 2810 sibi
1714 2751 2033 2827 imperium
2078 2769 2110 2810 a

119 2842 161 2882 3⁰
184 2829 358 2896 Laeto
393 2843 453 2895 et
483 2835 722 2896 Eclecto
755 2837 919 2896 dixit.
975 2835 1182 2896 fictum·
1209 2841 1301 2896 est
1331 2841 1548 2903 autem,
1584 2832 1740 2910 quod
1771 2833 1983 2893 morbo
2016 2851 2108 2893 es·
2149 2847 2178 2894 7

275 2987 307 3037 5
329 2988 554 3038 litteras
575 2987 680 3037 BP
700 3004 798 3053 per
820 2987 1041 3038 litteras
1066 2988 1130 3037 M
1149 2987 1355 3036 litteris
1374 2985 1566 3049 scripse:
1700 2983 1773 3034 ad
1798 3000 1891 3036 om.
1915 2981 1987 3032 P¹

183 3053 210 3100 ⁷
233 3053 463 3120 uellent]
489 3055 620 3118 fort.
641 3055 870 3106 mallent
1009 3057 1072 3105 10
1095 3055 1383 3119 imperium
1406 3051 1529 3102 BP¹
1664 3052 1969 3102 antastiurn
1992 3052 2043 3101 B

185 3119 242 3169 11
265 3123 385 3188 ipse
409 3123 578 3172 BPM
594 3124 985 3188 imperatorem
1014 3122 1233 3172 Obrecht
1338 3123 1401 3172 13
1426 3121 1571 3185 legis
1594 3120 1646 3168 B
1750 3121 1965 3172 occisus
1990 3119 2113 3170 ΒΡι

190 3189 246 3237 19
273 3206 461 3240 earum
485 3192 579 3240 uim
599 3207 790 3249 sanum,
819 3191 1147 3241 desideratur
1173 3190 1404 3241 sortium
1428 3192 1511 3239 uel
1532 3191 1690 3240 simtle
1714 3189 1909 3253 aliquid
2043 3191 2111 3238 23

187 3253 266 3304 illi
275 3256 440 3309 BPM
457 3257 566 3310 VII
577 3259 879 3310 Bit-schelius
971 3261 1038 3309 24
1063 3274 1122 3308 es
1141 3259 1192 3308 B
1209 3258 1510 3309 sententiam
1532 3257 1692 3307 kance
1718 3271 1827 3306 esse
1845 3259 2109 3322 suspicor:

189 3325 276 3388 qui
301 3341 422 3376 cum
445 3327 554 3378 VII
579 3332 756 3389 esset,
783 3327 984 3377 iterum
1010 3343 1159 3376 cone.
1185 3326 1457 3377 Pertinax
1482 3324 1670 3375 factus
1694 3329 1798 3374 est.
1925 3325 2111 3374 factus

191 3397 270 3441 est
293 3399 426 3444 tunc
450 3394 721 3447 Pertinax
743 3410 836 3446 om.
863 3395 916 3443 B
1029 3397 1094 3444 27
1129 3394 1344 3445 electus
1367 3394 1534 3442 BPM
1558 3393 1823 3444 Eclectus
1855 3394 2045 3456 scripsi

187 3461 246 3508 ut
263 3459 428 3512 BPM
440 3469 492 3514 et
508 3479 582 3514 em
601 3462 643 3512 S
746 3459 1058 3514 confirmaft
1081 3463 1134 3511 B
1162 3461 1545 3513 confirmarent
1570 3461 1637 3511 M
1733 3463 1799 3510 29
1826 3459 2112 3511 donatium

189 3524 235 3571 Β
355 3533 422 3582 30
447 3531 626 3581 electo
651 3531 818 3582 BPM
837 3529 1065 3581 Eclecto
1089 3533 1282 3595 scripsi
