2517 3884
347 175 478 240 242
1036 180 1210 236 AELII
1253 180 1587 237 LAMPRlDll

350 348 566 409 liorem
595 349 836 426 imperii
865 348 1126 418 fecisti,“
1157 345 1262 408 ille
1303 347 1647 426 respondit:
1711 347 1885 417 „Sed
1918 351 2292 411 securiorem

279 441 316 490 4
351 441 530 511 atque
575 432 1074 496 diuturniorem.“
1163 431 1292 492 dies
1341 431 1598 513 denique
1650 450 1975 510 numquam
2034 437 2289 500 transiit,

353 518 591 598 quando
622 537 744 580 non
775 516 996 595 aliquid
1025 525 1407 578 mansuetum
1449 518 1625 579 ciuile
1655 521 1823 598 pium
1852 519 2021 589 fecit,
2068 520 2175 580 sed
2205 523 2290 580 ita

352 615 420 666 ut
451 605 746 667 aerarium
777 622 899 664 non
930 609 1252 666 euerteret.

248 683 332 746 21
481 688 1021 751 Condemnationes
1067 706 1349 767 perraras
1380 705 1514 749 esse
1556 689 1759 758 iussit,
1806 696 1866 750 at
1908 706 2057 766 quae
2098 691 2290 751 factae
2346 705 2381 744 5

350 777 591 836 fuerant
638 791 761 834 non
799 773 1063 836 indulsit.
1137 772 1453 851 uectigalia
1506 773 1847 836 ciuitatibus
1890 775 1961 835 ad
2006 777 2290 854 proprias

282 867 312 914 2
349 859 608 922 fabricas
639 859 967 938 deputauit.
1030 859 1206 919 fenus
1235 858 1547 938 publicum
1576 861 1954 921 trientarium
1998 862 2288 928 exercuit,

347 947 434 1006 ita
464 952 531 1006 ut
559 943 928 1024 pauperibus
967 942 1273 1022 plerisque
1316 945 1446 1004 sine
1488 946 1689 1005 usuris
1727 944 2013 1024 pecunias
2056 944 2293 1006 dederit

285 1037 316 1084 3
353 1030 427 1092 ad
457 1047 634 1108 agros
666 1029 970 1098 emendoS,
1011 1027 1349 1089 reddendas
1396 1029 1471 1089 de
1512 1029 1828 1091 fructibus
1888 1032 2077 1108 praef.
2110 1049 2289 1109 prae-

353 1117 493 1176 torii
535 1116 660 1176 suis
703 1116 1059 1176 senatoriam
1101 1113 1329 1174 addidit
1368 1113 1713 1192 dignitatem
1729 1135 1754 1184 ,·
1800 1121 1868 1174 ut
1919 1117 2036 1175 uiri
2078 1115 2284 1176 claris-
2318 1131 2375 1168 10

285 1208 318 1254 4
355 1201 491 1263 simi
519 1208 582 1262 et
613 1208 814 1261 essent
848 1207 907 1259 et
935 1199 1303 1260 dicerentur.
1368 1199 1527 1278 quod
1568 1207 1739 1260 antea
1783 1199 1880 1260 uel
1910 1218 2048 1261 raro
2088 1201 2291 1262 fuerat

352 1289 452 1348 uel
489 1304 614 1348 non
653 1286 756 1348 diu
796 1284 895 1345 uel
926 1286 1168 1346 omnino
1199 1302 1322 1344 non
1364 1285 1589 1354 fuerat,
1638 1303 1709 1346 eo
1747 1302 1939 1362 usque
1970 1291 2038 1345 ut
2068 1287 2119 1345 si
2149 1287 2290 1364 quis

351 1374 1230 1450 imperatorumsuccessorem
1269 1371 1458 1448 praef.
1492 1377 1682 1450 praet.
1717 1369 1863 1431 dare
1903 1369 2118 1439 uellet,
2151 1369 2286 1431 lati-

353 1456 609 1516 clauiam
641 1455 835 1518 eidem
865 1473 976 1534 per
1004 1453 1293 1517 libertum
1324 1457 1745 1524 summitteret,
1782 1461 1847 1515 ut
1874 1457 1935 1515 in
1959 1454 2289 1516 multorum

286 1549 317 1596 5
354 1543 479 1604 uita
506 1541 730 1602 Marius
759 1539 1052 1602 Maximus
1081 1537 1248 1600 dixit.
1309 1539 1647 1602 Alexander
1678 1548 1879 1602 autem
1919 1540 2146 1602 idcirco
2190 1559 2286 1601 se·
2318 1554 2373 1593 15

352 1634 596 1688 natores
639 1643 771 1688 esse
815 1623 1011 1686 uoluit
1039 1625 1229 1703 praef.
1266 1633 1482 1704 praet„
1514 1645 1591 1686 ne
1624 1627 1757 1704 quis
1788 1644 1910 1687 non
1940 1634 2181 1687 senator
2214 1625 2290 1685 de

282 1719 314 1765 6
349 1711 618 1772 Romano
663 1717 940 1772 senatore
979 1709 1290 1771 iudicaret.
1352 1709 1573 1772 milites
1614 1730 1757 1772 suos
1788 1712 1873 1772 sic
1916 1711 2140 1788 ubique
2172 1713 2287 1772 sci-

350 1799 470 1866 uit,
513 1803 582 1856 ut
623 1798 686 1856 in
719 1794 994 1857 cubiculo
1037 1792 1289 1855 haberet
1330 1794 1553 1856 breues
1595 1804 1655 1856 et
1695 1814 2016 1857 numerum
2046 1803 2107 1856 et
2136 1802 2287 1856 tem-

349 1900 498 1960 pora
529 1880 888 1942 militantum
919 1881 1284 1957 indicantem,
1316 1898 1705 1959 semperque,
1741 1899 1877 1942 cum
1909 1880 2073 1942 solus
2105 1889 2287 1949 esset,

353 1975 411 2029 et
438 1968 706 2042 rationes
735 1984 946 2027 eorum
989 1973 1048 2026 et
1078 1983 1397 2026 numerum
1442 1977 1501 2026 et
1530 1967 1845 2044 dignitates
1888 1973 1947 2026 et
1989 1966 2288 2045 stipendia
2318 1980 2373 2020 20

284 2060 316 2109 7
351 2058 728 2120 recenseret,
785 2057 853 2112 ut
893 2057 1056 2112 esset
1085 2049 1160 2111 ad
1201 2053 1401 2112 omnia
1446 2053 1964 2113 instructissimus
2027 2052 2289 2128 denique

349 2155 484 2199 cum
511 2138 671 2198 inter
701 2135 988 2198 militares
1019 2135 1244 2213 aliquid
1276 2144 1573 2214 ageretur,
1607 2136 1933 2198 multorum
1964 2135 2199 2197 dicebat
2230 2144 2292 2196 et

283 2229 314 2278 8
351 2223 612 2284 nomina.
655 2222 731 2282 de
759 2221 1190 2302 promouendis
1221 2223 1400 2282 etiam
1432 2221 1547 2282 sihi
1576 2222 1895 2283 adnotabat
1924 2229 1983 2282 et
2010 2221 2288 2300 perlege-

349 2307 453 2368 bat
494 2314 709 2369 cuncta
749 2309 992 2386 pittacia
1035 2312 1095 2366 et
1133 2307 1220 2368 sic
1264 2305 1522 2368 faciebat
1560 2306 1772 2368 diebus
1828 2309 2003 2368 etiam
2058 2307 2288 2384 pariter

283 2399 314 2448 9
352 2391 646 2452 adnotatis
687 2398 748 2450 et
787 2393 922 2468 quis
974 2408 1091 2468 quo
1137 2398 1297 2452 esset
1335 2393 1679 2453 insinuante
1718 2398 2049 2471 promotus,
2112 2409 2279 2449 com·
2310 2403 2366 2444 25

350 2481 611 2538 meatum
651 2476 860 2556 populi
901 2477 1156 2538 Romani
1205 2478 1293 2538 sic
1335 2477 1589 2547 adiuuit,
1645 2485 1741 2546 ut,
1798 2496 1933 2538 cum
1980 2477 2285 2537 frum-enta

358 2560 778 2639 Heliogabalus
826 2563 1170 2644 eu-ertisset,
1219 2561 1318 2622 hic
1356 2569 1565 2642 ,empta
1610 2563 1685 2623 de
1735 2563 1982 2642 propria
2030 2561 2289 2640 pecunia

353 2645 486 2709 loco
518 2665 627 2708 suo
657 2653 999 2726 reponeret.

245 2721 332 2786 22
489 2732 999 2812 Negotiatorihus,
1061 2739 1130 2794 ut
1186 2731 1439 2794 Romam
1496 2731 1769 2792 uolentes
1828 2735 2287 2798 concurrerent,

283 2823 314 2871 2
350 2819 667 2880 maximam
695 2819 1115 2880 inmunitatem
1146 2817 1327 2878 dedit.
1392 2817 1636 2886 Oleum,
1672 2816 1833 2895 quod
1866 2815 2132 2882 Seuerus
2176 2834 2287 2895 po·
2316 2829 2368 2869 30

451 2973 482 3020 2
509 2970 889 3022 diuturnorum
911 2971 963 3020 B
979 2970 996 3003 1
1135 2974 1166 3022 3
1193 2969 1416 3020 ciuilem
1439 2967 1567 3018 BP1
1594 2985 1711 3020 exc.
1851 2968 2067 3018 faceret
2090 2967 2160 3017 M

347 3040 381 3090 5
407 3053 622 3090 errares
644 3037 726 3089 Β1
775 3055 992 3090 erraras
1014 3038 1150 3089 B²P
1173 3055 1290 3092 exc.
1338 3053 1497 3090 raras
1519 3038 1587 3087 M
1626 3051 1883 3103 perraras
1904 3038 2096 3100 scripsi
2232 3040 2294 3086 et

346 3105 549 3156 BP²M
678 3109 710 3159 ⁷
735 3108 935 3159 foenus
956 3108 1009 3160 B
1085 3137 1092 3144 -
1112 3111 1175 3158 12
1201 3108 1421 3158 omnino
1445 3121 1556 3157 non
1582 3105 1677 3156 diu
1698 3122 1813 3157 non
1836 3106 2023 3155 fuerat
2044 3103 2150 3153 BP
2166 3118 2289 3154 exc.

350 3174 569 3225 omnino
593 3191 706 3226 non
728 3177 767 3227 f.
793 3177 862 3226 M
875 3177 973 3228 uel
993 3192 1106 3228 non
1131 3175 1226 3228 diu
1249 3174 1343 3226 uel
1367 3175 1584 3225 omnino
1607 3190 1720 3225 non
1746 3174 1785 3224 f.
1808 3174 1999 3236 scripsi
2101 3173 2165 3222 13
2189 3171 2291 3220 im-

347 3247 662 3307 peratorem
682 3244 785 3294 BP
805 3243 944 3299 eme)
1105 3246 1170 3294 18
1201 3244 1411 3294 habere
1433 3243 1539 3292 BP
1558 3259 1676 3293 exc.
1840 3242 1903 3292 19
1928 3239 2293 3290 militantium

347 3310 417 3361 M
528 3310 846 3364 indicantes
870 3315 992 3366 add.
1018 3313 1060 3364 C
1172 3315 1244 3364 20
1270 3311 1563 3378 spipendia
1586 3309 1659 3360 B¹
1771 3312 1835 3360 21
1866 3323 1988 3360 esse
2013 3306 2141 3356 BP¹
2166 3322 2287 3356 exc.

450 3380 914 3432 instructissimos
934 3378 1065 3430 BP1
1091 3397 1209 3436 exc.
1348 3383 1413 3430 22
1441 3395 1563 3429 cum
1586 3395 1679 3432 om.
1703 3377 1834 3428 BP*
1860 3393 1977 3428 exc.
2004 3377 2126 3425 add.
2152 3373 2298 3424 P³M

451 3451 517 3498 23
551 3449 851 3513 prouendis
871 3448 924 3497 B
969 3447 1344 3513 prouehendis
1376 3448 1713 3501 Mommsenus
1874 3443 2177 3510 pelegebat
2212 3441 2291 3490 B1

324 3514 647 3600 „pflegepaf
669 3517 722 3567 P
876 3517 943 3568 26
965 3517 1242 3568 frumento
1266 3516 1369 3567 BP
1526 3517 1590 3567 27
1614 3514 1797 3566 uicem
1821 3514 1917 3579 pia
1939 3510 2108 3562 BPM
2126 3527 2219 3568 em,
2247 3509 2293 3560 S
