2517 3884
615 191 1051 248 AVRELIANVS.
1141 191 1198 248 c,
1243 193 1483 251 39—41.
1845 255 1857 264 ,
2018 183 2145 250 2165

199 377 340 419 cum
373 358 472 419 die
501 357 582 420 111
623 376 918 418 nonarum
957 357 1418 418 Februariarum
1458 364 1699 417 senatus
1742 357 2143 438 amplissimus

197 445 264 503 in
295 444 530 504 curiam
557 441 988 521 Pompilianam
1031 443 1441 510 conuenisset,
1489 441 1767 502 Aurelius
1806 441 2143 502 Gordianus

199 527 418 588 consul
449 527 625 588 dixu:
680 525 1060 596 „Referimus
1089 526 1162 586 ad
1192 544 1320 596 ιιοε,
1363 545 1419 604 p.
1450 533 1531 596 'c.,
1587 526 1817 586 litteras
1848 528 2143 587 exercitus

197 612 552 674 felicissimi.
562 619 600 644 “
673 610 888 690 quibus
917 613 1180 672 recitatis
1219 608 1555 690 [Aurelius]
1600 611 1869 680 TacituS,
1913 611 2141 689 prImae
2175 619 2211 667 4

150 710 176 750 5
200 691 542 758 sententiae
583 703 853 764 senator,
899 697 982 756 ita
1021 695 1305 772 loquutus
1348 704 1467 755 est·
1517 693 1645 773 (hic
1687 702 1886 755 autem
1918 702 2009 756 est
2039 697 2143 771 qui

197 787 344 861 post
381 779 764 842 Aurelianum
810 783 1105 841 sententia
1143 781 1409 840 omnium
1450 781 1779 858 imperator
1821 769 1909 840 est
1940 779 2141 858 appel-

200 866 476 944 latusw)
485 864 696 935 ,Recte
723 873 899 944 atque
930 865 1139 926 ordine
1171 863 1613 925 consuluissent
1643 865 1723 924 dii
1750 863 2137 934 immortaleS,
2178 873 2211 922 5

197 970 258 1029 p.
297 969 380 1018 c.,
428 952 480 1010 si
522 949 664 1012 boni
703 951 1007 1029 principes
1048 951 1212 1010 ferro
1253 947 1631 1009 inuiolabiles
1670 951 2034 1018 extitissent,
2078 958 2145 1008 ut

199 1036 540 1112 longiorem
570 1035 858 1095 ducerent
885 1036 1103 1108 uitam,
1149 1050 1347 1110 neque
1386 1041 1594 1094 contra
1629 1051 1731 1092 eos
1762 1033 1955 1110 aliqua
1987 1041 2145 1094 esset

123 1132 174 1172 ιο
200 1127 474 1199 potestas
515 1121 568 1179 is
611 1120 712 1198 qui
748 1137 931 1180 neces
983 1119 1257 1179 infandas
1310 1119 1650 1178 tristissima
1690 1125 1892 1177 mente
1940 1119 2139 1178 conci-

199 1205 391 1282 piunt.
454 1205 688 1265 uiueret
718 1205 878 1264 enim
909 1205 1191 1282 princeps
1219 1202 1602 1270 Aurelianus,
1646 1220 1763 1281 quo
1792 1219 1980 1276 neque
2003 1201 2138 1274 for-
2178 1209 2210 1258 6

199 1291 319 1348 tior
347 1306 544 1366 neque
573 1287 775 1348 utilior
803 1289 913 1348 fuit
941 1290 1274 1367 quisquam.
1351 1289 1652 1366 respirare
1691 1293 1853 1346 certe
1882 1293 2022 1365 post
2049 1289 2139 1346 in·
2178 1295 2210 1343 ‘1

201 1371 546 1434 felicitatem
579 1372 904 1441 Valeriani,
948 1381 1089 1452 post
1129 1371 1381 1432 Gallieni
1419 1371 1574 1432 mala
1603 1373 1939 1450 imperante
1968 1370 2140 1432 Clau·

204 1456 302 1516 dio
334 1453 851 1536 coeperat{nostra
877 1475 980 1518 res
1011 1476 1094 1536 p.,
1127 1457 1200 1517 ad
1233 1457 1439 1517 eadem
1472 1455 1702 1516 reddita
1733 1457 1928 1515 suerat
1956 1459 2143 1515 Aure·

127 1553 178 1592 15
201 1540 364 1602 liano
393 1547 522 1601 toto
551 1542 789 1620 penitus
820 1540 968 1602 orbe
983 1544 1296 1614 uincente.
1359 1540 1459 1601 ille
1502 1539 1677 1602 nobis
1708 1538 1927 1600 Gallias
1959 1539 2139 1608 dedit,
2178 1548 2212 1597 8

203 1623 303 1684 ille
333 1623 564 1686 ltaliam
592 1625 890 1695 liberauit,
923 1625 1024 1686 ill-e
1051 1625 1370 1687 Vindelicis
1397 1628 1604 1704 iugum
1634 1624 1981 1685 barbaricae
2014 1633 2141 1684 ser·-

201 1711 414 1770 uitutis
444 1711 687 1770 amouit.
721 1709 824 1770 illo
853 1712 1132 1772 uincente
1157 1709 1461 1790 Illyricum
1490 1711 1831 1770 restitutum
1862 1716 1971 1778 est,
2005 1709 2141 1770 red-

203 1793 363 1854 ditae
393 1793 679 1866 Romanis
708 1793 940 1872 legibus
969 1795 1279 1855 Thraciae.
1355 1794 1487 1863 ille,
1531 1813 1644 1873 pro
1684 1795 1897 1873 pudor,
1942 1795 2137 1853 orien-
2177 1803 2209 1851 9

201 1885 325 1938 tem
365 1878 628 1940 femineo
675 1897 951 1958 pressum
993 1880 1129 1956 iugo
1168 1881 1232 1937 in
1276 1887 1486 1939 nostra
1522 1881 1654 1938 iura
1692 1879 1981 1945 restituit,
2042 1876 2141 1936 ille

127 1976 179 2016 20
203 1961 448 2031 Persas,
509 1963 863 2024 insultantes
906 1962 1098 2024 adhuc
1139 1961 1437 2023 Valeriani
1487 1981 1663 2031 nece,
1725 1961 1876 2022 fudit
1916 1962 2144 2038 fugauit

203 2048 525 2125 oppressit.
602 2046 772 2108 illum
814 2047 1096 2108 Saraceni
1136 2046 1474 2126 Blemmyes
1515 2046 1822 2108 Exomitae
1864 2044 2139 2106 Bactrani
2179 2057 2245 2107 ιο

205 2131 388 2191 Seres
417 2130 626 2192 Hiberi
665 2131 876 2193 Albani
904 2132 1190 2200 Armenii,
1235 2131 1441 2210 populi
1484 2133 1660 2192 etiam
1700 2129 1981 2191 Indorum
2035 2147 2138 2189 ue-

202 2215 311 2276 luti
341 2223 724 2295 praesentem
756 2234 946 2294 paene
976 2217 1250 2276 uenerati
1292 2222 1431 2276 sunt
1470 2215 1665 2275 deum.
1742 2212 1905 2274 illius
1946 2213 2137 2282 donis,
2178 2225 2240 2274 11

205 2316 356 2376 quae
389 2317 422 2360 a
444 2299 718 2360 barbaris
745 2300 1024 2378 gentibus
1048 2303 1294 2382 meruit,
1324 2301 1615 2362 refertum
1646 2305 1736 2359 est
1766 2297 2138 2379 Capitolium.

127 2397 180 2437 25
203 2383 540 2463 quindecim
583 2383 744 2446 milia
784 2384 1075 2446 librarum
1117 2387 1249 2446 auri
1290 2403 1365 2448 ex
1406 2387 1535 2444 eius
1572 2382 1927 2444 liberalitate
1956 2399 2140 2442 unum

201 2475 368 2530 tenet
406 2469 724 2548 templum,
785 2471 986 2531 omnia
1026 2471 1088 2529 in
1130 2468 1283 2530 urbe
1335 2470 1471 2529 fana
1512 2470 1641 2528 eius
1681 2469 1908 2528 micant
1946 2466 2135 2526 donis.

201 2571 416 2632 quare,
471 2573 529 2633 p.
575 2573 661 2624 c.,
715 2553 814 2614 uel
855 2555 1002 2614 deos
1042 2555 1204 2632 ipsos
1257 2555 1392 2613 iure
1434 2554 1759 2622 conuenio,
1820 2553 1923 2629 qui
1961 2549 2140 2611 talem
2178 2565 2242 2614 12

201 2639 539 2716 principem
567 2639 817 2700 interire
846 2639 1008 2716 passi
1039 2645 1206 2707 sunt,
1250 2639 1370 2698 nisi
1410 2639 1565 2698 forte
1607 2655 1809 2697 secum
1840 2654 1977 2697 eum
2010 2653 2139 2695 esse

201 2721 559 2783 maluerunt.
633 2721 896 2783 decerno
935 2723 1117 2800 igitur
1170 2721 1407 2782 diuinos
1457 2721 1738 2784 honores.
1808 2720 1989 2797 idque
2028 2736 2141 2779 uos
2179 2734 2243 2804 ιθ

339 2893 368 2940 1
393 2889 732 2942 febroanum
755 2890 862 2944 BP
904 2892 1094 2943 Nonas
1117 2889 1456 2940 Februarias
1487 2889 1555 2939 M
1692 2889 1724 2938 2
1749 2887 2145 2952 ponpiniamun

198 2957 251 3006 B
275 2956 668 3040 ponpilianam·
682 2960 734 3009 P
886 2961 922 3008 4
952 2957 1210 3008 Aurelius
1233 2964 1325 3007 aut
1364 2972 1436 3008 ex
1466 2973 1517 3006 u.
1552 2957 1823 3020 superiore
1855 2956 1949 3004 huc
1980 2956 2143 3004 intru-

197 3041 306 3076 sum
338 3031 418 3076 est
449 3032 502 3076 et
535 3027 733 3078 omnino
764 3027 1042 3077 eiciendum
1080 3024 1382 3090 (Eyssenh.)
1417 3011 1528 3074 aut
1543 3023 1814 3073 Claudius
1845 3021 2142 3072 substituen-

199 3094 317 3144 dum
497 3095 534 3144 5
573 3097 801 3144 senator
847 3109 941 3144 om.
975 3090 1058 3141 B¹
1246 3095 1277 3142 ’1
1321 3095 1476 3141 recta
1510 3090 1615 3142 BP
1658 3094 1814 3140 recto
1858 3089 2046 3140 ordine
2078 3088 2141 3138 M

199 3175 290 3211 em.
318 3159 362 3212 G
520 3162 587 3220 io
607 3161 698 3212 his
719 3160 884 3212 BPM
1026 3159 1260 3210 infanda
1284 3158 1454 3209 BPM
1591 3158 1884 3208 tristissima.
1906 3156 2011 3206 BP
2070 3153 2142 3216 ἦ

201 3229 264 3278 11
291 3243 473 3294 neque
505 3228 704 3278 fortior
727 3230 930 3280 addidit
949 3229 992 3279 0
1127 3229 1192 3277 14
1226 3227 1301 3276 ad
1325 3223 1539 3292 eadem]
1573 3228 1667 3276 uix
1688 3241 1885 3276 sanun.
1928 3240 1998 3274 an
2020 3223 2143 3273 uita

201 3294 384 3346 denuo
403 3294 630 3346 reddita
655 3296 877 3347 fuerat?
1018 3297 1082 3345 16
1106 3295 1236 3345 inde
1262 3302 1383 3346 ante
1405 3293 1572 3346 vind.
1598 3295 1720 3345 add.
1746 3292 1850 3342 BP
1868 3308 1961 3344 om.
1988 3292 2055 3341 M

201 3365 265 3413 17
289 3363 522 3414 uiuente
547 3363 616 3413 M
749 3366 814 3416 18
839 3363 1047 3428 pudore
1070 3362 1176 3413 BP
1309 3364 1373 3413 21
1401 3378 1471 3426 op
1475 3376 1696 3428 pressos
1717 3361 1771 3410 B
1881 3358 2145 3410 braetani

197 3429 366 3492 ΒΑΜ)
391 3431 683 3482 baeti-ani
705 3432 758 3480 P
773 3438 812 3481 t.
837 3431 991 3482 Iord.
1106 3433 1174 3480 23
1197 3445 1337 3482 cene
1361 3378 1577 3494 ΒΡ(Μ)
1696 3427 1838 3480 dolis
1861 3427 2030 3478 BPM
2046 3442 2140 3477 em.

199 3495 276 3548 Ρ8
416 3499 485 3549 29
505 3497 567 3549 id
591 3498 738 3564 qnod
759 3525 828 3538 --
853 3498 1107 3550 existimo
1131 3498 1194 3548 M
