2517 3884
351 179 472 245 108
952 185 1289 245 TREBELLH
1330 184 1672 243 POLLIONIS

347 354 844 435 prehendendum
876 353 1180 425 Quietum,
1225 352 1473 415 Macrini
1504 354 1721 424 filium,
1766 372 1944 436 quem
1984 354 2282 435 praedam

279 449 313 497 4
350 459 518 502 suam
550 458 683 501 esse
715 438 964 500 dicebat.
1037 440 1174 499 Fuit
1206 440 1299 500 uir
1326 440 1597 518 insignis,
1634 440 1905 501 eruditus
1948 440 2020 501 ad
2052 457 2281 518 geren·

349 525 483 588 dam
528 544 656 585 rem
685 544 766 605 p.,
827 526 892 584 in
932 524 1195 587 consiliis
1251 524 1611 595 uehemens,
1669 528 1733 586 in
1794 525 2282 603 expeditionibus

349 611 562 680 claruS,
596 612 657 670 in
687 611 1031 690 prouisione
1069 611 1399 673 annonaria
1442 610 1791 689 singularis,
1841 610 2154 672 Valeriano
2187 612 2279 672 sic

347 702 624 775 acceptus
665 702 732 755 ut
776 712 912 755 eum
959 694 1313 775 quibusdam
1353 696 1571 757 litteris
1614 696 1727 757 boc
1757 697 2098 757 testimonio
2128 714 2273 776 pro·
2332 710 2359 751 5

349 788 587 842 secutus
619 782 725 841 sit:

278 874 310 922 5
474 864 861 935 „Valerianus
899 864 1165 943 Ragonio
1208 865 1383 927 Claro
1422 866 1729 946 praefecto
1771 865 1992 947 Illyrici
2036 873 2095 927 et
2134 864 2274 942 Gal-

345 950 576 1011 liarum.

473 1035 536 1095 Si
566 1035 707 1112 quid
738 1037 888 1096 in-te
918 1034 1111 1096 honae
1140 1037 1333 1114 frugis
1366 1042 1474 1105 est,
1508 1054 1686 1114 quam
1720 1054 1853 1097 esse
1878 1038 2025 1105 scio,
2051 1056 2273 1115 parens

277 1127 307 1175 6
347 1119 532 1191 Clare,
567 1118 1012 1199 dispositionem
1059 1129 1122 1180 tu
1154 1120 1433 1181 Ballistae
1463 1139 1848 1200 persequere.
1928 1122 2013 1183 sic
2042 1140 2173 1182 rem
2202 1142 2260 1201 p.
2294 1138 2349 1177 ιο

344 1206 620 1266 informa.
654 1206 901 1266 uidesne
929 1212 996 1266 ut
1043 1203 1144 1265 ille
1186 1205 1591 1285 prouinciales
1634 1225 1754 1267 non
1786 1213 2027 1284 grauet,
2063 1213 2126 1267 ut
2154 1206 2275 1267 illic

347 1308 534 1369 equos
565 1291 865 1372 contineat
895 1290 998 1351 ubi
1041 1298 1179 1351 sunt
1229 1288 1476 1369 pabula,
1532 1290 1653 1350 illic
1707 1309 1974 1352 annonas
2019 1291 2274 1354 militum

343 1375 584 1436 mandet
625 1376 729 1435 ubi
771 1382 910 1435 sunt
952 1376 1281 1443 frumenta,
1326 1393 1447 1436 non
1480 1376 1939 1453 prouincialem,
1980 1380 2099 1437 lion
2129 1397 2271 1457 pos-

347 1478 642 1521 sessorem
688 1467 859 1537 cogat
900 1458 1023 1520 illic
1064 1460 1363 1520 frumenta
1409 1459 1512 1520 uhi
1552 1478 1677 1521 non
1707 1460 1887 1521 habet
1918 1462 2090 1531 dare,
2152 1462 2273 1523 illic

279 1549 308 1599 7
347 1561 565 1621 equum
596 1544 699 1604 ubi
727 1563 850 1604 non
879 1551 1077 1623 potest
1105 1545 1393 1622 pascere?
1449 1563 1560 1605 nec
1592 1552 1685 1605 est
1714 1543 1833 1607 ulla
1864 1545 1973 1607 alia
2004 1548 2273 1625 mouisio
2300 1562 2355 1603 15

346 1628 556 1689 melior
588 1645 762 1705 quam
807 1635 872 1688 ut
911 1630 972 1688 in
1015 1628 1162 1689 locis
1217 1630 1343 1689 suis
1389 1635 1712 1708 erogentur
1745 1648 1895 1708 quae
1927 1638 2271 1703 nascuntur,

277 1724 307 1772 8
344 1730 420 1771 ne
452 1720 553 1773 aut
583 1712 874 1773 uehiculis
920 1720 1022 1774 aut
1063 1714 1404 1792 sumptibus
1445 1732 1571 1775 rem
1604 1734 1661 1793 p.
1696 1724 1969 1792 grauent.
2046 1715 2273 1779 Galatia

345 1798 660 1859 frumentis
691 1797 968 1866 abundat,
1002 1798 1224 1858 referta
1259 1804 1350 1859 est
1379 1798 1649 1870 Thracia,
1680 1799 1929 1879 plenum
1962 1809 2052 1862 est
2082 1800 2271 1882 Illyri-

347 1902 511 1943 cum·
560 1881 680 1943 illic
741 1882 972 1967 pedites
1033 1881 1451 1953 conlocentur,
1516 1901 1873 1964 quamquam
1914 1887 1977 1946 in
2020 1886 2272 1949 Thracia

346 1969 522 2027 etiam
567 1970 800 2046 equites
847 1970 975 2029 sine
1005 1986 1160 2028 noxa
1209 1968 1671 2047 prouincialium
1725 1969 1991 2032 hiemare
2024 1973 2267 2051 possint
2296 1988 2353 2027 20

276 2065 307 2112 9
345 2053 599 2113 multum
633 2055 789 2114 enim
835 2072 906 2113 ex
959 2054 1186 2151 campis
1235 2053 1399 2113 foeni
1452 2053 1767 2131 colligitur.
1845 2057 1961 2116 iam
1992 2055 2268 2126 laridum,

346 2138 462 2197 iam
496 2145 732 2199 ceterae
764 2140 996 2217 species
1025 2140 1087 2198 in
1119 2140 1171 2198 is
1202 2127 1432 2198 dandae
1464 2145 1606 2200 sunt
1630 2136 1794 2210 lociS,
1827 2142 1890 2199 in
1920 2140 2139 2220 quibus
2168 2140 2269 2202 ad-

243 2234 307 2283 10
344 2223 509 2283 satim
556 2223 912 2283 redundant.
1029 2241 1180 2300 quae
1226 2224 1423 2283 omnia
1485 2230 1624 2287 sunt
1668 2224 1944 2286 Ballistae
2005 2225 2268 2295 consilia,

343 2308 443 2385 qui
475 2326 548 2367 ex
583 2324 816 2385 quaque
847 2309 1160 2387 prouincia
1207 2325 1385 2368 unam
1417 2314 1647 2369 tantum
1690 2312 1949 2388 speciem
1983 2311 2270 2390 praeberi

291 2388 532 2458 iussit,
566 2392 725 2471 quod
746 2410 825 2453 ea
857 2391 1250 2461 redundaret,
1314 2398 1489 2472 atque
1534 2393 1605 2453 ab
1652 2411 1717 2454 ea
1762 2394 1981 2457 milites
2024 2395 2263 2456 submo-
2290 2410 2351 2451 25

343 2478 492 2536 ueri.
568 2475 627 2535 id
661 2476 819 2553 quod
849 2475 1174 2575 publicitus
1205 2484 1296 2537 est
1326 2476 1651 2539 decretum.
1662 2486 1699 2513 “

241 2572 300 2619 11
466 2560 572 2619 Est
602 2567 661 2620 et
692 2558 802 2621 alia
834 2563 962 2621 eius
1005 2559 1254 2640 epistola
1298 2579 1413 2644 qua
1455 2564 1675 2641 gratias
1717 2564 1995 2627 Ballistae
2038 2566 2149 2636 ait,
2208 2566 2269 2626 in

343 2662 457 2720 qua
489 2644 694 2715 docet,
757 2644 872 2705 sibi
901 2651 1220 2724 praecepta
1262 2646 1685 2723 gubernandae
1728 2651 1817 2709 rei
1845 2669 1903 2729 p.
1942 2648 2015 2710 ab
2057 2650 2266 2711 eodem

340 2730 492 2799 data,
553 2730 836 2808 gaudenS,
901 2730 1059 2807 quod
1093 2732 1220 2791 eius
1251 2730 1500 2791 consilio
1542 2732 1769 2793 nullum
1804 2734 2269 2814 adscripticium,

474 2901 503 2948 1
529 2900 802 2950 Macriani
831 2900 888 2949 M
1047 2902 1078 2949 2
1103 2914 1258 2953 suum
1282 2899 1385 2949 BP
1422 2900 1648 2964 perdam
1674 2915 1829 2951 suum
1854 2903 1897 2953 S
2056 2907 2084 2955 7
2108 2904 2275 2969 yflyri

334 2965 414 3014 B¹
557 2970 621 3018 10
645 2968 691 3017 ti
715 2965 840 3017 B¹P
861 2968 967 3017 tibi
990 2966 1072 3017 B²
1095 2983 1188 3020 om.
1214 2967 1283 3017 M
1303 2972 1363 3016 tu
1388 2969 1579 3032 scripsi
1710 2970 1935 3021 ballista
1961 2970 2013 3021 B
2136 2971 2273 3034 slhis

335 3034 387 3081 B
410 3034 498 3083 his
521 3036 638 3085 PM
657 3037 736 3085 sic
759 3038 950 3099 scripsi
1082 3035 1140 3083 in
1167 3035 1397 3085 formam
1420 3036 1487 3085 M
1624 3038 1683 3087 11
1710 3038 1871 3089 uides
1896 3054 1999 3089 nec
2022 3039 2163 3089 utile
2174 3038 2275 3088 BP

335 3116 388 3149 u.
415 3116 518 3152 nec
542 3107 604 3152 ut
637 3102 732 3153 ille
767 3104 944 3156 Mem.
972 3102 1012 3153 S
1172 3104 1235 3152 12
1264 3104 1591 3155 continuant
1617 3104 1670 3153 B
1711 3107 2034 3156 contineant
2066 3108 2119 3155 P
2142 3107 2196 3170 (e
2220 3108 2272 3157 in

335 3168 464 3233 ras.)
604 3171 809 3235 papula
832 3170 912 3220 B¹
1062 3173 1126 3221 13
1161 3186 1541 3235 possessorum
1563 3173 1666 3222 BP
1802 3176 1867 3223 14
1898 3174 2013 3224 illis
2036 3174 2140 3224 BP

337 3237 400 3285 15
426 3240 805 3299 potestascere
833 3239 882 3289 B
917 3243 1313 3304 potespascere
1336 3238 1471 3288 B²P
1552 3245 1559 3251 “
1630 3244 1691 3292 17
1717 3256 1822 3291 nec
1846 3238 2041 3291 autore
2065 3241 2271 3292 hiculis

333 3302 526 3353 B¹PM
553 3320 658 3354 nec
679 3310 836 3356 utere
859 3305 1137 3357 uehiculis
1160 3304 1242 3354 B2
1404 3308 1469 3358 18
1495 3308 1769 3359 frumenta
1792 3310 1896 3359 BP
2052 3310 2271 3375 trachia

333 3369 436 3419 BP
581 3372 642 3421 in
665 3372 979 3437 hylliricum
1002 3374 1106 3422 BP
1266 3376 1329 3425 19
1355 3375 1572 3425 trachia
1596 3376 1699 3426 BP
1856 3379 1920 3427 21
1948 3378 2059 3427 iam
2090 3378 2150 3427 in
2171 3377 2275 3426 BP

332 3437 444 3486 iam
467 3438 548 3487 ibi
573 3439 714 3488 Min
739 3443 838 3490 del.
869 3443 956 3493 Gr.
1069 3444 1132 3490 22
1157 3440 1246 3491 his
1270 3441 1437 3492 BPM
1456 3444 1505 3492 is
1528 3446 1719 3508 scripsi
1826 3448 1893 3496 23
1920 3446 2063 3495 omia
2090 3443 2167 3494 P¹

334 3506 400 3553 24
427 3505 664 3569 quadam
686 3507 852 3557 BPM
915 3511 980 3560 25
1007 3510 1319 3559 submoberi
1343 3508 1493 3569 B¹P¹
1568 3514 1632 3562 27
1656 3512 1861 3563 baliste
1886 3512 1991 3561 BP
2056 3514 2179 3577 agit
2204 3512 2265 3563 M
