2517 3884
816 163 1128 224 SEVERVS.
1218 167 1276 224 C.
1325 171 1561 222 12—15.
2043 163 2168 232 135.

217 332 527 414 publicum
570 332 902 413 appellaret
958 342 1016 395 et
1056 334 1346 413 depositis
1389 336 1596 394 statuis
1639 337 1766 396 eius
1807 353 1918 414 per
1949 335 2162 402 orbem

219 429 423 482 terrae
440 421 613 497 graui
644 437 784 481 eum,
810 420 1127 498 insigniret
1156 420 1390 488 iniuria,
1424 421 1610 496 iratus
1621 422 1963 500 praecipue,
1999 421 2158 499 quod

219 507 379 566 inter
408 505 929 584 proquinquorum
980 513 1039 564 et
1080 505 1358 565 adfinium
1392 505 1602 566 Seueri
1645 505 1957 569 simulacra
1988 525 2157 570 suam

220 599 477 652 statuam
508 589 609 649 ille
640 590 952 669 posuisset.
1031 589 1385 653 Palaestinis
1425 608 1682 669 poenam
1721 591 1954 652 remisit
1983 611 2160 671 quam
2195 607 2227 656 6

164 690 195 731 5
222 675 299 739 ob
343 693 583 738 causam
624 675 793 752 Nigri
831 683 1193 736 meruerant.
1282 675 1496 736 Postea
1537 677 1756 736 iterum
1809 695 1944 738 cum
1984 677 2157 737 Plau·
2196 693 2228 744 7

217 763 383 826 tiano
425 762 492 821 in
533 763 788 838 gratiam
844 761 1001 822 redit
1046 766 1105 820 et
1140 759 1330 822 ueluti
1369 779 1554 821 ouans
1595 760 1809 822 urbem
1852 762 2162 840 ingressus

216 863 355 908 eum
386 861 459 906 eo
494 844 865 925 Capitolium·
888 847 1057 925 petit.
1135 847 1407 925 quamuis
1469 854 1526 906 et
1554 847 1752 926 ipsum
1810 847 2162 926 procedenti

217 940 496 1013 tempore
528 931 833 992 occiderit.
913 931 1097 992 Getae
1126 931 1350 990 minori
1393 929 1512 991 filio
1557 939 1754 1010 togam
1786 931 2025 993 uirilem
2057 933 2158 993 de·
2196 949 2230 998 8

218 1017 325 1087 dit,
357 1019 575 1078 maiori
603 1015 894 1078 Plautiani
935 1016 1115 1076 filiam
1156 1034 1409 1076 uxorem
1449 1018 1656 1077 iunxit.
1733 1019 1756 1076 i
1787 1019 1887 1094 qui
1925 1017 2161 1079 hostem
2197 1034 2229 1084 9

132 1117 189 1158 10
216 1101 525 1183 publicum
542 1101 915 1163 Plautianum
946 1102 1219 1162 dixerant
1251 1101 1549 1181 deportati
1579 1111 1733 1162 sunt.
1780 1105 1861 1164 ita
1894 1105 2162 1164 omnium

216 1207 429 1250 rerum
459 1205 701 1268 semper
732 1188 902 1267 quasi
930 1187 1187 1248 naturali
1214 1187 1349 1265 lege
1379 1189 1624 1248 mutatio
1643 1195 1758 1247 est.
1836 1188 1988 1249 filios
2020 1189 2160 1248 dein
2199 1203 2264 1254 10

220 1273 503 1335 consules
562 1273 914 1351 designauit.
995 1272 1203 1334 Getam
1262 1273 1508 1333 fratrem
1555 1270 1780 1332 extulit.
1857 1274 2160 1351 profectus
2198 1289 2260 1339 11

218 1358 441 1422 dehinc
470 1358 547 1418 ad
576 1357 801 1420 bellum
830 1357 1173 1419 Parthicum
1218 1365 1308 1418 est
1338 1357 1496 1418 edito
1527 1356 1878 1434 gladiatorio
1910 1374 2162 1418 munere

220 1453 280 1505 et
312 1445 621 1522 congiario
651 1443 873 1523 populo
898 1443 1054 1503 dato.
1088 1443 1306 1516 Multos
1334 1444 1494 1502 inter
1523 1442 1672 1504 haec
1703 1444 1898 1504 causis
1927 1442 2024 1504 uel
2053 1461 2173 1503 ue*-
2197 1459 2262 1509 12

134 1543 189 1584 15
214 1530 309 1591 ris
370 1528 469 1590 uel
514 1529 804 1590 simulatis
845 1529 1076 1589 oceidit.
1130 1527 1587 1590 damnabantur
1630 1536 1828 1590 autem
1867 1527 2156 1608 plerique,
2198 1546 2263 1598 13

214 1633 327 1676 cur
355 1616 537 1676 iocati
567 1622 797 1684 essent,
844 1611 975 1683 alii,
1020 1632 1125 1673 cur
1152 1615 1508 1684 tacuissent,
1559 1613 1687 1683 alii,
1734 1631 1840 1675 cur
1869 1613 2160 1694 pleraque

210 1701 468 1778 figurate
501 1698 818 1770 dixissent,
878 1707 945 1758 ut
975 1716 1157 1768 „ecce
1197 1701 1526 1778 imperator
1578 1717 1723 1760 uere
1753 1700 2014 1760 nominis
2045 1700 2156 1767 sui,

211 1804 362 1848 uere
394 1786 697 1854 Pertinax,
729 1803 874 1846 uere
907 1783 1235 1845 SeuerUS.“

344 1871 493 1931 Erat
524 1889 668 1930 sane
706 1871 771 1930 in
803 1887 1082 1930 sermone
1111 1869 1372 1947 uolgari,
1423 1867 1766 1931 Parthicum
1797 1867 2020 1928 bellum
2053 1869 2160 1928 adsst
2180 1868 2261 1935 15

133 1971 187 2012 20
212 1957 444 2018 rectare
477 1955 832 2034 Septimium
848 1955 1163 2022 Seuerum,
1198 1954 1426 2032 gloriae
1457 1953 1777 2033 cupiditate
1809 1971 1933 2014 non
1964 1953 2160 2030 aliqua

214 2041 583 2102 necessitate
614 2039 948 2101 deductum.
1026 2042 1278 2100 traiecto
1311 2039 1568 2116 denique
1599 2040 1865 2098 exercitu
1897 2057 1929 2097 a
1961 2033 2156 2098 Brun·
2194 2053 2226 2103 2

214 2127 372 2208 disio
404 2127 752 2187 continuato
781 2127 998 2186 itinere
1026 2127 1195 2186 uenit
1231 2126 1295 2184 in
1327 2124 1562 2202 Syriam
1590 2123 1978 2199 Parthosque
1997 2141 2157 2182 sum-

214 2214 426 2272 mouit.
506 2210 613 2270 sed
644 2218 853 2290 postea
880 2211 943 2269 in
977 2210 1210 2289 Syriam
1252 2209 1429 2277 redit,
1470 2209 1553 2268 ita
1595 2215 1659 2268 ut
1703 2226 1768 2267 se
1815 2215 2058 2286 pararet
2090 2225 2161 2268 ac
2197 2226 2229 2274 3

212 2295 443 2358 bellum
485 2295 725 2356 Parthis
764 2296 1034 2358 inferret.
1122 2297 1283 2355 inter
1337 2293 1489 2354 haec
1529 2293 1973 2355 Pescennianas
2017 2291 2159 2354 reli-
2195 2306 2231 2358 4

137 2398 191 2438 as
218 2383 389 2460 quias
419 2379 733 2442 Plautiano
766 2388 1011 2441 auctore
1040 2379 1548 2459 persequebatur,
1608 2379 1690 2438 ita
1731 2386 1796 2438 ut
1837 2377 2159 2439 nonnullos

217 2469 401 2528 etiam
433 2484 509 2526 ex
540 2467 747 2526 amicis
778 2467 903 2526 suis
934 2467 1106 2542 quasi
1133 2467 1292 2526 uitae
1327 2483 1468 2525 suae
1498 2464 1886 2524 insidiatores
1917 2472 2159 2542 appete-

215 2561 333 2614 ret.
406 2551 629 2612 multos
674 2553 877 2617 etiam,
924 2552 1095 2630 quasi
1137 2550 1424 2612 Caldaeos
1470 2558 1570 2611 aut
1609 2557 1778 2610 uates
1821 2549 1894 2609 de
1927 2568 2033 2609 sua
2066 2567 2161 2609 sa·
2199 2563 2232 2614 5

214 2637 341 2697 lute
375 2635 835 2706 consuluissent,
868 2637 1193 2706 interemit,
1226 2637 1549 2715 praecipue
1593 2641 1908 2713 suspectus
1948 2653 2164 2695 unum-

218 2739 519 2800 quemque
544 2721 827 2782 idoneum
846 2713 1119 2800 imperio,
1156 2740 1291 2781 cum
1320 2723 1451 2800 ipse
1482 2720 1766 2799 paruulos
1792 2718 1983 2779 adhuc
2008 2719 2162 2779 filios

138 2823 193 2863 ao
220 2807 476 2868 haberet
514 2805 694 2886 idque
738 2807 854 2867 dici
900 2805 975 2868 ab
1016 2805 1110 2866 his
1156 2806 1253 2866 uel
1299 2805 1572 2866 crederet
1621 2803 1719 2865 uel
1751 2803 1999 2872 audiret,
2063 2804 2166 2881 qui

222 2891 337 2953 sibi
380 2890 825 2970 augurabantur
866 2893 1201 2970 imperium.
1282 2891 1536 2970 denique
1579 2907 1715 2950 cum
1746 2889 1929 2948 occisi
1961 2895 2164 2948 essent
2199 2903 2232 2953 6

327 3168 358 3216 3
382 3179 487 3215 sua
514 3167 722 3214 statum
742 3160 815 3212 B¹
952 3164 988 3212 4
1012 3161 1308 3228 palestinis
1331 3162 1434 3212 BP
1461 3162 1474 3175 ·
1544 3161 1576 3210 5
1596 3159 1754 3224 nigro
1777 3158 1880 3210 BP
2015 3158 2175 3224 plau·

224 3233 305 3284 tio
328 3232 500 3282 BPM
609 3233 641 3280 6
665 3231 833 3281 rediit
855 3228 929 3282 Ρ2
955 3229 1023 3294 (it
1046 3233 1099 3280 in
1122 3230 1253 3294 ras.)
1361 3232 1672 3294 ingressum
1695 3227 1797 3277 BP
1895 3230 1926 3278 7
1955 3243 2078 3278 cum
2103 3243 2170 3278 eo

227 3303 407 3352 addida·
545 3301 579 3349 9
603 3300 818 3350 iuncxit
841 3299 894 3348 B
1029 3298 1111 3348 hii
1132 3299 1185 3347 B
1228 3299 1289 3348 hi
1312 3299 1424 3348 PM
1562 3298 1623 3346 11
1651 3310 1822 3360 quase
1846 3293 1968 3344 ΒΡ1
2108 3296 2172 3345 12

229 3369 514 3432 profectos
539 3366 659 3418 BP¹
821 3369 886 3417 16
922 3383 1044 3417 cum
1065 3366 1173 3417 ioc.
1196 3364 1270 3416 P²
1431 3367 1493 3415 17
1517 3363 1756 3430 figurata.
1779 3363 1883 3413 BP
1911 3363 2087 3428 figura
2112 3361 2180 3412 M

225 3435 463 3500 figurate
488 3451 606 3490 exc.
770 3451 892 3486 esse
916 3435 1085 3485 BPM
1115 3450 1256 3484 >ecce
1284 3451 1373 3485 em.
1403 3434 1490 3484 Gr.
1640 3433 1704 3482 18
1726 3447 1860 3482 uero
1884 3429 1957 3480 ,Βι
2105 3430 2170 3480 21

226 3503 486 3555 trahecto
510 3501 583 3552 B¹
744 3507 810 3556 27
838 3503 1061 3554 caldeos
1085 3502 1137 3551 B
1282 3503 1351 3552 28
1377 3504 1667 3566 suspectos
1691 3499 1860 3550 BPM
1877 3515 1970 3552 em.
1995 3499 2037 3548 8
