2517 3884
395 163 480 229 92
1115 169 1269 228 AELI
1308 169 1618 227 LAMPle

397 339 569 398 cinus
597 338 800 398 fatuus
829 355 942 398 nec
971 336 1244 416 impleuit
1284 336 1493 398 multis
1532 355 1669 398 cum
1712 355 1784 398 eo
1826 337 2323 418 participantibus

327 431 363 479 4
399 440 656 484 causam.
719 430 858 502 post
885 420 1034 483 haec
1073 421 1377 482 interfecti
1406 429 1559 486 sunt
1584 422 1985 501 Pompeianus
2023 425 2219 502 primo
2264 431 2325 484 et

399 507 766 580 Quadratus»,
811 507 948 568 dein
977 506 1255 568 Norbana
1298 513 1477 582 atque
1507 506 1824 578 Norbanus
1866 515 1927 568 et
1954 507 2222 569 Paralius
2263 515 2325 568 et

329 601 362 650 5
397 599 589 654 mater
633 595 763 652 eius
805 599 866 652 et
905 590 1133 653 Lucilla
1175 593 1238 651 in
1282 591 1527 651 exilium
1574 598 1797 654 exacta.
1872 598 2000 654 tum
2039 594 2327 673 praefecti

395 679 697 757 praetorio
727 694 867 737 cum
895 675 1633 745 uidissent„Commodum
1662 679 1725 737 in
1757 683 1988 738 tantum
2008 677 2213 738 odium
2234 679 2325 738 in·
2379 690 2413 732 5
2509 725 2517 780 4

398 762 633 830 cidisse,
667 761 920 838 obtentu
951 760 1200 830 Saoteri,
1233 762 1405 822 cuius
1438 762 1763 840 potentiam
1806 761 2068 840 populus
2110 762 2326 824 Roma-

396 866 515 908 nus
541 847 704 908 ferr'e
733 865 856 907 non
895 854 1160 926 poterat,
1205 845 1437 907 urbane
1468 846 1781 908 Saoterum
1826 846 2111 908 eductum
2150 866 2183 908 a
2222 866 2327 927 pa·

397 932 538 993 latio
583 947 893 992 sacrorum
935 948 1114 993 causa
1159 937 1220 990 et
1259 930 1615 992 redeuntem
1660 933 1723 991 in
1762 931 1969 992 hortos
2022 951 2165 993 suos
2216 948 2328 1009 per

331 1023 363 1072 6
397 1017 826 1078 frumentarios
869 1016 1238 1077 occiderunt.
1313 1015 1373 1074 id
1420 1033 1567 1076 uero
1618 1019 1863 1094 grauius
1918 1035 2096 1095 quam
2145 1017 2219 1078 de
2262 1035 2328 1078 se

332 1109 362 1157 7
397 1104 528 1181 ipso
556 1100 880 1162 Commodo
904 1101 1033 1162 fuit.
1093 1101 1421 1163 Paternum
1444 1107 1643 1161 autem
1670 1108 1729 1162 et
1748 1101 1931 1163 huius
1959 1102 2159 1164 caedis
2189 1121 2327 1162 auc·
2355 1115 2413 1158 10
2516 1106 2517 1113 ’

398 1195 594 1246 torem
637 1195 724 1254 et,
783 1195 1074 1263 quantum
1114 1184 1466 1254 uidebatur,
1521 1193 1765 1264 paratae
1808 1189 1977 1248 necis
2019 1187 2330 1248 Commodi

400 1273 711 1332 conscium
743 1278 804 1331 et
831 1273 1328 1340 interuentorem‚
1373 1288 1451 1330 ne
1494 1272 1827 1332 coniuratio
1869 1270 2042 1332 latius
2081 1274 2329 1350 punire-

397 1364 515 1426 tur,
550 1357 874 1434 instigante
903 1356 1133 1432 Tigidio
1162 1373 1275 1434 per
1302 1353 1565 1416 laticlaui
1604 1355 1897 1416 honorem
1927 1375 1961 1417 a
1990 1358 2327 1436 praefectu-

333 1447 366 1496 8
400 1459 503 1502 rae
535 1441 1046 1502 administratione
1079 1442 1422 1500 summouit.
1487 1447 1633 1521 post
1655 1459 1880 1521 paucos
1920 1441 2051 1502 dies
2077 1443 2328 1502 insimu-

398 1527 548 1586 lauit
578 1544 713 1586 eum
747 1525 1204 1592 coniurationis,
1237 1542 1377 1584 cum
1408 1525 1669 1594 diceret,
1718 1525 1795 1586 ob
1824 1525 1941 1586 hoc
1971 1528 2330 1606 promissam
2355 1539 2411 1580 15

397 1610 610 1671 Iuliani
649 1609 769 1668 filio
809 1608 988 1668 filiam
1028 1609 1298 1677 Paterni,
1354 1613 1423 1669 ut
1462 1610 1525 1668 iu
1563 1608 1859 1670 lulianum
1902 1612 2332 1688 transferretur

396 1696 736 1772 imperium.
797 1711 984 1771 quare
1017 1701 1075 1752 et
1115 1693 1443 1754 Paternum
1475 1699 1535 1753 et
1562 1693 1857 1755 Iulianum
1902 1702 1963 1756 et
1989 1695 2330 1756 Vitruuium

401 1777 774 1846 Secundum,
817 1776 1059 1838 Paterni
1088 1776 1647 1847 familiarissimum,
1680 1781 1785 1854 qui
1816 1778 2102 1858 epistulas
2139 1781 2329 1858 impe-

331 1874 363 1922 9
399 1865 650 1924 ratorias
681 1868 939 1930 curarat,
974 1863 1293 1923 interfecit.
1324 1861 1538 1924 domus
1567 1871 1881 1941 praeterea
1904 1863 2331 1936 Quintiliorum

399 1949 593 2008 omnis
625 1949 943 2016 exstincta,
989 1947 1149 2024 quod
1181 1947 1399 2007 Sextus
1430 1946 1721 2008 Condiani
1750 1947 1913 2009 filius
1938 1951 2139 2028 specie
2168 1967 2328 2011 mor·
2357 1965 2412 2006 20
2516 1948 2517 1953 ’

299 2044 365 2094 10
399 2034 474 2094 tis
515 2033 588 2093 ad
632 2031 1027 2094 defectionem
1069 2033 1373 2093 diceretur
1420 2034 1700 2094 euasisse.
1773 2035 2090 2096 interfecta
2132 2042 2191 2095 et
2232 2036 2331 2095 Vi-

399 2120 581 2178 trasia
620 2117 902 2179 Faustina
945 2125 1003 2178 et
1034 2117 1239 2178 Velius
1280 2116 1473 2178 Rufus
1514 2125 1572 2177 et
1611 2118 1898 2196 Egnatius
1940 2119 2145 2198 Capito
2178 2138 2331 2180 con·

300 2215 362 2263 11
403 2203 636 2264 sularis.
729 2204 792 2262 in
846 2202 1086 2264 exilium
1153 2209 1355 2263 autem
1401 2203 1525 2271 *acti
1588 2211 1728 2263 sunt
1774 2203 2061 2265 Aemilius
2110 2204 2332 2265 Iuncus

401 2295 460 2348 et
488 2287 696 2349 Atilius
727 2287 994 2348 Seuerus
1025 2286 1320 2347 consules.
1384 2293 1446 2346 et
1472 2289 1536 2346 in
1564 2286 1783 2348 multos
1814 2287 1961 2348 alios
2002 2290 2169 2350 uarie
2196 2307 2328 2348 sae-

398 2373 590 2432 uitum
622 2377 730 2431 est.
2356 2386 2410 2428 25

325 2452 386 2518 5-
524 2456 668 2516 Post
707 2454 854 2514 haec
897 2454 1255 2516 Commodus
1306 2449 1632 2531 numquam
1690 2454 1862 2516 facile
1910 2457 1972 2516 in
2022 2454 2333 2534 publicum

398 2541 695 2619 processit
734 2555 932 2615 neque
977 2540 1295 2616 quicquam
1336 2537 1453 2598 sibi
1507 2540 1771 2599 nuntiari
1824 2558 2037 2618 passus
2084 2547 2177 2600 est
2214 2543 2333 2602 nisi

331 2633 364 2680 2
385 2623 556 2704 ⁴quod
588 2623 880 2684 Perennis
909 2631 1048 2683 ante
1077 2629 1412 2684 tractasset.
1472 2623 1763 2686 Perennis
1794 2631 1993 2686 autem
2024 2625 2332 2688 Commodi

331 2719 364 2766 3
389 2710 711 2788 persciens
738 2708 988 2786 inuenit,
1024 2707 1527 2784 quemadmodum
1555 2709 1687 2787 ipse
1717 2720 1933 2789 potens
1965 2722 2140 2772 esset.
2192 2730 2330 2772 nam

399 2790 700 2875 persuasit
730 2791 1085 2862 Commodo,
1133 2800 1199 2854 ut
1239 2793 1373 2872 ipse
1404 2791 1635 2854 deliciis
1666 2804 1937 2865 uacaret,
1979 2797 2138 2856 idem
2180 2813 2327 2856 uero
2354 2807 2407 2847 30

501 2947 532 2996 2
557 2944 916 3011 pompeianos
938 2943 990 2993 B
1113 2945 1144 2994 3
1167 2944 1423 2995 nabarna
1444 2944 1495 2993 B
1517 2946 1767 2996 narbana
1789 2947 1906 2996 PM
1922 2962 2011 2998 em.
2043 2945 2087 2996 0
2213 2947 2247 2994 4
2274 2950 2333 2995 et

399 3021 519 3063 ante
542 3015 678 3063 Luc.
703 3029 796 3064 om.
819 3012 872 3062 B
1031 3027 1154 3062 cum
1179 3013 1456 3076 praefecti
1479 3029 1559 3078 pr.
1584 3013 1821 3063 uidisset
1842 3013 1911 3063 M
2060 3014 2093 3062 6
2118 3015 2331 3062 sauteri

399 3081 504 3130 BP
635 3079 670 3144 f>
691 3078 718 3130 ῐ·
737 3080 842 3130 BP
886 3081 1163 3146 praefecti
1185 3081 1254 3131 M
1403 3083 1432 3131 ’1
1460 3086 1738 3133 scaterum
1760 3081 1862 3130 BP
2013 3081 2077 3130 13
2114 3079 2328 3145 digidio

399 3149 452 3198 B
591 3149 656 3198 15
679 3149 973 3212 promisam
996 3149 1191 3198 iuliain
1214 3148 1267 3196 B
1404 3152 1467 3200 17
1488 3149 1775 3198 uitriuium
1798 3147 1849 3197 B
1986 3150 2050 3197 18
2084 3148 2329 3198 secundo

399 3215 570 3265 BPM
697 3217 766 3266 20
791 3215 1108 3276 condiciani
1131 3215 1298 3267 BPM
1318 3233 1407 3266 em.
1436 3217 1478 3266 0
1620 3218 1685 3264 22
1709 3215 1855 3265 ulius
1880 3220 1937 3264 et
1962 3215 2195 3265 rufus-B

401 3282 658 3333 eonatius
681 3281 734 3331 B
791 3284 1046 3344 eonatius
1067 3284 1118 3333 P
1165 3284 1418 3333 cenatius
1441 3283 1510 3332 M
1649 3285 1715 3332 23
1746 3287 1949 3333 unctus
1973 3282 2044 3333 B¹
2099 3284 2331 3334 iunctus

397 3348 588 3400 B²PM
607 3351 814 3408 Iuncus
814 3353 1028 3432 ‚scripsi
1135 3353 1204 3402 24
1227 3355 1315 3401 est
1338 3353 1428 3400 At.
1453 3350 1623 3400 BPM
1722 3355 1778 3399 et
1804 3365 1953 3401 cons,
1978 3351 2045 3402 M
2142 3353 2209 3402 25
2242 3357 2330 3402 est

397 3435 492 3470 om.
519 3419 586 3468 M
715 3419 781 3468 27
807 3419 1058 3482 promisit
1080 3417 1134 3468 B
1272 3423 1359 3468 est
1382 3434 1475 3468 om.
1500 3417 1568 3467 M
1686 3419 1755 3469 28
1780 3417 2066 3470 Commodi
2088 3421 2329 3470 animum

393 3485 536 3540 ΡΜ.
663 3487 732 3538 30
756 3484 958 3537 diliciis
980 3484 1102 3536 BP¹
1500 3509 1504 3512 ·
