2517 3884
986 175 1380 232 PRAEFATIO.
2082 179 2173 234 lx‘

209 324 272 370 ut
299 313 504 371 litteris
535 312 810 370 inclinatis
853 328 916 370 ea
945 327 1084 386 quae
1115 311 1356 370 secunda
1395 327 1587 368 manus
1617 311 1675 367 in
1706 311 1761 367 P
1786 311 1989 369 addidit
2018 313 2153 368 insi-

211 415 420 472 gaiam:

347 528 433 589 B:
479 534 750 588 exercitus
790 549 911 588 mus
916 573 1291 589 ......................
1292 552 1299 558 ·
1323 532 1492 588 duces
1522 539 1639 588 erat
1645 575 2153 588 ..............................

348 617 430 685 P:
476 612 749 674 exercitus
795 615 1302 689 mu(rmurabant).
1335 617 1499 672 duces
1532 616 1939 688 erat(omm'um)
1946 659 2150 674 ............

361 701 433 758 V:
482 704 750 758 exercitus
791 700 1206 758 murmurabant
1220 744 1299 757 .....
1332 701 1498 757 duces
1528 710 1647 758 erat
1679 704 1920 758 omnium
1925 745 2149 759 .............

347 787 432 842 B.-
478 803 744 842 meror.....
801 785 1100 860 imperator
1117 826 1318 843 ............
1353 787 1558 843 romani
1589 787 1803 860 persida
1809 831 1971 843 ..........
1978 793 2153 842 serte—

356 872 436 927 P:
481 887 663 934 meror
696 865 776 944 qd
807 870 1106 946 imperator
1122 871 1577 938 (romanus).......
1610 872 1664 927 in
1695 871 1906 946 persida
1941 869 2151 940 (serui-

361 955 438 1011 V.-
481 971 667 1011 meror
698 955 845 1028 quod
877 1000 954 1011 .....
987 957 1644 1029 imperator.....................
1692 957 1902 1012 romani
1934 954 2153 1030 persida

347 1039 432 1094 B:
477 1047 641 1096 netur
673 1083 835 1096 ..........
868 1039 955 1096 ior
984 1041 1224 1096 omnium
1450 1041 1595 1114 quod
1642 1081 2129 1097 .............................
2136 1084 2151 1094 .

347 1125 426 1180 Ρ.·
471 1125 600 1180 liter
631 1126 950 1192 teneretur)
983 1169 1060 1180 .....
1085 1125 1172 1180 ior
1202 1125 1441 1180 omnium
1469 1169 1632 1182 ..........
1660 1126 1805 1199 quod
1811 1168 2147 1182 ....................

361 1210 434 1266 V:
483 1209 757 1265 semiliter
779 1216 1246 1266 serteneretur....
1275 1209 1359 1264 ior
1382 1211 1625 1264 omnium
1657 1210 1864 1283 quoda
1860 1254 2147 1266 .................

341 1345 470 1400 Inde
502 1344 659 1400 facile
688 1344 994 1418 perspicies
1014 1359 1215 1415 ,neque
1243 1360 1461 1400 causam
1493 1343 1681 1407 fuisse,
1722 1361 1823 1401 cur
1852 1347 1898 1400 is
1931 1347 2025 1419 qui
2056 1362 2153 1402 co-

210 1431 383 1488 dicem
429 1427 486 1484 B
527 1430 859 1502 conscripsit
901 1427 1279 1502 supplementa
1323 1429 1385 1490 ,s’
1430 1427 1599 1502 (quod
1650 1436 1735 1484 est
1788 1429 2148 1502 fragmentum

210 1515 427 1571 litterae
453 1513 555 1586 ,r’),
588 1515 903 1584 ‚romanus’,
936 1529 1046 1574 ,ser
1075 1515 1312 1569 tenetur’
1342 1515 1637 1587 reciperet,
1668 1513 1987 1587 neglegeret
2014 1531 2155 1578 ‚mu-

211 1599 442 1663 rabant',
478 1599 776 1661 ,omnium',
823 1593 1027 1671 ,quod’,
1073 1597 1297 1654 alteram
1328 1605 1540 1672 partem
1572 1614 1695 1655 uoc.
1726 1599 2061 1662 ,seruiliter’,
2094 1608 2150 1654 et

211 1682 604 1756 discrepantias
635 1682 896 1755 quasdam
929 1682 1324 1755 scripturarum
1355 1684 1555 1744 inesse,
1582 1683 1780 1756 quibus
1803 1686 1996 1762 utique
2019 1701 2153 1758 pro-

211 1767 508 1828 hibeamur,
565 1767 854 1840 quominus
894 1766 976 1822 illi
1022 1766 1221 1831 iudicio
1266 1766 1676 1840 adstipulemur.
1724 1770 1962 1842 primum
2004 1769 2147 1824 enim

209 1869 402 1908 mantus
445 1851 680 1907 secunda
721 1852 840 1908 cod.
873 1851 930 1906 P
954 1864 1009 1907 u.
1042 1854 1337 1913 ,romanus’
1366 1853 1443 1908 ita
1486 1852 1725 1908 adiunxit
1772 1855 1895 1910 uoci
1934 1860 2148 1910 antece-

209 1938 360 1992 denti
393 1938 747 2008 ,imperator’‚
773 1944 835 1992 ut
857 1942 988 2010 post
1009 1951 1126 1990 eam
1158 1938 1391 2010 spatium
1424 1936 1695 2010 quoddam
1727 1953 1958 1993 uacuum
1982 1936 2150 1994 relin-

209 2029 492 2096 queretur,
525 2037 647 2076 cum
679 2023 733 2076 in
766 2021 886 2077 cod.
918 2021 975 2076 B
1005 2029 1060 2076 et
1089 2022 1357 2093 scriptum
1396 2028 1543 2077 esset
1573 2024 1821 2083 ,romani'
1872 2017 2031 2095 (quae
2060 2039 2153 2078 ea·

207 2107 330 2174 dem
363 2107 642 2178 scriptura
682 2122 804 2161 eum
835 2107 998 2160 etiam
1043 2107 1098 2161 in
1128 2107 1386 2161 Vaticano
1432 2113 1623 2167 exstet,
1669 2121 1779 2161 non
1810 2113 1999 2179 potest
2028 2114 2149 2162 orta

208 2206 329 2246 esse
361 2207 428 2246 ex
457 2189 647 2246 calami
680 2184 888 2264 errore)
921 2197 980 2245 et
1007 2189 1198 2245 lacuna
1222 2197 1371 2246 esset
1395 2189 1697 2262 significata
1727 2197 1857 2264 post
1882 2191 2146 2253 ,romani’‚

207 2293 316 2348 qua
344 2278 402 2331 in
433 2292 493 2331 re
523 2275 654 2329 item
682 2274 964 2353 consentit
994 2287 1117 2350 cun}
1148 2273 1269 2330 cod.
1303 2273 1574 2331 Vaticano.
1618 2274 1742 2330 dein
1773 2275 1828 2330 in
1859 2275 1978 2332 cod.
2012 2274 2071 2329 B
2092 2284 2149 2330 et

224 2358 349 2417 Vat.
382 2361 586 2415 omissa
629 2367 713 2415 est
741 2358 1076 2432 praepositio
1110 2359 1199 2420 ‚in’
1231 2365 1357 2415 ante
1387 2376 1441 2415 u.
1476 2359 1748 2423 ,Persida’,
1793 2376 1953 2433 quam
1985 2359 2153 2417 adicit

207 2443 276 2506 P,
323 2453 489 2518 atque
515 2444 683 2516 ,quod
725 2444 782 2498 B
824 2442 1040 2500 exhibet
1070 2445 1347 2507 ,tenetur’,
1390 2459 1503 2499 non
1534 2437 1869 2506 ,teneretur-⁹,
1912 2450 1977 2501 ut
2009 2445 2066 2500 P
2092 2452 2148 2502 et

223 2527 377 2591 Vat„
409 2543 481 2583 ne
524 2543 584 2582 ea
617 2527 836 2602 quidem
868 2544 956 2584 res
987 2543 1088 2601 pro
1119 2527 1291 2584 nihilo
1324 2534 1408 2584 est
1438 2528 1701 2592 facienda,
1745 2545 1866 2586 cum
1898 2532 2058 2585 etiarn
2090 2530 2146 2584 in

205 2613 406 2670 codice
436 2611 806 2674 Riccardiano‚
853 2614 946 2686 qui
976 2620 1134 2668 antea
1165 2629 1288 2668 cum
1320 2613 1377 2668 P
1401 2614 1719 2687 ,imperator
1749 2616 2024 2687 romanus’
2058 2630 2147 2669 ex·

203 2697 384 2758 hibet,
415 2715 444 2753 a
475 2697 648 2770 prima
677 2713 839 2752 manu
867 2697 1007 2752 idem
1041 2698 1304 2770 scriptum
1332 2697 1424 2770 sit.

342 2781 449 2836 Sed
478 2783 524 2836 si
555 2781 645 2836 cui
674 2782 809 2836 haec
837 2797 948 2838 non
981 2781 1278 2844 sufficiant,
1322 2783 1484 2838 etiam
1529 2781 1692 2838 alium
1722 2782 1912 2839 addam
1942 2783 2145 2840 locum.

203 2867 260 2920 in
309 2866 424 2922 uita
462 2868 608 2920 enim
638 2865 789 2922 Clodi
820 2865 1004 2921 Albini
1045 2884 1164 2939 cap.
1195 2869 1255 2920 11
1304 2867 1438 2923 haec
1482 2873 1567 2922 est
1608 2868 1882 2940 scriptura
1912 2868 2030 2924 cod.
2064 2869 2146 2923 P:

207 2957 287 3015 ,et
319 2951 460 3006 istae
491 2950 666 3022 igitur
696 2949 960 3024 epistulae
993 2958 1269 3008 testantur
1300 2967 1424 3006 eum
1448 2951 1625 3006 uirum
1646 2950 1885 3008 albinum
1906 2952 2145 3008 fuissent

205 3035 454 3090 indicant
487 3044 542 3090 et
571 3033 706 3088 illud
739 3039 1031 3108 praecipue
1074 3035 1220 3108 quod
1264 3035 1328 3090 ad
1361 3051 1452 3090 eas
1483 3035 1733 3092 ciuitates
1764 3037 2149 3095 instaurandas

1219 3169 1266 3192 Νι

197 3331 310 3382 P2:
347 3332 485 3384 Aur.
514 3334 579 3382 14
605 3333 830 3399 gratias,
870 3336 931 3384 21
956 3333 1138 3384 etiam.
1175 3334 1241 3383 26
1269 3334 1428 3386 enim.
1466 3336 1533 3386 34
1556 3336 1949 3398 scaenicorum,
1988 3336 2145 3386 ludo·

197 3417 340 3454 rum.
381 3403 450 3452 39
476 3416 597 3464 que.
645 3402 713 3451 46
739 3402 879 3452 aliis.
927 3402 1064 3459 Tac.
1089 3403 1123 3450 4
1155 3401 1363 3466 primae
1400 3403 1714 3453 sententiae
1750 3404 1835 3452 uir
1867 3407 2016 3452 reete
2044 3404 2142 3452 im-

193 3474 429 3534 perator
455 3471 692 3519 creatur.
741 3473 805 3519 13
832 3465 1005 3534 gessit
1035 3474 1263 3534 propter
1297 3470 1628 3520 breuitatem
1663 3474 1967 3536 temporum
2002 3469 2143 3518 nihil

92 3595 94 3600 ,
195 3552 482 3602 magnum.
