2517 3884
717 173 974 272 Avmws
1015 214 1303 276 CAsslvs.
1388 219 1447 278 c.
1492 225 1665 281 5-8,
2069 219 2167 286 83-

191 379 422 442 fidebat
457 387 516 440 et
546 379 820 450 timebat,
853 401 930 444 ne
960 385 1220 447 infantes
1249 385 1403 448 filios
1434 391 1588 450 tueri
1617 389 1740 451 sola
1772 409 1890 453 non
1920 403 2147 472 posset,

190 477 378 546 atque
411 463 642 540 aliquis
675 467 990 539 existeret,
1039 473 1143 550 qui
1187 480 1356 551 capta
1400 476 1655 536 statione
1696 479 1863 556 regia
1890 479 2149 542 infantes

191 553 268 636 de
314 549 531 612 medio
583 549 846 614 tolleret.
937 555 1043 616 alii
1083 562 1283 618 autem
1312 558 1562 629 dicunt,
1615 559 1771 622 hanc
1812 570 2001 624 artem
2042 565 2144 628 ad-

180 639 476 702 hibuisse
505 638 805 727 militibus
838 646 900 700 et
925 641 1403 719 prouincialibus
1434 644 1699 708 Cassium
1730 655 1939 710 contra
1966 649 2149 712 Marci

134 736 158 777 5
185 743 469 790 amorem
489 768 504 792 ‚
535 730 608 782 ut
633 725 750 786 sibi
779 733 984 805 posset
1014 729 1367 798 consentiri,
1403 731 1563 810 quod
1594 731 1847 802 diceret,
1882 733 2145 796 Marcum

182 812 343 872 diem
381 827 571 872 suum
603 809 817 872 obisse.
875 829 1013 872 nam
1046 819 1106 872 et
1135 811 1344 874 diuum
1376 831 1511 876 eum
1544 816 1875 896 appellasse
1906 819 2140 892 dicitur,
2180 832 2213 881 3

181 907 246 958 ut
277 895 675 960 desiderium
701 895 864 957 illius
893 895 1129 958 leniret.
1179 897 1575 978 Imperatorio
1604 903 1803 964 animo
1836 921 1971 966 cum
2001 923 2143 984 pro-
2178 917 2214 968 4

183 986 501 1053 cessisset,
537 999 677 1044 eum
708 983 812 1060 qui
843 981 959 1042 sibi
991 989 1303 1062 aptauerat
1346 993 1695 1048 ornamenta
1736 991 1903 1066 regia
1946 993 2146 1052 statim

183 1071 576 1148 praefectum
608 1067 895 1148 praetorii
925 1067 1096 1136 fecit;
1145 1070 1248 1145 qui
1292 1077 1355 1132 et
1398 1071 1527 1149 ipse
1570 1074 1803 1134 occisus
1844 1083 1933 1134 est
1960 1077 2142 1137 Anto·

113 1161 157 1200 10
183 1155 328 1215 nino
365 1155 576 1215 inuito
608 1152 682 1214 ab
714 1153 1012 1223 exercitu,
1049 1154 1151 1230 qui
1183 1160 1242 1214 et
1270 1153 1657 1226 Maecianum,
1692 1160 1789 1218 cui
1822 1167 1949 1220 erat
1980 1179 2143 1222 com·

181 1240 372 1301 missa
432 1237 796 1301 Alexandria
857 1239 1080 1317 quique
1139 1247 1529 1300 consenserat
1586 1260 1695 1321 spe
1750 1245 2143 1325 participatus

183 1324 430 1394 Cassio,
479 1326 672 1386 inuito
719 1331 894 1402 atque
935 1324 1252 1400 ignorante
1293 1326 1592 1386 Antonino
1632 1328 1954 1390 interemit.
2027 1349 2141 1394 nec
2176 1343 2209 1393 5

183 1418 395 1470 tam-en
439 1411 778 1471 Antoninus
830 1409 1096 1486 grauiter
1153 1415 1246 1470 est
1284 1411 1471 1470 iratus
1522 1411 1853 1474 rebellione
1906 1418 2141 1493 cognita

182 1501 298 1555 nec
330 1495 400 1555 in
432 1496 567 1556 eius
595 1493 822 1554 liberos
852 1503 956 1554 aut
986 1493 1253 1556 adfectus
1284 1496 1491 1556 saeuit.
1548 1506 1789 1559 senatus
1819 1497 1985 1561 illum
2027 1499 2135 1562 ho·
2173 1513 2207 1562 6

112 1586 160 1627 15
185 1588 344 1641 stem
377 1579 703 1660 appellauit
731 1579 1012 1654 bonaque
1044 1581 1174 1640 eius
1203 1581 1576 1660 proscripsit.
1619 1600 1777 1661 quae
1805 1586 2137 1648 Antoninus

185 1666 248 1724 in
283 1667 591 1744 priuatum
623 1666 929 1726 aerarium
961 1667 1208 1743 congeri
1237 1665 1459 1736 noluit,
1502 1685 1690 1746 quare
1722 1676 1931 1731 senatu
1960 1689 2134 1749 prae-

186 1751 450 1829 cipiente
491 1751 556 1812 in
601 1751 903 1812 aerarium
947 1749 1258 1829 publicum
1306 1759 1445 1812 sunt
1467 1752 1689 1814 ‘relata
1754 1772 1867 1815 nec
1908 1754 2132 1818 Romae
2168 1767 2201 1818 7

184 1843 392 1896 terror
447 1835 671 1906 defuit,
741 1854 880 1898 cum
930 1834 1179 1912 vquidam
1218 1836 1497 1897 Auidium
1542 1837 1809 1900 Cassium
1862 1839 2136 1903 dicerent

185 1919 435 1980 absente
465 1922 803 1988 Antonino,
849 1922 950 1998 qni
995 1921 1113 1980 nisi
1142 1939 1175 1980 a
1206 1920 1561 2000 uoluptariis
1592 1925 1768 1984 unice
1798 1925 2127 1996 amabatur,

118 2009 164 2051 20
185 2004 440 2066 Romam
481 2024 613 2066 esse
658 2014 984 2068 uenturum
1027 2012 1205 2084 atque
1250 2005 1465 2067 urbem
1504 2010 1813 2088 tyrannice
1866 2010 2135 2090 direptu-

185 2107 356 2159 rum,
403 2093 658 2152 maxime
691 2099 1033 2152 senatorum
1065 2109 1271 2160 causa,
1320 2093 1421 2168 qui
1454 2109 1591 2152 eum
1632 2091 1864 2153 hostem
1906 2095 2131 2157 iudica-

185 2183 402 2236 uerant
431 2175 608 2261 bonis
639 2177 1012 2256 proscriptis·
1079 2184 1140 2236 et
1179 2193 1351 2236 amor
1390 2177 1677 2237 Antonini
1717 2177 1831 2238 hoc
1872 2181 2129 2242 maxime
2164 2194 2198 2242 8

189 2261 431 2329 enituit,
489 2261 650 2338 quod
707 2279 1007 2322 consensu
1061 2261 1330 2321 omnium
1390 2267 1633 2340 praeter
1698 2263 2130 2328 Antiochenses

185 2345 440 2406 Auidius
464 2347 869 2429 >interemptus
901 2353 1018 2414 est;
1067 2363 1247 2425 quem
1292 2344 1537 2422 quidem
1570 2346 1760 2408 occidi
1801 2367 1920 2410 non
1950 2351 2125 2413 iussit
2162 2364 2195 2412 9

117 2433 164 2474 2⁵
190 2429 294 2490 sed
325 2447 540 2509 passus
571 2439 664 2491 est
677 2424 700 2501 ,*
739 2447 874 2493 cum
906 2431 1064 2510 apud
1095 2437 1351 2492 cunctos
1383 2431 1611 2493 clarum
1644 2441 1831 2504 esset,
1877 2436 1927 2495 si
1954 2433 2151 2514 pote--

187 2517 354 2576 statis
395 2533 542 2576 suae
581 2517 820 2586 suisset,
865 2534 1186 2596 parsurum
1226 2515 1315 2576 illi
1356 2517 1560 2578 fuisse.
1650 2525 1829 2598 caput
1881 2521 2008 2581 eius
2054 2522 2127 2582 ad
2158 2521 2199 2586 8

183 2601 550 2661 Antoninum
597 2619 734 2662 cum
777 2601 1040 2664 delatum
1085 2609 1273 2671 esset,
1331 2600 1431 2662 ille
1474 2620 1597 2662 non
1640 2603 1957 2676 exultauit,
2002 2623 2123 2667 non

185 2684 378 2746 elatus
411 2694 520 2755 est,
555 2685 660 2746 sed
694 2687 869 2748 etiam
900 2685 1108 2756 doluit,
1145 2693 1411 2767 ereptam
1444 2686 1558 2748 sihi
1590 2705 1721 2748 esse
1748 2693 2121 2752 occasionem

183 2770 663 2842 misericordiae,
709 2789 844 2834 cum
887 2771 1144 2839 diceret,
1188 2789 1254 2833 se
1295 2773 1504 2833 uiuum
1532 2771 1699 2833 illum
1732 2774 1995 2836 uoluisse
2024 2794 2119 2836 ca·

114 2859 161 2900 ³0
183 2873 351 2934 pere,
385 2864 453 2916 ut
482 2855 580 2916 illi
601 2858 998 2937 exprobraret
1038 2855 1327 2918 beneficia
1370 2875 1479 2918 sua
1522 2873 1781 2934 eumque
1824 2871 2114 2922 seruaret.

67 2973 73 2978 -
183 2940 444 3018 denique
487 2960 623 3002 cum
669 2943 909 3020 quidam
956 2941 1215 3012 diceret,
1257 2941 1826 3021 reprehendendum
1867 2946 2113 3006 Antoni·
2154 2963 2187 3011 2

179 3043 345 3095 num,
380 3026 539 3103 quod
572 3034 691 3087 tam
724 3029 884 3090 mitis
915 3035 1075 3088 esset
1112 3029 1179 3088 in
1219 3025 1456 3090 hostem
1486 3045 1663 3088 suum
1693 3027 1941 3110 eiusque
1968 3029 2117 3091 libe-

2182 574 2214 622 10

281 3212 315 3260 4
341 3211 524 3262 cassia
547 3211 622 3262 B¹
755 3216 789 3266 5
814 3229 922 3280 quo
943 3211 1111 3264 BPM
1131 3229 1222 3265 em.
1245 3211 1437 3280 Egnat.
1480 3197 1495 3206 ⁸
1578 3215 1607 3264 '7
1632 3213 1855 3264 nomine·
1872 3215 2121 3268 &ames

179 3278 305 3340 fort.
342 3279 657 3344 imperator.
669 3283 862 3348 primo.
1039 3285 1104 3334 10
1135 3280 1443 3332 metianum
1464 3281 1586 3333 ΒΜ
1603 3282 1987 3335 mocianum=P
2036 3295 2039 3298 ’

185 3347 445 3397 commisii.
476 3347 530 3398 B
688 3353 752 3401 11
789 3355 1042 3402 senserat
1071 3349 1176 3399 BP
1334 3353 1400 3400 14
1433 3355 1633 3402 senatu
1666 3348 1736 3399 Ρ1
1894 3353 1963 3402 20
1984 3365 2119 3402 uen-

183 3419 364 3465 turam
385 3414 474 3478 3¹,
597 3419 896 3486 tyrannide
919 3419 974 3468 B
1003 3417 1303 3482 tyrannide
1326 3419 1445 3470 PM
1573 3421 1637 3470 21
1666 3417 1762 3483 qui
1786 3433 1909 3468 cum
1931 3418 1983 3470 B

185 3483 247 3533 23
273 3483 666 3538 anthiocenses
689 3487 742 3536 B
767 3525 772 3534 .
877 3490 944 3539 25
967 3502 1090 3538 esse
1117 3487 1166 3538 si
1190 3486 1240 3536 B
1388 3489 1455 3540 26
1478 3501 1770 3554 passurum
1792 3485 1895 3537 BP
2052 3489 2119 3538 30

186 3553 516 3616 exprobaret
539 3553 592 3602 Β
728 3557 792 3608 31
818 3555 1217 3622 reprehendum
1242 3555 1315 3606 Ρι

1615 3645 1711 3710 6*
