2517 3884
927 192 1196 251 pnonvs.
1286 193 1342 250 e.
1393 153 1577 251 1--4ss
2087 193 2207 258 187
2276 271 2281 275 .

263 361 603 441 principum
650 367 709 420 et
757 358 1126 439 temporibus
1167 360 1555 431 disserendis,
1586 362 1693 422 sed
1738 361 1991 424 Marium
2022 363 2205 424 Maxi·

263 463 450 514 mum,
485 445 832 507 Suetonium
854 443 1286 523 Tranquillum,
1321 445 1568 508 Fabium
1592 445 2021 518 Marcellinum,
2056 448 2202 510 Gar·

264 530 469 608 gilium
515 528 846 592 Martialem
891 527 1136 610 [lulium
1190 529 1610 609 Capitolinum,
1668 531 1901 594 Aelium
1933 531 2204 612 Lampri-

265 613 458 695 dium]
495 622 847 694 ceterosque
879 615 982 694 qui
1011 612 1158 676 haec
1201 621 1262 674 et
1301 615 1438 676 talia
1468 633 1590 676 non
1619 623 1743 677 tam
1767 617 1998 678 diserte
2030 633 2209 700 quam

207 711 238 753 5
267 718 414 762 uere
456 700 780 760 memoriae
824 699 1217 760 tradiderunt.
1282 717 1416 761 sum
1446 701 1603 761 enim
1634 719 1797 763 unus
1823 720 1896 762 ex
1928 702 2198 773 curiosis,
2238 713 2272 762 8

265 784 422 866 quod
463 785 729 846 infitias·
712 801 806 844 ire
851 802 975 844 non
1005 801 1282 862 possum,
1325 774 1787 847 incendentibus
1830 786 2037 856 uobiS,
2082 789 2202 863 qui,

266 888 400 930 cum
441 868 627 930 multa
673 869 892 938 sciatiS‚
937 869 1094 929 scire
1136 867 1323 930 multo
1353 868 1526 950 plura
1571 871 1804 950 cupitis.
1862 871 1937 931 Et
1964 887 2041 931 ne
2073 871 2203 932 diu·
2240 881 2273 930 9

263 955 384 1014 tius
405 971 474 1014 ea
498 971 650 1033 quae
673 953 748 1014 ad
777 971 980 1014 meum
1004 952 1310 1014 consilium
1336 955 1639 1032 pertinent
1662 953 1893 1033 loquar,
1922 973 2205 1032 magnum

267 1046 327 1099 et
363 1037 746 1117 praeclarum
790 1039 1126 1117 principem
1169 1045 1228 1099 et
1272 1036 1507 1115 qualem
1548 1037 1799 1121 historia
1829 1048 2034 1101 nostra
2081 1057 2203 1101 non

185 1135 238 1176 1⁰
264 1123 448 1191 nouit,
482 1123 820 1201 arripiam.‘

392 1206 626 1268 Probus
655 1207 947 1268 oriundus
991 1225 1023 1267 e
1057 1207 1385 1278 Pannonia,
1432 1209 1675 1268 ciuitate
1711 1208 2045 1278 Sirmiensi,
2092 1228 2200 1270 no·
2232 1205 2275 1270 3

264 1272 478 1352 biliore
522 1298 712 1352 matre
756 1308 934 1368 quam
975 1298 1164 1370 patre,
1209 1293 1569 1371 patrimonio
1612 1292 1937 1363 moderato,
1994 1292 2202 1354 adfini-

263 1383 389 1438 tate
425 1393 544 1436 non
577 1393 817 1460 magna,
872 1384 993 1437 tam
1023 1377 1292 1455 priuatus
1324 1393 1503 1454 quam
1546 1378 1875 1456 imperator
1906 1377 2203 1439 nobilissi-

265 1479 400 1521 mus
428 1449 752 1522 uirtutibus
785 1461 1016 1521 claruit.
1052 1460 1270 1530 Probo,
1305 1469 1372 1522 ut
1400 1460 1687 1541 quidam
1669 1479 1734 1521 m
1756 1461 1987 1522 litteras
2011 1470 2200 1523 rettu-
2240 1470 2272 1519 2

187 1557 242 1598 15
267 1545 484 1614 lerunt,
539 1553 711 1624 pater
761 1547 1006 1606 nomine
1058 1544 1349 1607 Maximus
1399 1547 1547 1615 fuit,
1602 1548 1726 1625 qui,
1784 1565 1919 1607 cum
1962 1547 2203 1608 ordines

269 1629 689 1692 honestissime
719 1626 1005 1697 duxisset,
1035 1630 1401 1692 tribunatum
1423 1630 1672 1710 adeptus
1690 1631 1847 1710 apud
1869 1633 2205 1712 Aegyptum

267 1720 389 1775 uita
421 1714 658 1775 functus
691 1722 782 1775 est
812 1733 998 1775 uxore
1027 1733 1096 1776 ac
1127 1713 1246 1776 filio
1282 1721 1342 1775 et
1371 1715 1488 1776 fllia
1530 1715 1853 1776 derelictis,
1916 1715 2087 1777 multi
2116 1716 2202 1775 di·
2240 1723 2275 1775 3

267 1804 428 1869 cunt,
473 1798 736 1861 Probum
778 1799 983 1860 Claudi
1024 1802 1431 1880 propinquum
1462 1801 1665 1869 fuisse,
1700 1802 1910 1879 optimi
1944 1811 2005 1860 et
2034 1817 2204 1861 sanc-

209 1923 216 1928 -
265 1885 480 1944 tissimi
522 1885 841 1962 principiS,
878 1885 1056 1962 quod,
1097 1885 1236 1962 quia
1266 1903 1379 1964 per
1395 1891 1822 1946 unumtantum
1839 1885 2205 1945 Graecorum

186 1983 240 2022 20
264 1968 518 2028 relatum
547 1975 659 2037 est,
693 1987 802 2029 nos
826 1971 888 2029 in
918 1968 1115 2029 medio
1145 1969 1576 2046 relinquemus
1610 1987 1795 2029 unum
1824 1976 2025 2029 tamen
2048 1969 2200 2038 dico,
2239 1979 2274 2026 4

267 2053 422 2132 quod
461 2054 527 2116 in
558 2052 942 2132 ephemeride
981 2052 1199 2131 legisse
1229 2072 1327 2114 me
1357 2054 1622 2123 memini,
1656 2070 1689 2112 a
1722 2051 1965 2114 Claudia
1995 2071 2206 2114 sorore

265 2137 530 2200 Probum
582 2137 896 2217 sepultum.
956 2135 1320 2199 Adulescens
1362 2136 1593 2198 Probus
1651 2139 1921 2216 corporis
1972 2137 2205 2198 uiribus
2242 2147 2275 2196 5

260 2231 384 2283 'tam
416 2221 618 2283 clarus
644 2229 735 2282 est
762 2223 954 2282 factus
975 2229 1042 2283 ut
1067 2222 1364 2284 Valeriani
1384 2222 1605 2283 iudicio
1626 2220 1993 2282 tribunatum
2018 2240 2205 2303 prope

264 2306 536 2367 inberbis
567 2308 884 2386 acciperet.
916 2313 1088 2367 extat.
1122 2305 1371 2386 epistola
1416 2306 1711 2367 Valeriani
1742 2305 1816 2366 ad
1847 2305 2203 2375 Gallienum,
2243 2315 2275 2363 6

188 2403 242 2446 25
269 2409 384 2470 qua
415 2390 681 2452 Probum
712 2391 912 2452 laudat
941 2391 1134 2466 adhuc
1165 2389 1611 2453 adulescentem
1643 2397 1705 2451 et
1731 2392 2047 2452 imitationi
2078 2409 2205 2452 om·

265 2477 432 2536 nium
473 2478 773 2555 proponit.
839 2495 910 2537 ex
956 2495 1071 2557 quo
1115 2483 1382 2556 apparet,
1418 2478 1720 2537 nemiuem
1750 2493 2038 2576 umquam
2066 2485 2274 2556 per-⁷

263 2561 506 2621 uenisse
535 2560 611 2621 ad
639 2562 930 2638 uirtutum
961 2579 1254 2623 summam
1284 2562 1403 2622 iam
1433 2568 1749 2630 maturum,
1782 2562 1898 2622 nisi
1935 2563 2036 2638 qui
2056 2573 2209 2640 puer

266 2647 588 2706 seminario
616 2647 905 2707 uirtutum
934 2648 1323 2724 generosiore
1352 2652 1669 2707 concretus
1690 2644 1909 2754 aliquid
1938 2645 2209 2742 inclitum

264 2729 863 2808 designasset..

187 2809 274 2876 ω’
393 2813 663 2894 Epistula
693 2814 1022 2876 Valeriani:
2242 2809 2287 2874 4

379 2899 772 2969 „Valerianus
802 2906 973 2979 pater
1003 2889 1271 2959 Gallieno
1300 2897 1438 2968 filio,
1472 2899 1775 2976 Augustus
1802 2897 2087 2974 Augusto.

411 3103 442 3151 3
483 3099 686 3151 Iulium
717 3100 1122 3167 Capitolinum,
1165 3099 1382 3150 Aelium
1418 3098 1797 3164 Lampridium
1840 3101 1985 3148 uncis
2026 3102 2211 3150 inclusi

268 3183 374 3218 cum
397 3167 641 3220 Richter-o
673 3171 706 3223 1.
731 3185 774 3223 8.
809 3185 868 3234 p.
895 3171 965 3236 34
997 3170 1071 3232 cf.
1095 3169 1212 3220 hist.
1249 3168 1367 3218 crit.
1388 3183 1445 3232 p.
1473 3170 1537 3216 11
1560 3181 1641 3232 sq.
1801 3168 1837 3216 4
1868 3165 2064 3218 taliam
2098 3183 2209 3218 non

267 3239 370 3285 tan
390 3232 464 3285 Βι
609 3239 642 3287 6
675 3235 963 3288 infinitas·
946 3251 1027 3286 1re
1051 3233 1204 3286 B¹P1
1252 3251 1354 3300 per
1377 3236 1499 3286 add.
1523 3233 1607 3284 B⁸
1654 3231 1879 3284 infinita
1899 3234 2042 3284 scire
2068 3233 2216 3284 P³M

265 3301 518 3353 infitias
501 3319 581 3354 ire
605 3306 799 3372 cer-ipsi
958 3303 1351 3356 incedentibus
1373 3302 1479 3352 BP
1564 3299 1579 3312 ‘
1636 3304 1666 3352 ⁷
1690 3301 1893 3352 multos
1916 3301 2021 3352 BP
2176 3304 2209 3352 8

266 3369 465 3435 loquor
486 3371 618 3421 ΒΡ1
758 3375 823 3424 13
847 3371 1210 3422 nobilissimis
1234 3370 1305 3420 M
1435 3373 1499 3422 19
1525 3384 1850 3436 graecarum
1872 3368 2003 3419 BP¹
2141 3371 2207 3419 21

269 3437 470 3488 clauda
495 3436 577 3489 B1
715 3443 780 3491 22
804 3441 1046 3492 moribus
1069 3443 1110 3491 t.
1140 3439 1348 3490 clarum
1372 3439 1433 3489 M
1570 3441 1638 3496 24
1659 3439 1908 3489 inuerbis
1932 3435 2083 3487 B¹P¹

267 3508 331 3556 31
359 3519 538 3568 augus
563 3512 806 3572 augusto
828 3507 880 3557 B
