2517 3884
355 197 477 262 118
1053 203 1205 260 AELI
1251 201 1600 260 SPARTIANI

280 369 323 432 2
523 373 667 434 Post
694 370 809 433 hoc
840 389 1045 432 curam
1069 369 1495 432 alimentorum
1523 373 1587 432 in
1608 371 1840 432 Italiam
1871 373 2113 433 meruit.
2147 380 2291 432 tunc

354 460 547 520 factus
589 465 679 519 est
722 476 864 518 reus
893 459 1003 537 per
1036 456 1336 534 quendam
1371 456 1664 518 Seuerum
1695 457 2108 519 Clarissimum
2139 455 2290 518 mili-

292 589 295 592 ·
354 555 477 606 tem
529 543 955 604 coniurationis
996 559 1133 603 cum
1177 541 1379 603 Saluio
1422 550 1631 603 contra
1661 542 2052 604 Commodum
2069 589 2086 612 ,
2122 541 2230 603 sed
2260 560 2293 602 a

359 628 700 698 Commodo,
736 629 874 705 quia
903 626 1123 688 multos
1151 625 1268 687 iam
1292 636 1602 688 senatores
1631 627 1932 706 occiderat
1964 636 2022 688 et
2047 626 2291 706 quidem

360 714 592 777 nobiles
623 732 692 796 ac
722 720 997 792 potentes
1026 713 1088 772 in
1120 714 1318 774 causis
1347 714 1688 784 maiestatiS‚
1721 731 1798 774 ne
1819 714 2056 774 tristius
2076 731 2289 792 graua-
2348 723 2378 764 5

291 809 321 855 2
359 808 547 867 retur,
580 797 785 858 Didius
813 797 1102 858 liberatus
1146 805 1243 868 est
1267 806 1644 859 accussatore
1675 797 1972 860 damnato.
2051 797 2290 859 absolu-

358 893 453 946 tus
483 887 703 944 iterum
734 882 808 943 ad
846 883 1171 960 regendam
1212 885 1587 962 prouinciam
1633 885 1850 945 missus
1907 892 2012 945 est.
2089 883 2292 962 Bithy-

294 979 326 1026 3
361 972 522 1030 niam
553 968 767 1029 deinde
825 970 1009 1038 rexit,
1072 967 1203 1029 sed·
1232 986 1355 1029 non
1397 987 1466 1029 ea
1505 969 1658 1030 sama
1701 985 1815 1046 qua
1860 977 2110 1045 ceteras.
2186 969 2296 1028 fuit

180 1069 223 1102 ⁸·
256 1043 327 1096 Q
366 1053 573 1116 consul
633 1071 769 1115 cum
800 1053 1112 1114 Pertinace
1156 1061 1215 1113 et
1252 1055 1314 1113 in
1356 1052 1782 1133 proconsulatu
1823 1055 2057 1116 Africae
2100 1053 2294 1114 eidem

260 1103 326 1138 ¹⁷⁹
364 1141 650 1202 successit
681 1147 739 1199 et
768 1157 1006 1218 semper
1038 1139 1112 1200 ab
1144 1157 1215 1198 eo
1248 1138 1477 1217 collega
1509 1147 1598 1199 est
1641 1146 1699 1199 et
1743 1157 2054 1201 successor
2085 1139 2288 1219 appel·
2321 1153 2378 1191 10

357 1225 532 1296 latus,
576 1226 833 1285 maxime
877 1243 947 1284 eo
992 1223 1087 1284 die
1130 1243 1266 1284 cum
1310 1224 1488 1285 liliam
1530 1242 1696 1285 suam
1727 1223 1992 1285 Iulianus
2031 1223 2293 1303 despon-

360 1310 510 1371 dens
540 1309 718 1370 adfini
762 1328 870 1371 suo
914 1307 986 1370 ad
1016 1310 1394 1370 Pertinacem
1436 1311 1700 1370 uenisset
1729 1309 1907 1389 idque
1934 1310 2290 1370 intimasset.

360 1396 538 1456 dixit:
572 1396 688 1464 „²⁵¹³
714 1413 831 1473 que
855 1393 1053 1455 debita
1077 1395 1436 1464 reverentia,
1473 1396 1612 1472 quia
1637 1393 1862 1473 collega
1890 1403 1947 1455 et
1977 1413 2295 1456 successor

292 1491 325 1538 4
361 1499 533 1541 meus
566 1486 721 1540 est.“
794 1481 992 1541 statim
1025 1481 1185 1540 enim
1214 1498 1380 1540 mors
1411 1480 1740 1543 Pertinacis
1769 1489 1974 1542 secuta
2006 1487 2117 1542 est.
2164 1479 2295 1552 Quo

360 1566 677 1628 interfecto
710 1583 845 1625 cum
879 1563 1259 1644 Sulpicianus
1299 1567 1629 1645 imperator
1658 1567 1723 1626 in
1754 1567 1964 1628 castris
1995 1563 2296 1644 appellari
2323 1577 2378 1618 15

358 1651 563 1720 uellet,
598 1657 657 1710 et
684 1647 950 1710 Iulianus
980 1668 1116 1710 cum
1139 1667 1366 1726 genero
1398 1649 1470 1710 ad
1495 1657 1766 1710 senatum
1799 1649 2079 1719 uenisset,
2113 1669 2296 1728 quem

358 1736 647 1797 indictum
698 1742 1041 1813 acceperat,
1098 1752 1354 1812 cumque
1405 1735 1634 1796 clausas
1686 1735 1892 1797 ualuas
1960 1736 2298 1795 inuenisset

360 1828 541 1899 atque
570 1818 695 1880 illic
726 1819 875 1880 duos
904 1817 1179 1882 tribunos
1210 1822 1598 1901 repperisset,
1633 1819 1912 1881 Publium
1940 1819 2288 1882 Florianum

364 1913 425 1966 et
448 1907 710 1966 Vettium
730 1907 973 1984 Aprum,
1010 1914 1340 1985 coeperunt
1391 1905 1693 1967 cohortari
1722 1905 1968 1974 tribuni,
2002 1911 2068 1966 ut
2094 1903 2298 1966 locum

295 2005 328 2052 5
364 1993 679 2070 arriperet.
758 1989 977 2068 quibus
1008 2010 1144 2052 cum
1185 1991 1443 2060 diceret,
1490 1993 1607 2051 iam
1651 1991 1829 2052 alium
1869 1992 2299 2070 imperatorem
2325 2005 2380 2043 20

348 2075 753 2157 appellatum,
810 2077 1138 2136 retinentes
1198 2095 1336 2136 eum
1395 2076 1470 2137 ad
1519 2077 1819 2154 praetoria
1873 2082 2067 2136 castra
2111 2075 2297 2137 duxe—

296 2174 329 2222 6
367 2169 526 2223 runt.
604 2161 708 2220 sed
738 2167 1129 2240 posteaquam
1159 2163 1222 2221 in
1256 2168 1448 2222 castra
1480 2168 1727 2222 uentum
1771 2170 1879 2230 est,
1928 2179 2060 2220 cum
2096 2159 2297 2239 Sulpi-

307 2257 313 2263 ·
366 2249 535 2308 ciano
566 2247 753 2325 praef.
790 2245 945 2316 urbi,
1002 2264 1213 2308 socero
1243 2247 1596 2315 PertinaciS,
1643 2247 2023 2306 contionante
2066 2245 2300 2324 sibique

365 2332 686 2413 imperium
716 2331 1059 2391 uindicante
1100 2331 1396 2391 Iulianum
1429 2348 1462 2390 e
1492 2349 1667 2391 muro
1711 2331 1975 2408 ingentia
2005 2329 2296 2409 pollicen-

362 2424 486 2478 tem
527 2415 729 2476 nullus
771 2415 1139 2484 admitteret,
1184 2416 1448 2495 primum
1478 2413 1742 2476 Iulianus
1783 2417 2017 2476 monuit
2055 2422 2297 2494 praeto·
2326 2429 2379 2467 25

364 2504 585 2570 rianos,
634 2519 713 2561 ne
757 2518 892 2561 eum
934 2501 1202 2561 facerent
1252 2502 1713 2578 imperatorem,
1779 2501 1882 2576 qui
1922 2500 2299 2562 Pertinacem

366 2587 720 2654 uindicaret;
754 2584 971 2645 deinde
1002 2586 1241 2663 scripsit
1271 2586 1334 2644 in
1364 2583 1614 2651 tabulis,
1649 2603 1713 2644 se
1729 2583 2040 2646 Commodi
2069 2604 2297 2646 memo-

298 2687 329 2734 7
367 2674 520 2734 riam
548 2671 985 2732 restituturum.
1063 2676 1242 2746 atque
1283 2671 1367 2728 ita
1410 2675 1504 2730 est
1533 2669 1828 2730 admissus
1871 2678 1932 2730 et
1970 2672 2301 2751 imperator

368 2755 701 2838 appellatus
729 2752 1079 2832 rogantibus
1107 2755 1535 2833 praetorianis,
1589 2773 1668 2815 ne
1700 2754 2044 2835 Sulpiciano
2076 2755 2302 2834 aliquid

369 2849 633 2911 noceret,
668 2839 828 2918 quod
858 2841 1185 2918 imperator
1218 2857 1350 2901 esse
1381 2840 1690 2902 uoluisset.
2131 2905 2135 2910 ,
2327 2853 2382 2892 30

466 2995 499 3043 2
525 2991 888 3042 clarissimum
918 2993 1178 3041 iuuenem
1208 2992 1506 3043 Mommsen.
1647 2995 1678 3043 3
1704 2991 1905 3041 saliuia
1929 2990 1980 3039 B
2028 2991 2229 3040 saliuio
2255 2994 2307 3040 P

467 3062 499 3112 5
522 3061 851 3110 maiestates
880 3058 987 3109 BP
1132 3061 1163 3110 6
1187 3065 1514 3111 accusatore
1539 3062 1590 3110 P
1727 3063 1757 3109 7
1783 3058 2054 3122 bytiniam
2079 3057 2130 3106 B
2153 3059 2303 3123 bity-

365 3130 515 3180 niam
537 3129 589 3178 P
688 3131 720 3178 9
754 3127 903 3178 idem
925 3127 1029 3177 BP
1130 3131 1192 3178 12
1234 3133 1292 3178 et
1323 3131 1474 3180 Pert.
1499 3128 1550 3177 B
1662 3130 1724 3177 13
1751 3131 1978 3176 lacunam
2009 3128 2304 3191 auspicatus

365 3205 445 3250 est
472 3197 513 3248 0
532 3197 602 3260 cf.
625 3198 772 3248 Peri.
800 3199 888 3260 14,
915 3198 948 3245 4
1087 3198 1151 3247 16
1177 3212 1380 3262 genero
1407 3196 1661 3247 Cornelio
1685 3194 2002 3259 Repentino
2024 3191 2099 3243 P³
2237 3195 2304 3246 18

366 3265 646 3332 publicum
669 3265 773 3316 BP
822 3265 1135 3317 Publicium
1157 3265 1450 3316 Mommsen.
1590 3266 1654 3314 19
1689 3261 1934 3312 uectium
1965 3263 2135 3314 BPM
2161 3279 2300 3314 corr.

369 3335 586 3386 Jordan.
750 3335 1030 3386 cohartari
1052 3333 1156 3383 BP
1290 3337 1356 3385 20
1383 3349 1504 3384 cum
1525 3347 1618 3382 om.
1644 3328 1835 3380 BP¹M
1967 3333 2034 3382 22
2061 3345 2165 3382 con
2187 3331 2309 3382 BM
2415 3377 2424 3382 -

367 3419 489 3454 cum
513 3420 605 3455 om.
630 3401 699 3453 Ρι
838 3406 906 3454 24
935 3403 1235 3468 pollicente
1259 3401 1311 3450 B
1447 3401 1512 3450 26
1545 3415 1649 3449 nec
1671 3396 1798 3448 BP1
1933 3403 1998 3450 27
2035 3415 2095 3450 se
2131 3415 2225 3452 om.
2252 3399 2304 3448 B

466 3475 533 3524 28
558 3476 615 3522 et
638 3471 913 3523 admissus
939 3475 1025 3521 est
1049 3472 1175 3536 imp.
1201 3470 1305 3519 BP
1327 3469 1435 3533 (est
1461 3471 1517 3518 et
1540 3469 1667 3533 imp.
1695 3467 1781 3532 M)
1833 3473 1919 3520 est
1945 3469 2220 3519 admissus
2247 3473 2302 3516 et

365 3546 494 3610 imp.
519 3545 711 3608 scripsi
