2517 3884
435 193 673 245 mnnx
706 154 1055 245 HOMINVM
1087 194 1185 245 ET
1218 194 1478 247 RERVM
1511 182 2094 249 MnMossAsslva
2179 194 2308 259 349

283 364 407 427 175,
442 366 527 416 26.
564 365 679 427 177,
720 364 766 412 1.
807 364 933 425 182,
975 365 1056 413 11.
1112 365 1227 425 194,

280 432 369 481 26.
414 433 533 494 202,
581 433 663 482 13.
714 432 837 492 216,
888 432 971 481 24.
1034 456 1117 473 -.
1168 432 1231 483 Τ.

282 498 648 559 consobrinus
683 496 874 548 Aelius
910 498 1234 549 Hadrianus

281 571 447 632 pater
478 564 754 616 Hadriani
788 567 919 631 imp.
955 569 1004 626 3,
1042 569 1092 617 9.
1138 567 1231 618 Vl·

280 634 433 699 pium
470 633 535 684 T.
573 634 909 699 praetorium
955 637 1089 684 tunc
1133 650 1231 699 pa-

280 708 368 752 tre
392 702 621 753 orbatus
647 700 969 753 Hadrianus
993 705 1235 752 tutorem

280 769 481 820 habuit
533 773 593 831 3,
654 772 737 821 15.
818 769 1140 820 Hadrianus
1201 786 1235 819 a

280 838 374 887 Tr.
423 836 697 887 abductus
755 852 789 886 a
846 837 1035 902 patria
1076 839 1126 897 4,
1173 840 1233 899 23

280 920 381 970 pro
419 904 531 958 filio
566 905 794 955 habitus
828 904 879 967 4,
918 908 977 967 33
1016 905 1235 955 decem-

281 973 372 1021 uir
428 972 619 1023 litibus
693 971 1007 1032 iudicandis
1073 972 1237 1023 datus

282 1041 341 1102 4,
381 1042 440 1102 33
501 1040 753 1102 tribunus
801 1041 1081 1091 secundae
1128 1041 1236 1091 Ad-

282 1107 501 1158 iutricis
547 1108 781 1173 legionis
819 1113 1042 1159 creatus
1084 1110 1149 1172 4,
1184 1111 1235 1159 4.

282 1175 528 1225 Traiano
601 1192 635 1227 a
711 1176 899 1226 Nerua
970 1176 1237 1241 adoptato

280 1242 604 1293 Hadrianus
664 1243 737 1294 ad
805 1243 1239 1309 gratulationem

286 1312 561 1361 exercitus
598 1312 795 1361 missus
818 1313 877 1370 4.
904 1314 951 1362 9.
987 1312 1235 1363 Traiano

282 1379 492 1443 primns
529 1394 814 1429 excessum
838 1380 1060 1431 Neruae
1097 1396 1233 1430 nun-

177 1494 183 1499 ,
283 1448 427 1495 tiare
473 1439 653 1496 uoluit
694 1446 1018 1498 Hadrianus
1053 1448 1111 1506 4,
1152 1449 1233 1501 12.

274 1514 519 1563 Traiani
564 1515 748 1565 odium
782 1516 841 1564 in
885 1515 1234 1565 Hadrianum

281 1581 458 1631 mouit
511 1580 811 1633 Seruianus
856 1585 912 1644 4,
966 1585 1048 1635 13.
1116 1581 1233 1633 Ha-

284 1649 511 1699 drianus
545 1649 655 1699 fuit
688 1650 747 1699 in
788 1666 975 1701 amore
1002 1651 1235 1702 Traiani

280 1717 335 1780 4,
375 1719 455 1768 16.
506 1717 598 1768 Tr.
635 1718 923 1783 inpensius
961 1718 1234 1784 diligebat

230 1814 235 1821 -
281 1799 483 1848 pueros
526 1787 596 1849 4,
636 1788 715 1836 17.
795 1785 1119 1837 Hadrianus
1164 1787 1237 1837 ad

284 1853 592 1903 amicitiam
617 1854 849 1904 Traiani
884 1854 1233 1920 suffragante

220 1962 227 1965 .
284 1919 425 1969 Sura
484 1920 789 1985 pleniorem
846 1920 993 1971 redit
1051 1924 1112 1985 5,
1174 1924 1232 1983 23

282 1991 451 2051 nepte
490 1987 729 2036 Traiani
773 2002 948 2037 uxore
999 1991 1237 2053 accepta

284 2055 335 2112 5,
374 2057 425 2115 3,
471 2054 717 2104 Traiano
761 2054 969 2105 leniter
1012 2056 1239 2106 uolente

284 2123 346 2185 5,
393 2123 441 2171 4.
501 2122 777 2173 Traianus
832 2126 1029 2187 quater
1088 2138 1241 2176 cons.

288 2186 364 2251 (a.
402 2187 653 2254 853s101)
691 2192 748 2253 5,
788 2192 838 2240 6.
894 2190 957 2239 Τ.
1007 2190 1078 2240 ad
1122 2190 1242 2241 bel·

284 2256 395 2305 lum
450 2256 721 2308 Dacicum
776 2261 1098 2323 prosecutus
1158 2262 1245 2308 est

284 2323 608 2375 Hadrianus
643 2328 693 2387 5,
723 2328 802 2377 10.
838 2324 1073 2375 indulsit
1107 2328 1238 2377 'uino

284 2392 605 2442 Hadrianus
649 2393 715 2446 T.
778 2393 1021 2444 moribus
1077 2395 1236 2445 obse·

286 2466 459 2524 quens
497 2462 547 2524 5,
589 2462 677 2524 12,
728 2461 796 2511 ob
834 2462 939 2511 hoc
986 2477 1021 2511 a
1056 2461 1120 2511 T.
1159 2462 1238 2513 lo·

288 2528 665 2592 cupletissime
714 2532 1031 2580 muneratus
1070 2534 1155 2579 est
1188 2532 1241 2595 5,

289 2597 369 2643 13.
443 2595 507 2647 Τ.
578 2597 825 2647 secunda
884 2598 1237 2663 expeditione

284 2661 506 2711 Dacica
592 2664 937 2714 Hadrianum
1026 2666 1241 2731 primae

286 2727 497 2793 legioni
599 2729 911 2782 Mineruiae
1002 2748 1237 2798 praepo·

286 2797 398 2845 suit
455 2812 753 2861 secumque
822 2799 977 2849 duxit
1035 2802 1096 2862 5,
1159 2802 1241 2853 19.

290 2862 641 2924 adamantem
707 2881 1005 2931 gemmam,
1076 2882 1239 2931 quam

288 2946 323 2981 a
356 2931 544 2982 Nerua
581 2938 910 2999 acceperat,
947 2934 1239 2985 Hadriano

285 2996 515 3049 donauit
537 3002 586 3063 5,
600 3002 685 3050 22.
709 3001 1024 3051 sestertium
1038 3002 1238 3053 iterum

285 3067 465 3117 uicies
499 3067 827 3119 Hadrianus
862 3084 897 3118 a
932 3070 996 3119 T.
1049 3069 1119 3119 ad
1154 3070 1236 3120 lu-

274 3135 385 3185 ·dos
424 3133 665 3187 edendos
704 3137 928 3201 accepit
964 3138 1014 3199 5,
1052 3139 1135 3188 25.
1172 3142 1237 3187 ut

284 3200 606 3254 Hadrianus
666 3203 1039 3270 adoptandum
1095 3220 1157 3255 se
1204 3221 1239 3255 a

286 3269 350 3319 T.
399 3284 522 3321 esse
571 3273 857 3337 conperit,
916 3272 987 3323 ab
1043 3272 1239 3323 amicis

288 3336 351 3385 T.
391 3342 725 3405 comtempni
758 3338 928 3390 desiit
963 3342 1011 3403 5,
1039 3344 1123 3392 30.
1174 3341 1240 3391 Τ.

291 3403 652 3457 familiaritas
696 3408 985 3470 Hadriano
1025 3408 1242 3459 crebuit

291 3470 551 3526 defuncto
610 3475 750 3525 Sura
787 3479 848 3540 6,
890 3478 936 3525 1.
1008 3476 1243 3527 Traiani

288 3537 517 3592 libertos
563 3542 881 3595 Hadrianus
929 3546 1241 3611 corrupisse

1354 364 1646 415 dicebatur
1688 366 1748 427 6,
1790 366 1874 415 12.
1939 379 2200 416 excessus
2237 365 2312 417 T.

1291 462 1308 479 .
1356 448 1412 483 a.
1457 432 1509 483 d.
1557 432 1637 483 VI
1683 432 1756 483 id.
1815 431 1958 497 Aug.
2020 432 2311 483 Hadriano

1353 500 1642 551 nuntiatus
1669 504 1756 550 est
1779 502 1828 561 6,
1860 502 1944 551 18.
1970 500 2037 550 T.
2056 500 2111 549 id
2138 501 2314 550 animi

1353 569 1528 619 fuisse
1567 568 1826 633 frequens
1873 567 2060 632 opinio
2106 569 2217 619 fuit
2248 573 2314 619 ut

1351 636 1640 688 Neratium
1658 636 1913 687 Priscum
1931 650 2313 686 successorem

1356 703 1698 768 relinqueret
1732 706 1784 768 6,
1812 706 1897 754 19.
1937 702 2098 753 multi
2122 703 2314 754 dicunt

1355 770 1422 821 T.
1460 772 1578 821 sine
1619 775 1772 822 certo
1817 784 2140 823 successore
2173 771 2314 821 mori

1355 838 1600 889 uoluisse
1637 842 1684 902 6,
1725 840 1811 890 24.
1851 839 1914 889 Τ.
1951 843 2166 889 mortuo
2193 838 2311 888 fac—

1357 906 1510 959 tione
1563 906 1824 958 Plotinae
1870 906 2192 957 Hadrianus
2252 906 2313 955 in

1361 973 1715 1040 adoptionem
1775 974 2022 1025 adscitus
2085 976 2146 1038 6,
2218 976 2310 1035 3ος

1359 1042 1650 1106 supposito
1719 1043 1814 1106 qui
1871 1056 1970 1107 pro
2030 1041 2096 1095 T.
2155 1042 2313 1092 fessa

1357 1124 1495 1159 uoce
1516 1108 1850 1173 loquebatur
1873 1111 1920 1168 7,
1949 1111 1996 1158 1.
2033 1110 2312 1172 nationes,

1359 1172 1500 1241 quas
1535 1177 1602 1227 T.
1623 1216 1626 1219 .
1647 1178 1950 1242 subegerat
1964 1214 1979 1239 ,
2024 1177 2312 1227 Hadriano

1355 1246 1690 1311 imperatore
1761 1244 2090 1295 defecerunt
2141 1246 2199 1307 7,
2261 1247 2310 1295 5.

1357 1312 1754 1363 Sarmatosirin
1821 1327 2012 1377 regem
2080 1310 2308 1362 Parthis

1357 1380 1577 1430 fecerat
1612 1382 1660 1440 7,
1701 1382 1782 1430 12.
1816 1380 1907 1441 ,δᾶ
1941 1378 2210 1443 reliquias
2246 1379 2310 1430 T.

1355 1446 2314 1581 zsssg‘ssfflgss...ffssfflfsszss‘ssminm

1356 1583 1567 1633 dimisit
1602 1586 1652 1647 7,
1689 1586 1773 1637 27.
1821 1584 1886 1637 Τ.
1926 1582 2105 1633 diuini
2137 1583 2307 1633 hono·

1356 1666 1446 1700 res
1483 1652 1603 1701 dati
1639 1655 1699 1713 8,
1738 1655 1798 1713 33
1845 1653 1894 1701 6.
1957 1650 2309 1715 triumphum,

1357 1720 1453 1783 qui
1488 1719 1552 1768 T.
1590 1718 1812 1770 debitus
1849 1724 1990 1782 erat,
2028 1718 2313 1768 recusauit

1357 1786 1681 1836 Hadrianus
1719 1786 1768 1845 8,
1819 1787 1906 1847 10;
1971 1790 2137 1849 atque
2172 1786 2314 1835 ima-

1357 1855 1542 1918 ginem
1601 1854 1666 1906 T.
1747 1852 2071 1917 triumphali
2153 1865 2316 1903 curru

1355 1920 1512 1969 uexit
1547 1922 1596 1979 8,
1636 1923 1716 1969 12.
1743 1921 1806 1971 Τ.
1846 1922 2032 1984 pueris
2069 1936 2136 1970 ac
2159 1919 2315 1985 puel·

1359 1986 1432 2037 lis
1479 1987 1746 2039 alimenta
1783 1986 2061 2037 detulerat
2106 1990 2166 2051 9,
2229 1990 2310 2038 17.

1359 2054 1564 2105 multas
1620 2054 1940 2120 prouincias
1999 2070 2034 2104 a
2091 2055 2155 2104 T.
2219 2055 2316 2104 ad-

1363 2123 1600 2187 quisitas
1635 2122 1862 2187 reliquit
1896 2122 2070 2172 Hadr.
2110 2125 2193 2185 10,
2220 2124 2314 2185 183

1367 2190 1599 2253 eiusque
1667 2190 1943 2239 theatrum
2001 2191 2060 2239 in
2119 2206 2314 2255 campo

1364 2258 1566 2310 Martio
1603 2257 1876 2307 destruxit
1912 2260 2004 2319 10,
2046 2260 2128 2308 19.
2178 2273 2214 2307 a
2247 2258 2314 2309 Τ.

1360 2328 1580 2376 secreto
1639 2325 1905 2375 mandata
1973 2325 2082 2376 sibi
2137 2325 2312 2375 Hadr.

1335 2391 1678 2453 simulabat,
1716 2408 1861 2457 quae
1888 2392 2186 2459 displicere
2223 2395 2309 2443 ui-

1362 2461 1540 2512 disset
1566 2464 1647 2523 10,
1675 2462 1759 2515 22.
1779 2460 1842 2511 Τ.
1871 2460 2120 2527 exemplo
2138 2460 2314 2512 Hadr.

1361 2530 1506 2580 cibis
1531 2529 1914 2580 castrensibus
1939 2531 1996 2578 in
2057 2528 2315 2595 ropatulo

1359 2598 1621 2648 utebatur
1633 2600 1718 2661 11,
1731 2599 1813 2648 17.
1823 2546 2312 2661 ΗΙίαιιιὲἒΠαωφιθ

1363 2664 1593 2715 Osdrois
1628 2666 1906 2715 Traianus
1953 2668 2183 2729 ceperat
2230 2666 2312 2725 14,

1366 2735 1447 2783 18.
1487 2734 1546 2781 in
1579 2734 1841 2783 honorem
1875 2731 1942 2787 T.
1978 2730 2152 2784 Hadr.
2188 2731 2311 2781 bal-

1364 2814 1522 2849 sama
1570 2805 1626 2849 et
1685 2814 1908 2849 crocum
1966 2814 2064 2865 per
2108 2799 2314 2864 gradus

1362 2867 1573 2917 theatri
1605 2868 1776 2917 fluere
1813 2867 1979 2917 iussit
2016 2868 2097 2929 19,
2134 2869 2218 2917 20.
2254 2866 2314 2916 in

1360 2934 1426 2989 T.
1464 2933 1673 3000 templo
1708 2949 1909 2984 nomen
1945 2948 2101 2983 suum
2139 2934 2313 2999 scrip-

1359 3003 1435 3052 sit
1492 3002 1665 3052 Hadr.
1737 3004 1828 3066 19,
1887 3004 1973 3055 26.
2027 3017 2188 3067 quem
2246 3002 2312 3051 T.

1357 3069 1583 3120 Parthis
1596 3071 1920 3135 inposuerat
1929 3070 2312 3134 regem,Hadr.

1356 3138 1590 3189 retraxit
1625 3141 1720 3201 21,
1759 3140 1845 3188 26.
1883 3138 1984 3187 sub
2021 3138 2086 3188 T.
2121 3137 2312 3187 Arme·

1361 3206 1444 3255 nii
1479 3204 1730 3271 legatum
1765 3206 2080 3257 habuerunt
2114 3207 2197 3269 21,
2225 3207 2308 3255 27.

1360 3273 1830 3338 Mesopotamenis
1891 3273 2136 3339 inposuit
2212 3274 2313 3321 tri-

1362 3341 1557 3399 butum
1579 3343 1663 3404 21,
1691 3342 1774 3393 28.
1810 3340 2012 3391 Helius
2037 3341 2108 3391 ab
2133 3340 2308 3389 Hadr.

1363 3423 1474 3469 non
1521 3424 1585 3460 eo
1641 3406 1800 3459 modo
1865 3413 1951 3460 est
2016 3408 2311 3473 adoptatus

1363 3491 1471 3541 quo
1507 3476 1788 3530 Traianus
1821 3478 1906 3538 28,
1948 3478 1996 3525 1.
2046 3476 2110 3525 Τ.
2148 3492 2311 3542 cepe-

1363 3548 1457 3595 rat
1492 3545 1690 3598 sellam
1725 3546 1938 3612 regiam
1983 3544 2314 3595 Parthorum
