2517 3884
1286 62 1318 76 f

747 179 1035 236 TYRANNI
1079 180 1411 238 TRIGINTA.
1502 181 1557 237 C.
1612 184 1689 236 12.
2071 176 2190 240 103
2270 180 2273 183 ’

242 364 428 424 quam
465 344 814 406 Valerianus
855 346 1005 415 fato,
1070 346 1375 412 Gallienus
1418 349 1575 408 uitae
1614 366 1760 409 suae
1791 364 2011 425 genere
2043 367 2185 426 per-

239 432 599 492 dideruntf‘
673 431 816 491 Post
846 430 994 491 haec
1026 430 1317 533 intellexit
1349 451 1484 493 eum
1516 431 1759 493 Ballista
1792 434 1879 494 sic
1908 450 2088 511 agere
2120 442 2187 493 ut
2222 446 2253 491 9

241 515 322 577 de
355 515 495 576 filiis
527 517 651 577 suis
679 515 987 576 uideretur
1029 492 1290 594 cogitare
1335 523 1511 595 atque
1550 517 1696 578 adeo
1738 518 1823 578 sic
1868 518 2185 595 adgressus

243 609 378 661 est.
427 601 831 671 „Prudentiae
884 608 1018 661 tuae
1071 619 1198 662 rem
1231 622 1288 681 p.
1352 602 1665 664 tradimus.
1754 603 1827 662 da
1886 605 2069 680 igitur
2112 603 2181 662 li·
2227 616 2289 663 10

173 702 210 741 5
241 686 436 747 heros
477 692 615 745 tuos
645 685 1011 745 Macrianum
1056 694 1114 746 et
1155 687 1463 758 Quietum,
1526 689 1930 748 fortissimos·
1915 706 2182 757 iuuenes,

245 770 397 831 olim
428 770 704 831 tribunos
737 788 768 831 a
799 770 1112 831 Valeriano
1143 772 1349 841 factoS,
1386 772 1793 849 quiGallieno
1824 774 2182 852 imperante,

243 854 411 933 quod
445 854 588 915 boni
620 862 775 924 sunt,
823 854 974 915 salui
1005 875 1136 917 esse
1181 874 1303 917 non
1346 865 1664 935 possunt.“
1741 858 1911 917 Tunc
1954 856 2053 917 ille
2084 857 2187 918 uhi
2227 869 2283 917 11

237 940 622 1001 intellectum
655 959 719 1000 se
751 959 887 1000 esse
919 943 1240 1021 comperit:
1277 941 1425 1011 „Do,
1460 943 1669 1020 inquit,
1703 960 1913 1002 manus
1944 941 2017 1002 de
2050 960 2184 1001 meo

243 1025 620 1105 stipendium
675 1025 849 1086 'militi
890 1025 1109 1105 duplex
1155 1026 1423 1087 daturus⁸
1503 1032 1566 1086 tu
1606 1034 1836 1087 tantum
1896 1028 2186 1107 praefecti

149 1129 212 1167 ιο
243 1110 401 1173 mihi
432 1109 694 1171 studium
745 1116 804 1170 et
855 1129 1150 1171 annonam
1209 1113 1271 1171 in
1329 1114 1687 1185 necessariis
1740 1110 1887 1172 locis
1938 1111 2179 1190 praebe.

241 1198 368 1257 iam
413 1213 524 1273 ego
565 1195 775 1264 faxim,
837 1201 902 1255 ut
933 1195 1273 1265 GallienuS,
1337 1196 1786 1257 sordidissimus
1828 1198 2183 1256 feminarum

243 1280 540 1348 omnium,
575 1278 757 1339 duces
792 1282 884 1341 sui
914 1282 1180 1358 parentis
1211 1279 1587 1358 intellegat.“
1631 1282 1849 1341 Factus
1882 1287 1973 1341 est
2003 1283 2183 1358 igitur
2224 1294 2286 1341 12

244 1384 390 1433 cum
432 1365 731 1425 Macriano
775 1372 834 1425 et
876 1365 1090 1436 Quieto
1133 1365 1365 1425 duobus
1420 1366 1554 1426 filiis
1608 1367 1837 1427 cunctis
1897 1364 2184 1426 militibus

241 1448 592 1511 uolentibus
635 1450 962 1528 imperator
1005 1469 1072 1510 ac
1116 1452 1317 1511 statim
1361 1459 1565 1510 contra
1611 1449 1941 1511 Gallienum
1975 1452 2188 1523 uenire

153 1551 215 1591 15
246 1536 453 1613 coepit
480 1541 806 1633 utcumque
848 1535 1030 1595 rebus
1069 1537 1131 1595 in
1182 1537 1475 1595 orientem
1509 1534 1830 1597 derelictis.
1910 1534 2016 1596 sed
2048 1555 2184 1596 cum
2224 1542 2320 1597 13'

243 1610 646 1699 quadraginta
691 1621 951 1697 quinque
997 1619 1157 1680 milia
1204 1620 1455 1680 militum
1519 1640 1723 1680 secum
1783 1620 2060 1689 duceret,
2123 1623 2184 1679 in

245 1705 492 1783 llljrico
538 1704 631 1764 uel
674 1705 733 1763 in
767 1703 1156 1766 Thraciarum
1199 1702 1433 1765 exflmis
1478 1724 1841 1783 congressus
1889 1725 2024 1765 cum
2068 1708 2180 1765 Au·

245 1790 421 1851 reolo
453 1790 648 1849 uictus
681 1796 903 1849 etcum
945 1790 1065 1849 filio
1108 1792 1507 1869 interemptus
1552 1798 1659 1850 est.
1737 1792 1983 1868 triginta
2015 1790 2181 1850 deni·
2224 1803 2287 1851 14

248 1892 374 1951 que
434 1873 595 1934 milia
655 1873 913 1935 militum
972 1877 1034 1935 in
1086 1875 1325 1936 Aureoli
1383 1883 1741 1953 potestatem
1804 1893 2181 1935 concessere.

155 1978 217 2017 20
243 1960 626 2021 Domitianus
658 1966 854 2018 autem
889 1958 1144 2019 eundem
1187 1962 1359 2029 uicit,
1405 1959 1518 2019 dux
1550 1959 1791 2021 Aureoli
1823 1961 2187 2020 fortissimus

247 2052 312 2105 et
348 2043 935 2114 uehementissimus,
971 2046 1072 2121 qui
1102 2062 1167 2104 se
1200 2046 1490 2121 originem
1525 2044 1752 2105 diceret
1784 2063 1815 2103 a
1849 2045 2183 2105 Domitiano

246 2128 496 2190 trahere
529 2136 704 2205 atque
737 2147 768 2187 a
801 2128 1116 2189 Domitilla.

380 2214 468 2275 De
498 2214 797 2275 Macriano
843 2222 1042 2275 autem
1087 2214 1255 2274 nefas
1304 2213 1447 2273 mihi
1488 2214 1724 2274 uidetur
1755 2213 2039 2273 iudicium
2071 2212 2183 2272 Va·
2229 2224 2291 2273 15

246 2300 466 2360 leriani
507 2300 872 2377 praeterire,
919 2298 1096 2377 ’quod
1141 2298 1240 2359 ille
1285 2300 1347 2359 in
1380 2300 1651 2359 oratione
1694 2317 1827 2366 sua,
1894 2315 2069 2375 quam
2113 2296 2187 2356 ad
2254 2374 2259 2379 Ι

159 2400 220 2440 25
248 2392 530 2446 senatum
567 2402 598 2444 e
628 2384 892 2445 Persidis
921 2383 1138 2445 finibus
1169 2385 1443 2453 miserat,
1500 2385 1722 2462 posuit.
1798 2385 1955 2444 inter
1987 2390 2184 2443 cetera

249 2488 328 2531 ex
359 2471 632 2530 oratione
663 2469 787 2529 diui
820 2468 1148 2530 Valeriani:
1197 2470 1386 2547 „Egm
1422 2488 1477 2549 p.
1515 2488 1587 2537 c.,
1622 2467 1845 2529 bellum
1874 2469 2185 2530 Persicum
2228 2479 2289 2526 16

247 2572 477 2633 gerens
520 2554 820 2627 Macriano
862 2562 1050 2615 totam
1091 2572 1221 2614 rem
1264 2573 1321 2633 p.
1368 2553 1595 2615 credidi
1658 2553 1897 2631 quidem
1941 2572 1973 2613 a
2015 2559 2185 2631 parte

248 2639 516 2703 militari.
594 2638 693 2699 ille
745 2638 918 2700 uobis
956 2638 1176 2709 fidelis,
1239 2638 1341 2699 ille
1385 2639 1530 2709 mihi
1572 2639 1853 2707 deuotus,
1917 2636 2083 2700 illum
2128 2645 2187 2695 et

251 2731 413 2788 amat
446 2731 505 2783 et
535 2725 713 2792 timet„
733 2723 925 2785 miles
975 2732 1294 2803 utcumque
1341 2742 1442 2784 res
1488 2725 1782 2801 exegerit,
1846 2740 1981 2783 cum
2016 2740 2184 2781 exer-

163 2824 226 2864 30
255 2806 478 2869 citibus
523 2810 660 2885 agit.
738 2828 878 2878 nec,
925 2829 982 2888 p.
1020 2827 1101 2878 c.,
1138 2826 1297 2868 noua
1348 2807 1447 2869 uel
1496 2810 1737 2887 inopina
1789 2806 1964 2867 nobis
2018 2813 2182 2867 sunt:
2228 2820 2291 2880 ιτ

128 2888 140 2895 ’
251 2895 432 2973 pueri
464 2894 590 2952 eius
622 2894 814 2953 uirtus
843 2896 904 2952 in
935 2892 1132 2962 Italia,
1169 2892 1571 2953 adulescentis
1601 2894 1664 2952 in
1696 2891 1909 2958 Gallia,
1946 2890 2189 2950 iuuenis

249 2980 316 3039 in
347 2977 636 3045 Thracia,
682 2978 742 3037 in
774 2979 969 3039 Africa
1013 2979 1128 3061 iam
1160 2978 1463 3057 prouecti,
1530 2978 1897 3037 senescentis
1929 2975 2188 3051 denique

395 3164 421 3211 1
451 3162 604 3213 facto
629 3160 752 3213 ΒΡ1
893 3165 924 3213 2
948 3162 1266 3227 intellegxit
1289 3162 1369 3212 B¹
1510 3166 1540 3213 3
1563 3162 1786 3212 uidetur
1809 3160 1891 3212 Β1
2008 3163 2039 3213 5
2066 3174 2195 3210 suos

249 3229 336 3281 B¹
491 3230 812 3281 forossimus
835 3229 915 3280 B¹
966 3231 1301 3281 fortissimus
1323 3230 1405 3281 B²
1454 3231 1753 3281 fortissimo
1779 3229 1869 3280 P1·
2006 3230 2037 3279 6
2064 3229 2195 3294 quia.

251 3298 420 3349 BPM
557 3299 587 3346 '7
611 3298 718 3348 tibi
742 3294 813 3346 Β1
930 3302 994 3349 10
1019 3300 1251 3363 praebet
1274 3296 1404 3348 BP¹
1432 3298 1501 3361 (u.
1526 3316 1574 3350 u.
1580 3297 1599 3361 )
1706 3300 1769 3349 15
1795 3299 2005 3349 oriente
2032 3298 2099 3347 M
2152 3337 2157 3341 .

255 3367 323 3416 17
346 3365 688 3416 trachiarum
712 3366 813 3415 BP
949 3367 1206 3417 extremis
1231 3368 1299 3417 M
1452 3380 1747 3432 eogressus
1769 3366 1845 3416 Ρ1
2009 3366 2073 3415 19
2100 3380 2194 3413 au-

225 3434 408 3490 ,reolo
432 3432 512 3482 B¹
655 3448 980 3485 concessare
1004 3434 1132 3484 BP¹
1272 3438 1337 3485 21
1362 3436 1680 3486 Domitiano
1704 3435 2037 3498 imperatore
2061 3431 2202 3481 P³M

391 3502 460 3552 27
486 3492 691 3566 quidae'
713 3501 786 3551 B¹
925 3504 990 3553 30
1015 3503 1204 3568 inopia
1229 3501 1302 3552 Βι
1440 3506 1505 3554 32
1530 3502 1747 3553 trachia
1773 3500 1875 3551 BP
