2517 3884
663 130 953 201 TYRANNI
997 130 1331 191 TRIGINTA.
1416 133 1477 193 C.
1521 138 1572 191 5.
1616 138 1668 195 6.
2057 128 2149 197 95

891 329 1443 397 VICTORINVS

325 500 690 564 Posthumus
749 504 952 565 senior
1012 521 1149 563 cum
1209 503 1477 574 uideret,
1538 504 1744 566 multis
1788 524 1853 567 se
1885 505 2138 568 Gallieni
2170 503 2235 569 6·

190 587 427 649 uiribus
455 589 612 667 peti,
675 594 854 665 atque
896 588 1178 651 auxilium
1212 607 1337 657 non
1377 589 1571 651 solum
1614 591 1873 652 militum
1922 610 2137 654 uerum

107 720 115 723 .
196 674 376 735 etiam
407 672 650 733 alterius
680 674 972 753 principis
1001 676 1436 745 necessarium,
1474 676 1873 746 Victorinum,
1918 677 2135 738 milita-

139 776 168 817 5
195 759 285 819 ris
313 757 640 819 industriae
669 760 898 828 uirum,
960 760 1023 818 in
1075 760 1497 838 participatum
1541 763 1778 823 uocauit
1806 763 2045 841 imperii
2078 770 2137 823 et

195 861 334 904 cum
370 843 580 904 eodem
626 850 834 905 contra
866 841 1204 905 Gallienum
1245 843 1542 907 conflixit..
1611 864 1868 927 cumque
1900 846 2133 909 adhibi·
2170 858 2209 905 2

191 930 271 990 tis
309 927 655 1009 ingentibus
697 927 1136 991 Germanorum
1177 928 1409 991 auxiliis
1449 929 1553 991 diu
1595 929 1749 992 bella
1790 933 2129 1003 traxissent,

195 1014 338 1075 uicti
369 1020 524 1075 sunt.
601 1020 745 1074 tunc
784 1014 1106 1075 interfecto
1159 1016 1336 1077 etiam
1367 1014 1637 1076 Lolliano
1684 1014 1847 1077 solus
1878 1019 2129 1078 Victori·
2167 1028 2205 1077 3

191 1116 308 1160 nus
344 1099 408 1159 in
435 1099 1038 1182 imperio-remansit,
1103 1101 1206 1177 qui
1237 1106 1298 1160 et
1325 1100 1485 1178 ipse,
1530 1100 1701 1177 quod'
1732 1103 2134 1164 matrimoniis

113 1203 165 1243 10
193 1184 450 1245 militum
481 1190 543 1244 et
570 1183 916 1245 militarium
951 1183 1411 1263 corrumpendis
1436 1203 1679 1264 operam
1704 1186 1890 1257 daret,
1925 1206 1958 1248 a
1980 1204 2130 1264 quo-

189 1269 326 1330 dam
360 1271 658 1338 actuario‚
722 1270 890 1330 cuius
921 1274 1173 1329 uxorem
1204 1276 1617 1348 stuprauerat‚
1682 1272 2011 1350 composita
2041 1273 2132 1333 fa*

192 1355 388 1415 ctione
445 1355 809 1433 Agrippinae
869 1372 1196 1433 percussus
1258 1355 1563 1415 Victorino
1620 1354 1743 1415 filio
1798 1355 2053 1418 Caesare
2098 1376 2132 1417 a

188 1447 381 1501 matre
412 1440 680 1500 Vitruuia
713 1440 838 1501 siue
871 1440 1147 1521 Victoria,
1196 1456 1347 1517 quae
1380 1447 1570 1501 mater
1602 1448 1935 1503 castrorum
1965 1442 2126 1504 dicta

191 1532 300 1593 est,
333 1523 652 1603 appellato,
698 1525 801 1603 qui
843 1526 1062 1604 etipse
1096 1524 1397 1604 puerulus⁴
1424 1526 1624 1585 statim
1669 1532 1761 1587 est
1799 1528 2127 1607 interemp-

109 1628 162 1670 15
189 1617 304 1679 tuS,
339 1627 476 1671 cum
499 1609 664 1689 apud
693 1610 1079 1690 Agrippinam
1121 1615 1297 1690 pater
1340 1612 1469 1671 eius
1511 1619 1669 1672 esset
1710 1612 1961 1673 occisus„
2042 1612 2127 1673 De
2164 1622 2203 1671 4

186 1695 320 1765 hoc,
357 1694 516 1771 q'uod
546 1696 907 1756 fortissimus
939 1696 1118 1756 fuerit
1162 1703 1222 1756 et
1250 1703 1494 1775 praeter
1524 1694 1831 1757 libidinem
1864 1698 2129 1775 optimus

183 1782 532 1859 imperator,
567 1799 600 1840 a
631 1779 835 1841 multis
865 1780 1050 1841 multa
1081 1789 1222 1841 sunt
1253 1780 1425 1841 dicta.
1504 1782 1607 1841 sed
1641 1783 1788 1843 satis
1820 1782 2127 1843 credimus
2163 1792 2201 1841 5

182 1865 298 1929 Iuli
328 1864 635 1927 Atheriani
674 1872 912 1944 partem
952 1865 1090 1927 libri
1132 1865 1439 1927 cuiusdam
1483 1883 1742 1945 ponere,
1789 1867 1849 1926 in
1899 1883 2015 1944 quo
2050 1867 2125 1927 de

183 1951 490 2012 Victorino
533 1952 626 2011 sic
658 1950 955 2028 loquitur:
1018 1952 1397 2020 „Victor-inc,
1460 1952 1560 2029 qui
1590 1948 1811 2011 Gallias
1855 1957 1997 2030 post
2028 1952 2123 2012 Iu·
2163 1962 2199 2011 6

107 2058 160 2099 20
185 2035 334 2107 lium
363 2029 755 2096 Posthumum
784 2036 969 2105 rexit,
1013 2037 1318 2096 neminem
1358 2036 1605 2115 aestimo
1635 2036 2123 2113 praeferendum,

182 2139 308 2182 non
335 2122 401 2181 in
444 2120 668 2181 uirtute
699 2122 1058 2189 Traianum,
1118 2138 1240 2181 non
1270 2121 1635 2181 Antoninum
1678 2122 1740 2180 in
1784 2119 2123 2191 clementia,

181 2224 304 2267 non
336 2224 401 2267 m
430 2208 720 2283 grauitate
749 2206 1054 2275 Neruam:
1075 2222 1197 2266 non
1226 2206 1289 2265 in
1320 2204 1711 2283 gubernando
1742 2206 1977 2266 aerario
2012 2207 2125 2267 Ve-

183 2291 520 2369 spasianum
539 2336 574 2360 ,A
599 2310 722 2352 non
763 2293 827 2351 in
863 2308 1117 2352 censura
1145 2291 1329 2368 totius
1364 2292 1522 2350 uitae
1554 2309 1622 2352 ac
1654 2292 1978 2352 seueritate
2011 2292 2125 2351 mi·
2153 2290 2178 2312 “

183 2376 342 2437 litari
384 2375 758 2437 Pertinacem
813 2376 912 2437 uel
955 2375 1266 2438 Seuerum.
1320 2375 1447 2436 ‘sed
1500 2378 1699 2438 omnia
1740 2376 1891 2440 haec
1935 2375 2123 2438 libido
2160 2389 2193 2437 ’τ

104 2486 156 2528 25
186 2470 246 2522 et
277 2462 568 2541 cupiditas
609 2461 988 2523 mulierariae
1031 2462 1357 2542 uoluptatis
1404 2462 1517 2524 sic
1531 2461 1795 2541 perdidit
1838 2469 1903 2522 ut
1940 2480 2123 2523 nemo

183 2546 398 2608 audeat
427 2548 680 2608 uirtutes
711 2548 838 2609 eius
868 2549 931 2607 in
961 2546 1190 2608 litteras
1221 2548 1479 2616 mittere,
1516 2564 1695 2625 quem
1726 2554 1959 2609 constat
1990 2566 2121 2607 om-

180 2633 350 2692 nium
379 2633 598 2693 iudicio
645 2634 938 2693 meruisse
977 2635 1247 2711 puniri.“
1322 2650 1467 2710 ergo
1512 2652 1648 2694 cum
1690 2631 1751 2693 id
1792 2632 1996 2692 iudicii
2046 2630 2119 2691 de
2159 2644 2197 2694 8

182 2719 486 2778 Victorino
517 2720 842 2797 scriptores
882 2717 1230 2788 habuerint,
1277 2718 1421 2777 satis
1462 2716 1608 2777 mihi
1638 2717 1850 2778 uideor
1881 2716 1955 2778 de
1987 2734 2114 2776 rno-

181 2801 356 2863 ribus
387 2804 517 2863 eius
549 2802 787 2864 dixisse.
1306 2835 1312 2839 ·

319 3058 350 3107 3
376 3055 582 3107 aulium
608 3052 742 3125 ΒΡ1
763 3056 922 3121 (corr.
952 3056 1052 3123 ΡΒ)
1194 3060 1258 3109 10
1284 3054 1710 3121 corrumpendos
1733 3052 1809 3105 P¹
1952 3058 2014 3106 13
2040 3056 2127 3106 bi-

179 3123 368 3175 trubia.
391 3124 496 3175 BP
538 3126 829 3177 Victorius.
854 3126 921 3176 M
1075 3128 1138 3177 15
1164 3126 1493 3192 agrippinae
1518 3120 1674 3173 B¹P¹
1840 3124 1905 3173 16
1936 3122 2126 3174 libini-

178 3208 306 3242 nem
329 3190 465 3243 B¹P
600 3196 664 3245 19
685 3194 858 3245 ulium
880 3192 962 3243 B¹
987 3194 1205 3245 Iunium
1229 3195 1297 3245 M
1434 3196 1501 3244 20
1525 3192 1672 3243 rexit
1692 3206 1788 3245 om.
1812 3190 1863 3241 B
1879 3190 1895 3223 ¹
2056 3194 2123 3241 22

177 3260 237 3310 in
262 3277 356 3312 om.
384 3261 552 3313 BPM
705 3263 934 3313 nerbam
957 3263 1061 3313 BP
1215 3262 1553 3327 nespasiano
1576 3258 1704 3309 BP¹
1865 3262 1931 3310 24
1954 3274 2125 3309 ueue-

177 3344 299 3379 rum
321 3328 401 3389 Β)
565 3332 630 3381 29
665 3331 787 3381 eius
826 3330 1032 3382 dixisse
1069 3330 1136 3383 de
1170 3331 1415 3382 moribus
1445 3328 1581 3379 B1P
1616 3329 1683 3379 de
1716 3328 1958 3379 moribus
2001 3329 2129 3384 eius

181 3396 390 3449 dixisse
413 3396 497 3447 B²
523 3396 589 3447 de
626 3398 746 3449 eius
772 3398 822 3449 d.
847 3415 916 3450 m.
942 3400 1010 3450 M
