2517 3884
348 173 477 243 152
1043 181 1197 236 AELI
1240 175 1586 235 SPARTIANI

342 353 511 414 rent,
568 345 677 406 sed
706 346 947 425 publice
987 342 1508 410 commendarent,
1539 342 1845 421 recepturi
1884 348 2022 420 post
2062 339 2289 420 proelia

346 430 513 510 quod
544 430 853 500 dederant,
888 429 1129 498 addens,
1161 426 1369 488 liberis
1401 444 1610 487 eorum
1641 433 1700 487 et
1729 426 2020 488 uxoribus
2049 426 2290 488 heredi·

346 515 465 577 bus
496 522 661 578 certe
692 513 1091 582 reddendum,
1126 513 1225 573 cui
1255 513 1534 581 uenisset,
1596 529 1674 571 ne
1715 510 1789 571 ad
1831 509 2036 572 hostes
2065 507 2289 590 aliquid
2355 514 2364 520 '

347 600 612 682 praedae
641 599 1007 680 perueniret,
1044 598 1094 656 si
1126 595 1270 673 quid
1299 596 1455 657 forte
1488 595 1726 657 aduersi
1754 596 1994 659 fortuna
2025 597 2285 659 fecisset.

280 697 317 748 8
354 685 461 746 sed
492 685 641 745 haec
672 685 889 752 omnia,
935 688 1003 742 ut
1035 699 1100 742 se
1130 679 1425 741 habuerat
1456 680 1766 742 Commodi
1794 688 2134 760 temporum
2166 681 2287 742 dis·
2339 695 2369 740 5

280 784 314 831 9
351 770 599 837 solutio,
662 767 917 827 aduersa
978 765 1175 826 eidem
1232 766 1424 826 fuere.
1503 765 1763 846 denique
1819 769 2053 828 etiamsi
2109 785 2290 828 nemo

348 856 479 923 fuit,
514 854 616 931 qui
648 853 774 913 suis
815 850 1190 928 temporibus
1229 851 1351 911 dux
1397 851 1670 911 seuerior
1712 850 2039 922 uideretur,
2084 853 2288 932 perni-

350 939 507 1000 ciem
556 935 641 995 1111
696 937 887 1013 magis
935 937 1052 996 ista
1107 953 1289 1014 quam
1321 935 1392 976 *³⁸
1422 941 1691 1006 mortue,
1745 935 1852 996 ubi
1883 942 1944 997 et
1970 936 2198 998 inuidia
2233 943 2293 998 et

349 1021 558 1082 odium
589 1009 861 1100 deposita
894 1027 1086 1091 erant,
1117 1020 1259 1082 talia
1290 1020 1562 1100 exempla
1593 1020 1936 1082 ualuerunt.

248 1108 325 1171 11
475 1104 679 1165 Idem
662 1123 726 1166 111
752 1107 922 1166 omni
946 1107 1325 1186 expeditione
1354 1111 1490 1166 ante
1513 1124 1726 1168 omnes
1737 1104 2054 1167 militarem
2071 1106 2291 1167 ,cibum
2319 1125 2375 1165 ιο

348 1191 602 1270 sumpsit
622 1197 761 1252 ante
775 1189 1141 1270 papillonem
1167 1209 1281 1252 nec
1306 1190 1421 1252 sibi
1443 1209 1730 1270 umquam
1754 1191 1851 1252 uel
1875 1197 2085 1252 contra
2101 1190 2289 1252 solem

347 1275 450 1338 uel
462 1280 674 1336 contra
686 1275 919 1338 imbres
931 1279 1227 1354 quaesiuit
1239 1277 1384 1338 tecti
1396 1275 1765 1354 suffragium,
1782 1276 1835 1336 si
1857 1275 2031 1337 miles
2044 1276 2290 1337 110111111-

280 1374 312 1422 2
349 1360 496 1423 buit.
532 1366 766 1422 tantum
799 1361 1060 1439 denique
1090 1361 1232 1422 belli
1270 1369 1545 1440 tempore
1586 1363 1818 1422 ratione
1860 1361 2146 1422 militibus
2186 1361 2291 1421 de-

344 1453 677 1507 monstrata
710 1446 822 1507 sibi
856 1453 917 1507 et
945 1449 1144 1509 seruis
1175 1448 1300 1508 suis
1328 1446 1428 1507 uel
1461 1445 1995 1508 contubernalibus
2023 1447 2294 1525 portauit

350 1537 641 1610 quan-tum
674 1550 706 1592 a
738 1531 1030 1593 militibus
1060 1531 1401 1600 ferebatur,
1447 1549 1584 1592 cum
1627 1549 1838 1591 seruos
1881 1549 2022 1593 suos
2054 1549 2290 1593 annona
2319 1547 2374 1590 15

346 1623 647 1684 oneraret,
684 1634 760 1676 ne
800 1615 888 1677 illi
917 1619 1118 1678 securi.
1158 1615 1538 1677 ambularent
1580 1623 1639 1676 et
1681 1617 1882 1676 onusti
1917 1614 2152 1686 militeS,
2197 1615 2291 1675 id-

214 1735 219 1740 ·
276 1717 311 1764 3
348 1718 463 1779 que
508 1701 583 1761 ab
626 1704 897 1764 exercitu
939 1720 1074 1763 cum
1122 1702 1384 1780 suspirio
1429 1699 1757 1760 uideretur.
1833 1699 1992 1759 idem
2037 1702 2100 1760 in
2141 1718 2290 1760 con-

345 1788 509 1846 tione
539 1787 786 1855 iurauit,
821 1805 905 1853 se
890 1779 1271 1866 quamdiu
1253 1803 1315 1845 m
1349 1783 1827 1863 expeditionibus
1857 1785 2067 1845 fuisset
2099 1791 2288 1846 esset-

347 1889 465 1950 que
518 1870 711 1932 adhuc
759 1871 1031 1940 futurus,
1091 1887 1213 1930 non
1257 1869 1431 1930 aliter
1483 1870 1675 1948 egisse
1719 1875 2110 1946 acturumque
2155 1887 2292 1932 esse

347 1973 527 2034 quam
558 1955 827 2025 militem,
860 1955 1111 2017 Marium
1144 1961 1282 2016 ante
1313 1953 1520 2015 oculos
1548 1953 1780 2014 habens
1809 1961 1872 2014 et
1901 1954 2086 2016 duces
2115 1954 2284 2016 tales,
2315 1972 2376 2012 20

274 2056 315 2104 4
346 2058 461 2102 nec
491 2037 635 2101 alias
665 2039 897 2106 fabulas
938 2057 1224 2117 umquam
1267 2038 1477 2100 habuit
1515 2039 1630 2099 nisi
1673 2041 1749 2100 de
1786 2039 2080 2100 Annibale
2124 2045 2285 2101 cete-

272 2141 309 2189 5
345 2127 557 2219 risque
610 2124 847 2186 talibus
927 2125 1187 2205 denique
1242 2143 1380 2187 cum
1432 2125 1781 2203 imperatori
1831 2125 1988 2186 facto
2046 2123 2290 2204 quidam

345 2212 781 2294 panegyricum
813 2212 1071 2272 recitare
1103 2209 1308 2280 uellet,
1343 2209 1492 2270 dixit
1523 2211 1609 2269 ei:
1643 2209 1898 2280 „Scribe
1928 2208 2135 2270 laudes
2165 2210 2289 2270 Ma·

344 2297 425 2358 rii
454 2297 554 2356 uel
583 2283 895 2357 Annibalis
923 2299 1021 2356 uel
1052 2294 1203 2356 alius
1234 2295 1408 2355 ducis
1452 2294 1662 2372 optimi
1702 2296 1825 2355 uita
1856 2295 2046 2355 functi
2078 2299 2139 2353 et
2168 2293 2286 2364 dic,

276 2381 493 2458 cquid
534 2380 635 2442 ille
678 2381 919 2450 fecerit,
982 2387 1051 2442 ut
1081 2398 1218 2441 eum
1262 2397 1374 2439 nos
1414 2380 1735 2440 imitemur.
1823 2397 1960 2440 nam
2005 2379 2287 2439 uiuentes
2315 2395 2376 2436 25

321 2463 638 2525 .laudare'
621 2466 831 2526 inrisio
866 2470 977 2534 est,
1010 2466 1269 2525 maxime
1309 2466 1725 2542 imperatores,
1769 2482 1802 2524 a
1831 2461 2048 2541 quibus
2078 2480 2288 2541 spera-

345 2558 465 2619 tur,
500 2551 602 2629 qui
630 2551 938 2619 timentur,
973 2551 1077 2627 qui
1105 2555 1411 2629 praestare
1434 2547 1673 2627 publice
1703 2554 1976 2626 possunt,
2009 2549 2111 2626 qui
2141 2565 2285 2627 pos-

345 2642 490 2696 sunt
533 2651 783 2703 necare,
848 2635 954 2712 qui
990 2633 1393 2713 proscribere.
1472 2651 1536 2693 se
1580 2640 1778 2693 autem
1811 2633 2017 2693 uiuum
2046 2632 2290 2712 placere

345 2719 524 2789 uelle,
557 2729 864 2780 mortuum
897 2720 1073 2780 etiam
1103 2718 1398 2779 laudari.“

244 2805 329 2870 12
472 2806 711 2866 Amauit
738 2804 813 2866 de
842 2805 1219 2883 principibus
1248 2805 1585 2881 Augustum
1616 2805 2052 2882 Vespasianum
2081 2804 2281 2864 Titum
2310 2820 2366 2858 30

449 2960 481 3008 3
517 2959 612 3022 qui
645 2957 811 3008 BPM
842 2973 935 3008 em.
959 2956 1003 3008 S
1142 2956 1433 3006 uenissent
1457 2955 1520 3005 M
1665 2958 1697 3006 ’1
1731 2956 2032 3022 perniciem
2054 2955 2160 3005 BP
2209 2954 2288 3006 ad

346 3024 655 3091 perniciem
679 3053 745 3060 —
769 3027 881 3075 ista.
916 3025 1074 3076 fuere
1101 3025 1167 3074 M
1333 3025 1365 3075 8
1401 3029 1520 3089 post
1554 3039 1718 3090 quam
1751 3027 1980 3074 lacunam
2001 3025 2289 3104 siqnzficma'

485 3095 549 3142 10
582 3092 824 3143 militare
856 3091 911 3142 B
1094 3093 1157 3142 12
1192 3091 1473 3157 quaesibit
1506 3091 1636 3141 BP¹
1818 3093 1884 3142 14
1918 3091 2167 3158 portauit
2189 3096 2288 3141 uix

343 3176 537 3211 sanum.
563 3177 647 3210 au.
674 3160 964 3226 inposuit?
1105 3162 1170 3210 16
1204 3159 1556 3210 ambularent
1585 3159 1713 3210 hon.
1750 3159 1811 3210 M
1959 3161 2021 3209 17
2058 3163 2286 3210 conten-

347 3229 499 3279 tione
526 3227 631 3277 BP
768 3230 833 3278 18
858 3243 983 3278 esse
1011 3243 1154 3293 quae
1178 3226 1284 3277 BP
1418 3229 1482 3277 19
1508 3232 1660 3277 esset
1681 3225 1894 3290 BP(M)
1933 3227 2114 3291 egisse
2142 3225 2186 3277 S

344 3299 413 3347 20
448 3294 750 3346 habentem
773 3296 945 3346 BPM
984 3295 1199 3348 habens
1230 3297 1424 3360 scripsi
1445 3297 1663 3348 exercit.
1689 3296 1869 3359 “inp
1875 3300 1948 3345 ,7
1971 3293 2170 3358 (Iord.)

276 3363 287 3374 ⁰
343 3367 409 3416 21
448 3362 766 3414 annibalem
801 3361 929 3413 B¹P
952 3363 1140 3426 (hann.
1166 3362 1264 3428 B²)
1293 3363 1360 3412 de
1385 3361 1662 3413 Annibale
1687 3362 1754 3412 M
1908 3365 1976 3412 24
2006 3361 2174 3413 hann.
2207 3359 2288 3411 Βι

336 3499 396 3553 B
451 3432 611 3532 quius
636 3431 738 3484 BP
755 3431 851 3483 uel
874 3431 1116 3482 alicuius
1136 3432 1199 3482 M
1230 3431 1324 3482 uel
1349 3429 1495 3481 alius
1515 3433 1708 3496 scripsi
1731 3429 1902 3494 (Iord.
1910 3430 1929 3494 )
2039 3432 2109 3482 28
2131 3430 2286 3480 nium
