2517 3884
322 210 406 274 62
448 202 454 211 '
634 166 645 293 ἶ
1005 214 1138 271 ινιι
1180 213 1552 273 CAPITOLINI

327 386 684 452 extiterunt,
737 399 942 443 secum
987 381 1203 441 cotidie
1246 382 1607 461 cogitantes,
1673 399 1823 459 quos
1864 385 2196 463 imperato}
2201 396 2276 446 e‘s

324 469 523 530 facere
554 467 861 528 deberent
1541 459 1588 509 ⁸

224 548 304 613 13
454 554 705 614 Senatus
738 551 993 612 consulti
1032 558 1264 621 autem,
1319 570 1436 631 quo
1479 554 1624 613 moti
1670 559 1826 622 sunt,
1871 552 2020 614 haec
2062 555 2272 617 forma

324 646 445 700 est:
480 637 628 699 Cum
658 636 1017 714 ingredienti
1058 636 1273 697 urbem
1313 637 1570 697 Maximo
1601 636 1884 699 Balbinus
1917 647 1974 700 et
2005 638 2273 701 Gordia-

320 743 434 785 nus
478 731 537 784 et
576 728 818 783 senatus
864 728 923 781 et
974 718 1236 820 populus
1278 721 1584 784 Romanus
1628 722 1864 784 obuiam
1916 742 2269 803 p1ocess1s
2335 741 2369 783 5

322 816 475 879 sent,
511 806 967 868 adclamationes
996 808 1258 906 primum
1300 807 1576 886 publicae
1607 808 1877 878 fuerunt,
1913 828 2070 889 quae
2101 810 2274 871 mili-

252 904 283 951 2
320 903 409 956 tes
445 894 883 970 contingerent.
970 892 1108 952 inde
1137 894 1201 952 in
1232 899 1501 953 senatum
1533 895 1684 954 itum
1715 902 1822 964 est,
1857 893 1959 954 ubi
1989 903 2130 974 post
2159 896 2276 957 illa

320 995 473 1057 quae
506 978 844 1039 communia
876 977 1071 1039 solent
1112 994 1241 1038 esse
1285 977 1437 1039 festa
1469 978 1695 1039 dictum
1728 988 1845 1041 est:
1895 978 2278 1061 „Sapienter

321 1063 494 1125 electi
524 1064 828 1143 principes
872 1064 956 1125 sic
982 1070 1195 1141 agunt,
1258 1082 1370 1143 per
1410 1066 1704 1143 inperitos
1745 1063 1920 1125 electi
1949 1068 2276 1145 principes
2387 1124 2396 1130 .

320 1151 405 1211 sic
424 1154 731 1229 pereunt?
738 1157 904 1209 ‘cum
924 1156 1243 1217 constaret,
1263 1148 1832 1211 amilitibusfactum
1847 1150 2272 1223 Maximinum,
2303 1168 2386 1209 ιο.

250 1244 281 1292 3
318 1233 631 1297 Balbinum
676 1242 877 1295 autem
920 1240 977 1293 et
1007 1234 1328 1295 Maximum
1359 1253 1392 1295 a
1439 1234 1834 1296 senatoribus
1913 1234 2007 1297 lus
2037 1236 2273 1298 auditis

317 1320 537 1381 milites
558 1304 809 1398 'grauius
840 1320 1075 1379 saeuire
1118 1327 1476 1398 coeperunt,
1509 1322 1572 1380 in
1605 1327 1874 1380 senatum
1907 1324 2268 1402 praecipue,

319 1408 419 1485 qui
450 1405 565 1466 sibi
595 1403 965 1483 triumphare
996 1404 1071 1465 de
1102 1403 1388 1465 militibus
1417 1404 1752 1466 uidebatur.

250 1501 284 1547 4
446 1490 522 1550 Et
552 1488 835 1550 Balbinus
868 1489 1108 1566 quidem
1150 1507 1285 1549 cum
1316 1489 1568 1550 Maximo
1612 1489 1824 1551 urbem
1869 1509 2005 1551 cum
2035 1510 2270 1570 magna

318 1573 727 1636 moderatione
768 1573 1064 1651 gaudente
1109 1581 1322 1636 senatu
1354 1582 1412 1635 et
1441 1593 1499 1654 p.
1535 1575 1601 1635 R.
1647 1575 1962 1654 regebant;
2016 1580 2266 1639 senatui
2296 1594 2360 1635 15

294 1659 643 1737 'plurimum
676 1658 1086 1727 defer-ebatum
1137 1657 1302 1737 leges
1342 1662 1596 1739 optimas
1628 1660 1998 1731 condebant,
2045 1663 2268 1723 mode*-

316 1752 447 1805 rate
479 1761 687 1805 causas
718 1742 1065 1813 audiebant,
1108 1760 1209 1805 res
1238 1742 1482 1805 bellicas
1522 1744 1926 1825 pulcherrime
1967 1746 2264 1826 dispone·-

248 1842 280 1891 5
317 1829 475 1891 bant.
540 1836 600 1889 et
630 1847 766 1890 cum
794 1830 913 1890 iam
941 1835 1221 1908 paratum
1250 1837 1429 1900 esset,
1464 1839 1530 1892 ut
1560 1838 1766 1892 contra
1798 1830 2051 1893 Parthos
2065 1833 2262 1893 Maxi-

315 1934 447 1975 mus
487 1914 1020 1995 ·proficisceretur‚
1074 1914 1361 1977 Balbinus
1421 1924 1630 1977 contra
1673 1916 2031 1987 GermanoS,
2095 1936 2264 1997 puer

316 2008 511 2061 autem
546 2000 879 2061 Gordianus
910 1999 1135 2061 Romae
1167 2008 1536 2071 remaneret,
1601 2001 1822 2062 milites
1865 2004 2258 2065 occasionem
2287 2020 2351 2061 so

314 2092 672 2167 quaerentes
704 2084 1165 2147 occidendorum
1196 2088 1554 2165 principum,
1601 2105 1736 2147 cum
1779 2087 1975 2165 primo
2020 2090 2125 2148 uix
2155 2090 2260 2150 in-

313 2173 523 2232 uenire
552 2178 826 2251 possent,
881 2172 1019 2250 quia
1051 2170 1332 2231 Germani
1381 2171 1678 2250 stipabant
1707 2172 2028 2233 Maximum
2071 2182 2260 2254 atque

212 2255 294 2319 14
312 2256 659 2327 Balbinum,
706 2256 923 2317 cotidie
964 2254 1478 2333 ingrauescebant.
1551 2264 1609 2317 et
1651 2264 1822 2317 erant
1851 2258 2091 2336 quidem
2127 2259 2256 2320 dis-

312 2341 549 2402 cordiae
590 2343 746 2403 inte'r
777 2339 1089 2401 Balbinum
1124 2348 1182 2401 et
1210 2340 1561 2411 Maximum,
1608 2342 1713 2403 sed
1757 2344 1966 2404 tacitae
2001 2350 2061 2403 et
2093 2361 2260 2421 quae

312 2423 804 2502 intellegerentur
846 2427 1045 2504 potius
1100 2443 1275 2505 quam
1335 2427 1714 2499 uiderentur,
1776 2445 1914 2488 cum
1958 2427 2256 2491 Balbinus
2281 2446 2348 2487 25

313 2510 634 2571 Maximum
665 2510 835 2590 quasi
872 2508 1197 2587 ignobilem
1242 2518 1674 2583 contemneret,
1720 2512 2010 2574 Maximus
2041 2513 2252 2575 Balbi-

239 2607 271 2654 2
308 2613 453 2655 num
513 2596 683 2672 quasi
726 2592 998 2654 debilem
1058 2592 1332 2655 calcaret.
1413 2615 1527 2676 qua
1571 2616 1637 2658 re
1680 2600 1912 2659 occasio
1954 2598 2257 2663 militibus

310 2680 443 2742 data
505 2686 593 2740 est
649 2677 1163 2757 intellegentibus,
1239 2680 1412 2742 facile
1471 2682 1782 2745 discordes
1841 2686 2254 2763 imperatores

307 2784 485 2845 posse
537 2764 811 2827 interfici.
889 2762 1045 2826 ludis
1098 2765 1355 2845 denique
1407 2770 1726 2838 scaenicis,
1777 2787 1915 2829 cum
1966 2770 2141 2831 multi
2189 2778 2251 2832 et

307 2851 525 2912 milites
568 2861 627 2911 et
656 2848 830 2911 aulici
879 2853 1148 2929 occupati
1190 2859 1420 2923 essent,
1485 2859 1545 2913 et
1581 2855 1645 2913 in
1677 2852 1902 2915 Palatio
1945 2853 2059 2915 soli
2104 2874 2246 2917 cum
2277 2870 2342 2913 ao

309 2936 621 2998 Germanis
673 2936 976 3014 principes
1026 2938 1487 3009 remansissent,
1547 2939 1816 3018 inpetum
1847 2940 1908 3000 in
1943 2958 2048 3002 eos
2077 2942 2248 3001 fece-

239 3034 285 3089 3.
307 3028 463 3081 runt.
543 3020 922 3082 turbantibus
953 3022 1131 3099 igitur
1162 3020 1470 3092 militibus,
1519 3042 1654 3083 cum
1684 3026 1944 3103 primum
1983 3028 2246 3088 'nuntia-

303 3112 429 3167 tum
491 3113 649 3168 esset
688 3106 975 3176 Maximo,
1036 3106 1272 3169 turbam
1328 3106 1492 3169 illam
1545 3115 2080 3189 tempestatemque
2137 3113 2248 3173 uix

308 3190 478 3252 euadi
509 3208 715 3269 posse,
750 3194 865 3253 nisi
895 3192 966 3253 ad
999 3192 1330 3254 Germanos
1359 3195 1718 3264 mitteretur,
1753 3202 1812 3255 et
1841 3196 1997 3255 forte
2026 3196 2091 3255 in
2125 3196 2248 3258 alia

438 3346 470 3395 3
493 3341 645 3393 firma.
669 3342 798 3394 BP¹
936 3346 967 3395 5
991 3346 1101 3396 iam
1124 3346 1175 3395 B
1199 3346 1419 3397 obuiam
1441 3344 1518 3397 1²³
1542 3347 1594 3395 in
1618 3362 1724 3399 ras.
1739 3348 1816 3397 M
1957 3348 1988 3395 6
2015 3348 2248 3412 publice

301 3411 405 3461 BP
540 3414 605 3463 10
628 3412 839 3463 factum
864 3429 985 3465 esse
1012 3415 1079 3464 M
1210 3416 1273 3464 12
1297 3415 1480 3465 seueri
1501 3413 1604 3468 BP
1740 3418 1804 3466 15
1826 3414 2252 3468 moderationes

301 3480 427 3529 BP¹
456 3480 531 3543 (ut
554 3480 681 3546 uid.)
823 3486 1021 3533 senatu
1045 3481 1116 3531 B¹
1267 3484 1330 3533 18
1353 3483 1680 3535 maximinus
1703 3483 1776 3532 B¹
1935 3484 1999 3533 22
2015 3488 2248 3550 autque

300 3547 380 3597 B¹
522 3551 585 3600 31
609 3550 805 3616 inpetu
828 3550 931 3600 BP
1064 3550 1316 3601 facerent
1339 3550 1504 3601 BPM
