2517 3884
959 193 1349 252 PRAEFATIO.
1952 195 2132 252 XXVII

313 330 392 386 Ex
433 330 660 386 relicuis
704 329 1000 392 codicibuS,
1047 346 1282 403 quorum
1324 330 1390 386 ab
1438 330 1557 386 aliis
1600 331 1807 387 mentio
1852 331 1994 387 facta
2025 339 2131 394 est,

185 417 374 472 codex
406 414 624 487 Reyius
652 431 737 470 nr.
771 417 873 468 580
902 413 1366 476 membranaceus,
1412 432 1521 471 sec.
1553 415 1641 470 XV
1683 413 1861 488 (catal.
1892 432 2009 488 reg.
2040 415 2130 471 1111

186 519 240 575 p.
275 498 418 570 159),
465 515 626 573 quem
659 497 1010 555 Casaubonus
1055 512 1220 572 saepe
1262 506 1483 556 secutus
1516 507 1618 561 est,
1662 493 1941 556 codicibus
1972 500 2133 556 fami-

185 585 292 641 liae
323 583 388 638 Σ
423 591 510 640 est
552 583 1001 646 adnumerandus,
1050 599 1150 640 nec
1179 600 1304 640 non
1347 585 1455 640 duo
1501 584 1715 640 codices
1762 601 1902 658 quos
1932 577 2129 656 F‘ea17)

185 667 401 742 inspexi
409 666 926 730 t,‘'bibliothecarum
939 666 1304 724 Romanarum
1318 667 1629 740 Ckiqianae
1654 669 1711 725 et
1721 670 2129 742 Anqelicanae‚

185 769 424 827 quorum
469 754 720 810 notitiam
762 752 932 808 debeo
974 753 1345 827 Marquardtio
1378 753 1644 816 Gothano,
1687 754 1809 810 uiro
1842 753 2132 811 humanis·

185 839 344 894 simo.
391 839 493 893 hos
535 845 597 893 ut
628 840 747 912 ipse
774 837 974 894 Romae
1003 838 1264 900 uiderem,
1299 839 1505 894 frustra
1535 851 1759 912 operam
1789 831 2129 912 consumpsi,

185 939 316 980 cum
343 921 709 979 bibliothecae
740 921 1033 996 Chigianae
1072 922 1370 979 identidem
1400 921 1533 979 mihi
1564 925 1776 996 petenti
1808 923 1986 980 aditus
2018 940 2131 979 non

186 1007 564 1081 praeberetur,
607 1007 775 1064 codex
803 1007 1167 1079 Angelicanus
1210 1008 1267 1062 in
1311 1007 1561 1080 catalogo
1596 1009 1713 1063 eius
1745 1006 2129 1070 bibliothecae,

191 1093 292 1167 qui
322 1108 512 1148 omnes
540 1090 716 1148 libros
747 1091 1038 1165 diligenter
1061 1099 1408 1149 enumeratos
1439 1093 1701 1155 continet,
1732 1109 1844 1148 non
1868 1100 2129 1155 exstaret,

185 1185 251 1233 ut
283 1177 518 1250 periisse
549 1177 817 1234 uideatur.
891 1193 1013 1233 cum
1052 1184 1236 1232 tamen
1278 1180 1332 1232 in
1375 1183 1613 1250 utroque
1642 1175 1805 1232 Hadr.
1836 1180 1869 1230 5
1912 1177 2135 1238 ,Bactri-

186 1264 297 1319 ani’
339 1278 441 1335 pro
483 1277 549 1317 eo
591 1261 739 1334 quod
778 1261 1012 1318 familiae
1051 1258 1124 1314 Π
1157 1269 1213 1318 et
1249 1260 1322 1316 Ψ
1359 1260 1612 1316 exhibent
1657 1261 1941 1342 ‚Brittani',
1986 1279 2031 1317 c.
2066 1263 2133 1314 19

186 1347 487 1410 ,lauacrum
521 1347 829 1421 -agrippine'
872 1363 973 1420 pro
1019 1345 1314 1408 ,lauacrum
1358 1346 1633 1420 agrippae’
1682 1359 1741 1400 se
1780 1344 1983 1418 legisse
2025 1344 2134 1402 Fea

185 1432 517 1492 euomuerit,
559 1447 656 1486 eos
697 1432 752 1487 in
794 1447 1026 1487 numero
1059 1431 1307 1487 codicum
1338 1429 1575 1487 familiae
1606 1429 1669 1483 Σ
1692 1445 1813 1486 esse
1842 1428 2131 1504 ponendos

187 1517 328 1572 satis
361 1522 593 1572 constat.

319 1602 607 1657 Praeterea
637 1600 988 1656 Casaubonus
1029 1617 1165 1656 usus
1207 1607 1295 1656 est
1334 1599 1477 1655 lib-ro
1522 1598 1757 1673 quodam
1787 1599 2131 1672 Augustano,

184 1702 362 1760 porro
393 1684 671 1742 codicibus
701 1684 897 1758 Angeli
925 1684 1196 1746 Politiani,
1228 1685 1478 1740 Vincenti
1508 1683 1719 1746 Pinelli,
1762 1683 1962 1746 Cuiaci,
1996 1683 2133 1740 Tur·

183 1770 350 1834 nebi;
395 1787 424 1825 e
467 1768 666 1843 quihus
709 1776 888 1826 tamen
919 1787 1042 1825 cum
1083 1785 1386 1843 perpaucas
1428 1768 1684 1826 adtulerit
1728 1771 2043 1842 scripturas,
2076 1768 2132 1823 id

183 1871 362 1911 unum
393 1853 672 1910 adfirmare
703 1854 849 1918 licet,
893 1871 988 1911 eos
1020 1870 1131 1909 non
1162 1856 1237 1909 ita
1270 1853 1569 1910 abhorrere
1602 1871 1630 1909 a
1662 1851 1832 1925 Regio
1864 1868 2042 1926 neque
2073 1854 2131 1907 in

183 1942 531 2014 optimorum
558 1937 827 1995 librorum
857 1951 1087 1995 numero
1120 1955 1241 1994 esse
1272 1938 1569 1994 habendos,
2142 2000 2152 2007 ,

319 2022 564 2097 Denique
593 2039 658 2079 ex
689 2025 768 2079 eis
800 2023 972 2086 libris,
1021 2039 1254 2096 quorum
1292 2023 1349 2078 in
1378 2022 1835 2079 bibliothecarum
1866 2020 2133 2094 catalogis
2201 2071 2211 2074 -

183 2108 529 2166 mentionem
559 2123 680 2163 esse
710 2107 910 2164 factam
942 2109 1253 2164 inueneram
1300 2122 1551 2181 quosque
1582 2107 1637 2161 in
1668 2106 1795 2162 hist.
1827 2106 1948 2172 crit.
1980 2123 2034 2179 p.
2064 2109 2133 2159 25

183 2193 462 2250 collectos
493 2189 809 2252 adtuleram‚
839 2199 902 2247 ut
930 2192 1096 2248 hosce
1128 2195 1246 2266 ipse
1277 2191 1535 2253 uiderem,
1568 2191 1808 2246 nondum
1838 2189 1971 2246 mihi
2003 2206 2134 2246 con·

189 2279 352 2350 tigit:
397 2275 642 2333 codicem
661 2275 886 2348 Regium
915 2291 997 2331 nr.
1023 2279 1158 2331 5816
1188 2273 1484 2333 membran.
1518 2292 1659 2332 anno
1692 2277 1826 2328 1356
1856 2282 2134 2332 exaratum

187 2370 250 2419 et
291 2360 411 2418 cod.
463 2359 702 2416 eiusdem
745 2359 1106 2418 bibliothecae
1145 2379 1228 2416 nr.
1272 2363 1409 2415 5817
1451 2359 1680 2416 membr.
1734 2375 1842 2416 sec.
1886 2359 1991 2420 XV,
2034 2359 2135 2432 qui

189 2613 260 2662 32
310 2610 624 2676 „incipiunt
669 2610 832 2660 flores
882 2625 950 2660 ex
995 2611 1116 2660 uita
1163 2609 1292 2660 ellis
1324 2608 1749 2675 imperatoribus
1790 2607 2017 2659 collecti
2064 2623 2135 2658 ex

193 2679 396 2728 istoria
441 2677 536 2742 elij
590 2679 870 2743 spartiani
916 2678 1160 2728 auctoris
1208 2678 1392 2742 operis
1439 2676 1851 2741 istoriographi.
1945 2677 2135 2726 Verba

198 2743 295 2807 elij
321 2745 470 2794 onr
517 2747 662 2796 enim
707 2745 999 2810 dignitatis
1034 2761 1233 2796 nomen
1259 2751 1346 2796 est
1380 2760 1491 2795 non
1538 2743 1859 2808 uoluptati&
1910 2743 2133 2792 faustus

194 2810 509 2877 quintillus.
578 2813 702 2863 Non
734 2813 902 2863 debet
935 2812 1208 2879 imperare
1243 2814 1292 2862 is
1330 2814 1425 2878 qui
1460 2813 1627 2862 armis
1664 2811 1987 2862 aduersario
2023 2825 2135 2859 non

191 2883 384 2945 potest
406 2880 688 2930 resistere.
712 2881 886 2931 uerba
911 2879 1212 2934 auctoriS.'’
1233 2881 1403 2946 Expl.
1427 2896 1478 2970 p.
1506 2881 1599 2930 36:
1628 2879 1767 2943 „sed
1792 2879 1902 2929 sibi
1926 2877 2137 2927 habeat

194 2951 348 2997 artes
365 2962 495 2998 suas
515 2947 782 2997 timiditas
803 2948 1074 2998 calcanda
1092 2946 1433 2998 uirtutibus.’
1482 2947 1749 2997 Iordanus
1770 2945 1866 3009 (cf.
1892 2945 2132 3010 praefat.

194 3032 248 3080 p.
274 3015 347 3078 X)
383 3018 610 3081 praeter
632 3015 950 3065 Palatinum
973 3017 1252 3082 integrum
1276 3021 1333 3068 et
1368 3020 1629 3080 excerpta
1651 3015 1821 3064 hosce
1846 3014 2018 3064 libros
2054 3012 2137 3063 bi·

193 3082 508 3134 bliothecae
532 3083 843 3134 Vaticanae
884 3085 1158 3149 inspexit:
1205 3084 1388 3136 Vatic.
1432 3099 1485 3132 n.
1525 3083 1673 3133 1899.
1713 3083 1862 3135 1901.
1937 3080 2132 3132 Ottob.

199 3151 346 3201 1304.
379 3151 509 3202 Vat.
537 3152 690 3202 5114.
735 3153 920 3206 Vatic.
947 3151 1122 3216 3311(:
1151 3153 1438 3215 „continet
1460 3150 1863 3200 Diadumenum
1889 3148 2137 3214 Opilium

194 3217 503 3268 Macrinum
526 3219 905 3270 Alexandrum
935 3221 1085 3270 uitas
1109 3235 1275 3272 manu
1297 3217 1593 3283 Pomponii
1615 3216 1781 3266 Laeti
1814 3215 2131 3281 scriptas”).

197 3300 421 3350 quorum
458 3287 553 3352 qui
575 3287 770 3338 ultimo
796 3287 922 3338 loco
949 3288 1020 3337 ab
1045 3288 1283 3351 Iordane
1310 3289 1397 3338 est
1420 3286 1653 3352 positus,
1688 3299 1775 3334 me
1800 3285 1965 3349 fugit,
1996 3298 2135 3348 quos

197 3368 298 3419 ego
322 3359 544 3420 praeter
565 3354 696 3406 illos
720 3355 780 3404 in
803 3355 1153 3406 bibliotheca
1170 3356 1451 3407 Vaticana
1476 3369 1574 3404 sex
1592 3352 1799 3412 inueni,
1820 3351 2135 3402 Iordanum.

331 3421 418 3484 17)
445 3422 517 3472 cf.
545 3421 886 3482 ‚Effemeridi
908 3423 1225 3474 Letterarie
1262 3423 1415 3475 Rom.
1453 3423 1581 3472 1821
1620 3419 1855 3470 Ottobre
1882 3419 2019 3468 fasc.
2048 3410 2131 3467 13‘

197 3491 255 3537 et
279 3487 496 3551 ,Difesa
518 3489 576 3538 di
597 3490 722 3541 Elio
751 3491 1048 3556 Spartiano
1072 3506 1170 3556 per
1193 3490 1249 3540 la
1274 3491 1392 3541 vita
1418 3489 1474 3538 di
1498 3487 1676 3538 Lucio
1700 3486 1825 3548 Elio
1851 3487 2001 3538 Vero
2027 3483 2132 3532 Ce-

197 3559 336 3606 sare’
349 3557 408 3605 in
422 3557 1274 3620 ‚Attidell'accademiaRomana.
1286 3555 1709 3620 d'Archeologia
1718 3553 2137 3618 111p.103-11⁷’.
