2517 3884
316 179 442 244 212
1020 185 1172 242 AELI
1213 184 1546 243 LAMPRIDII

252 365 282 412 6
319 373 452 416 mus
485 362 544 424 et
571 355 662 415 rei
694 353 970 433 publicae
1001 354 1397 418 necessarius,
1460 353 1623 414 misit
1655 360 1712 413 et
1744 353 1815 413 ad
1848 353 2066 415 milites
2096 354 2261 415 litte·

318 460 418 502 ras
449 440 666 518 quibus
695 441 888 508 iussit,
921 445 986 498 ut
1017 437 1409 515 abrogaretur
1450 455 1671 500 nomen
1704 437 1972 501 Caesaris
2002 439 2258 501 Alexan-

253 537 282 584 7
319 527 446 587 dro.
525 527 687 588 misit
731 526 832 602 qui
881 529 942 584 et
981 525 1044 584 in
1087 524 1299 584 castris
1345 529 1676 584 statuarum
1722 525 1853 584 eius
1882 524 2087 585 titulos
2128 523 2259 586 luto
2329 559 2333 563 -

249 622 281 670 8
317 619 578 690 tegeret,
623 618 689 671 ut
729 611 859 670 fieri
899 607 1049 670 solet
1079 607 1154 667 de
1189 609 1477 686 tyrannis
1540 610 1705 668 misit
1734 615 1795 669 et
1825 609 1896 669 ad
1926 611 2259 673 nutritores

320 699 468 767 eiuS,
503 694 718 775 quibus
748 690 1066 774 imperauit
1097 692 1208 754 sub
1238 694 1645 772 praemiorum
1692 712 1797 774 spe
1838 704 2016 775 atque
2060 695 2249 756 hono·
2312 711 2339 752 5

321 801 477 852 rum,
511 788 578 842 ut
609 799 754 840 eum·
778 779 1122 840 occiderent
1154 794 1273 855 quo
1306 777 1531 843 uellent
1561 779 1770 850 modo,
1804 779 1901 840 uel
1933 783 1995 841 in
2026 779 2259 842 balneis

227 861 308 924 14
327 867 423 928 uel
453 884 690 928 ueneno
721 863 820 926 uel
849 865 1034 925 ferro.
1099 863 1216 924 Sed
1247 862 1393 923 nihil
1428 871 1613 941 agunt
1652 865 1895 944 inprobi
1926 873 2131 928 contra
2162 868 2255 926 in-

273 1013 277 1018 <
319 957 626 1012 nocentes.
689 967 829 1012 nam
859 948 1019 1010 nulla
1052 950 1114 1008 ui
1147 949 1278 1025 quis
1310 947 1524 1008 adduci
1556 951 1773 1026 potuit,
1808 956 1875 1010 ut
1907 957 2137 1012 tantum
2169 952 2257 1013 sa·

314 1039 490 1098 cinus
529 1033 822 1115 inpleret,
877 1053 1014 1096 cum
1060 1035 1123 1093 in
1165 1035 1363 1112 ipsum
1404 1034 1592 1110 magis
1639 1053 1933 1096 conuersa
1976 1037 2095 1096 sint
2140 1035 2259 1097 tela

319 1140 471 1200 quae
502 1121 752 1201 parabat
781 1120 932 1195 aliis,
947 1119 1021 1181 ab
1051 1120 1222 1196 isque
1253 1121 1333 1179 sit
1357 1119 1711 1180 interfectus
1737 1120 1953 1197 quibus
1976 1120 2122 1182 alios
2154 1121 2255 1182 ad·
2286 1137 2339 1174 10

318 1205 576 1288 petebat.

249 1303 280 1350 2
446 1292 567 1352 Sed
593 1290 697 1352 ubi
726 1291 990 1369 primum
1030 1288 1204 1349 lutati
1245 1296 1383 1350 sunt
1424 1287 1578 1348 tituli
1622 1296 1984 1360 statuarum,
2032 1290 2258 1352 milites

319 1395 530 1438 omnes
561 1381 935 1453 exarserunt,
971 1379 1030 1434 et
1061 1392 1201 1452 pars
1231 1375 1294 1435 in
1324 1373 1635 1443 Palatium,
1667 1393 1809 1454 pars
1839 1377 1901 1439 in
1931 1374 2159 1446 hortOS‚
2182 1377 2257 1436 *in

319 1461 540 1540 quibus
568 1468 698 1521 >erat
730 1461 969 1528 VariUS,
1003 1460 1092 1518 ire
1123 1459 1407 1528 tendunt,
1454 1467 1521 1520 ut
1548 1458 1946 1522 Alexandrum
1986 1461 2254 1522 uindica-

317 1553 454 1607 rent
483 1545 910 1621 hominemque
939 1544 1225 1620 inpurum
1259 1543 1639 1622 eundemque
1668 1545 2043 1623 parricidalis
2074 1547 2260 1606 animi
2288 1559 2339 1601 15

253 1644 284 1692 3
319 1630 560 1692 tandem
591 1648 622 1689 a
652 1647 720 1688 re
751 1627 990 1707 publica
1021 1624 1409 1704 depellerent.
1476 1634 1534 1686 et
1565 1646 1700 1687 cum
1732 1633 1792 1688 in
1823 1627 2116 1691 Palatium
2149 1649 2257 1691 ue-

319 1718 580 1784 nissent,
625 1712 1024 1774 Alexandrum
1081 1729 1216 1770 cum
1259 1719 1451 1770 matre
1494 1718 1670 1788 atque
1714 1715 1847 1774 auia
1890 1714 2259 1775 custoditum

252 1812 285 1858 4
321 1799 787 1877 diligentissime
819 1802 1026 1875 postea
1067 1797 1130 1855 in
1171 1802 1365 1855 castra
1408 1795 1727 1858 duxerunt.
1807 1805 2010 1860 secuta
2056 1806 2257 1860 autem
2353 1791 2359 1796 ’

318 1890 448 1945 erat
475 1880 610 1944 illos
641 1882 995 1963 Symiamira
1027 1887 1218 1940 mater
1263 1879 1632 1958 Heliogabali
1672 1882 1956 1960 pedibus,
2004 1883 2259 1945 sollicita

252 1983 282 2029 5
318 1969 456 2031 filio.
519 1968 658 2029 inde
689 1969 840 2027 itum
873 1973 966 2027 est
992 1967 1056 2027 in
1085 1963 1312 2034 hortoS,
1346 1965 1461 2046 ubi*
1481 1967 1693 2026 Varius
1722 1968 2031 2028 inuenitur
2063 1977 2255 2030 certa·
2285 1987 2337 2024 20

175 2115 180 2119 .
318 2073 457 2115 men
511 2053 824 2131 aurigandi
876 2069 1122 2132 paranS,
1181 2057 1533 2129 exspectans
1585 2059 1785 2112 tamen
1836 2054 2254 2128 intentissime,

254 2151 284 2198 6
323 2138 559 2218 quando
593 2138 785 2199 eidem
819 2137 1201 2198 nuntiaretur
1234 2135 1631 2196 consobrinus
1662 2139 1919 2198 occisus
2015 2141 2116 2215 qui
2156 2158 2254 2199 su—

318 2225 444 2286 bito
477 2223 735 2285 militum
766 2223 1021 2301 strepitu
1053 2222 1377 2281 exterritus
1407 2223 1469 2280 in
1501 2220 1783 2298 angulum
1815 2241 1879 2282 se
1912 2223 2113 2283 condit
2150 2223 2255 2284 ob-

317 2313 597 2385 iectuque
627 2308 749 2369 ueli
781 2304 1168 2375 cubicularis,
1215 2305 1375 2384 quod
1418 2308 1481 2365 in
1524 2307 1771 2367 introitu
1818 2315 1945 2370 erat
1974 2308 2253 2378 cubiculi,

252 2405 282 2453 7
318 2414 382 2454 se
427 2394 594 2454 texit.
669 2393 832 2470 misit
871 2391 1209 2469 praefectos
1251 2389 1401 2450 alios
1444 2390 1517 2450 ad
1551 2392 1997 2471 conpescendos
2038 2392 2257 2454 milites
2284 2409 2335 2448 25

317 2482 379 2539 in
412 2483 624 2546 castra,
659 2475 807 2538 alios
837 2493 988 2537 uero
1030 2474 1105 2534 ad
1149 2491 1252 2534 eos
1282 2473 1601 2552 placandos
1644 2478 1747 2555 qui
1786 2478 1904 2538 iam
1947 2479 2009 2538 in
2050 2478 2257 2549 hortos

251 2575 284 2622 8
324 2558 649 2625 uenissent.
710 2559 1138 2622 Antiochianus
1177 2560 1361 2638 igitur
1407 2577 1439 2618 e
1480 2560 1797 2638 praesectis
1842 2580 1997 2624 unus
2038 2563 2258 2630 milites

320 2651 424 2726 qui
451 2650 515 2707 in
546 2647 754 2707 hortos
789 2650 1082 2706 uenerant
1113 2651 1172 2704 et
1203 2646 1566 2704 sacramenti
1598 2645 2000 2724 admonitione
2043 2667 2255 2709 exora-

319 2737 436 2804 uit,
472 2752 550 2794 ne
579 2731 748 2794 illuni
781 2731 1156 2799 occiderent,
1191 2731 1331 2810 quia
1360 2746 1473 2790 nec
1503 2730 1676 2792 multi
1706 2739 2000 2794 uenerant
2042 2738 2101 2795 et
2128 2732 2255 2812 ple-

319 2822 672 2899 rique‘cum
703 2815 957 2885 uexillo,
1007 2813 1168 2892 quod
1209 2815 1662 2878 Aristomachus
1703 2817 1982 2880 tribunus
2024 2820 2254 2880 retinu-
2284 2834 2336 2874 30

223 2900 302 2966 15
324 2913 468 2974 erat,
501 2909 934 2965 remanserant.
971 2900 1118 2961 haec
1147 2901 1210 2960 in
1242 2899 1451 2972 hortis,
1515 2902 1576 2961 in
1611 2905 1823 2964 castris
1852 2923 2003 2964 uero
2035 2903 2257 2964 milites

420 3109 454 3158 4
475 3106 689 3172 leg-eret
714 3103 793 3155 B¹
933 3107 964 3155 5
995 3104 1190 3155 horum
1211 3101 1341 3152 BP1
1478 3106 1511 3155 8
1545 3108 1761 3156 tantam
1783 3104 1866 3154 B¹
2014 3108 2045 3156 9
2076 3105 2135 3155 in
2160 3121 2257 3159 om.

319 3174 400 3226 B1
539 3177 604 3225 10
627 3174 824 3239 hisque
850 3173 1018 3223 BPM
1151 3172 1225 3222 sit
1250 3189 1343 3225 om.
1370 3172 1473 3222 BP
1618 3175 1685 3224 14
1708 3173 1906 3238 quibus
1928 3173 2009 3223 B¹
2045 3173 2103 3222 in
2138 3174 2258 3239 qui·

318 3246 423 3295 bus
448 3240 532 3292 B2
677 3245 744 3291 14
765 3238 848 3306 ut]
877 3246 938 3292 at
960 3240 1012 3290 B
1157 3241 1473 3290 uindicaret
1490 3239 1621 3290 BP1
1782 3245 1845 3294 19
1869 3246 2043 3292 matre
2067 3241 2119 3291 B

318 3315 382 3362 21
411 3309 722 3375 augurandi
745 3309 848 3359 BP
981 3311 1047 3359 24
1073 3308 1345 3359 cubiculis
1370 3313 1425 3358 et
1452 3310 1639 3374 exegit
1661 3307 1741 3358 B¹
1854 3313 1921 3361 25
1945 3310 2147 3375 texigil:
2167 3309 2256 3360 ·B2

319 3397 387 3431 an
411 3379 558 3441 tegit
582 3381 676 3428 et?
769 3377 1076 3443 praefectis
1099 3376 1202 3426 BP
1223 3392 1291 3426 ex
1314 3375 1617 3440 praefectis
1642 3378 1710 3428 M
1727 3379 2045 3443 praefectos
2066 3379 2261 3444 scripsi

422 3447 533 3497 alio
557 3446 660 3497 BP
681 3445 802 3510 (bis)
949 3448 1014 3497 27
1049 3445 1479 3497 anthiochianus
1504 3445 1639 3498 BP*¹
1740 3449 1805 3499 30
1830 3445 1993 3497 exillo
2017 3446 2121 3496 BP

319 3516 684 3569 aristomaeus
708 3515 812 3566 BP
