2517 3884
409 198 498 263 92
1013 200 1353 261 TREBELLn
1394 197 1739 258 POLLIONlS

429 370 664 450 direpta
691 387 906 449 magna
936 377 1106 450 parte
1137 370 1288 438 auri,
1323 368 1554 447 argenti
1597 365 1775 427 etiam
1816 365 2046 425 infinito
2088 362 2367 443 pondere

358 471 391 519 2
428 456 644 518 Persas
673 457 840 535 petit.
917 462 1094 534 atque
1152 454 1293 514 inde
1324 454 1537 533 Sapori
1594 454 1725 529 regi
1783 451 2141 511 coniunctus
2182 454 2365 527 atque

430 542 722 609 sociatus,
785 559 921 601 cum
963 538 1233 599 hortator
1277 536 1418 599 belli
1462 538 1747 599 Romanis
1787 533 2085 596 inferendi
2126 533 2364 602 fuisset,

431 624 816 686 Odomastem
860 625 1154 704 primum,
1200 623 1417 684 deinde
1450 622 1759 702 Saporem‘
1782 621 1852 682 ad
1884 619 2221 680 Romanum
2266 636 2366 678 so-

425 710 553 771 lum
584 710 797 777 traxit;
847 708 1154 771 Antiochia
1199 710 1377 769 etiam
1420 715 1590 787 capta
1634 715 1693 768 et
1725 706 2011 768 Caesarea
2044 704 2367 765 Caesarea·
2419 713 2447 755 ⁵

357 811 390 859 3
429 814 576 857 uum
607 812 828 855 nomen
858 795 1096 855 meruit.
1175 801 1355 871 atque
1388 793 1529 853 inde
1564 799 1815 853 uocatus
1845 792 2177 869 Augustus,
2225 806 2369 848 cum

428 897 670 943 omnem
705 881 999 941 orientem
1042 877 1141 939 uel
1171 880 1396 939 uirium
1438 877 1535 939 uel
1579 876 1860 937 audaciae
1888 884 2125 936 terrore
2158 880 2370 951 quate-

426 972 540 1034 ret,
575 972 804 1044 patrem
838 982 984 1027 uero
1015 965 1450 1033 interemisset,
1500 962 1679 1043 (quod
1714 962 1812 1023 alii
1841 959 2115 1021 historici
2144 966 2373 1037 negant

427 1048 671 1129 factum)
703 1051 834 1130 ipse
864 1067 976 1129 per
1004 1049 1249 1110 insidias
1282 1066 1548 1116 suorum,
1583 1065 1717 1107 cum
1753 1044 2103 1107 Valerianus
2140 1044 2264 1105 iam
2295 1042 2373 1103 ad

357 1149 394 1198 4
428 1134 652 1195 bellum
686 1135 992 1197 Persicum
1050 1136 1318 1204 ueniret,
1382 1134 1620 1194 occisus
1681 1138 1789 1192 est.
1866 1148 2063 1210 neque
2104 1128 2245 1209 plus
2294 1128 2373 1187 de
2400 1142 2449 1180 10

427 1218 544 1283 hoc
573 1218 861 1282 historiae
892 1221 1207 1299 quicquam
1249 1217 1595 1279 mandatum
1617 1225 1729 1278 est
1770 1214 1925 1293 quod
1960 1214 2209 1293 dignum
2240 1232 2370 1274 me·-

425 1312 663 1366 moratu
695 1323 828 1367 esse
871 1303 1166 1373 uideatur,
1211 1320 1391 1381 quem
1424 1301 1646 1363 clarum
1686 1302 2028 1382 perfugium
2071 1305 2130 1359 et
2170 1300 2371 1379 parri-

425 1391 647 1452 cidium
681 1396 742 1451 et
771 1408 983 1469 aspera
1009 1391 1293 1469 ‘tyrannis
1340 1397 1398 1449 et
1438 1406 1669 1449 summa
1712 1386 1980 1448 luxuries
2009 1384 2232 1446 litteris
2266 1384 2371 1444 de-

429 1474 668 1536 derunt.

1161 1638 1635 1705 POSTVMVS
2398 1652 2447 1692 15

357 1815 402 1880 3
559 1810 670 1873 Hic
705 1812 799 1871 uir
829 1813 890 1871 in
921 1809 1080 1872 hello
1111 1812 1507 1882 fortissimuS,
1552 1813 1613 1871 in
1657 1828 1802 1891 pace
1836 1810 2370 1876 constantissimus,

431 1898 494 1959 in
527 1898 692 1975 omni
722 1898 843 1957 uita
866 1898 1086 1975 grauiS,
1119 1914 1311 1974 usque
1344 1896 1491 1957 adeo
1522 1903 1588 1957 ut
1602 1895 1947 1958 Saloninum
1979 1894 2165 1954 filium
2195 1911 2372 1953 suum

437 1982 634 2044 eidem
667 1980 976 2043 Gallienus
1006 1984 1067 2042 in
1100 1981 1285 2044 Gallia
1318 1983 1573 2061 positum
1610 1980 1901 2049 crederet,
1933 1980 2101 2059 quasi
2134 1978 2373 2040 custodi

363 2084 398 2133 2
439 2070 593 2130 uitae
618 2075 691 2127 et
731 2085 967 2128 morum
1012 2074 1070 2129 et
1113 2074 1350 2128 actuum
1392 2066 1789 2147 imperialium
1820 2065 2164 2126 institutori.
2244 2064 2368 2133 sed,

431 2160 721 2233 quantum
752 2152 1026 2231 plerique
1057 2152 1363 2221 adserunt,
1399 2152 1579 2233 (quod
1613 2152 1740 2212 eius
1769 2168 1891 2211 non
1920 2151 2208 2211 conuenit
2236 2168 2366 2210 mo·
2398 2166 2443 2205 ρο

269 2278 279 2281 -
430 2235 622 2315 ribus)
656 2244 862 2316 postea
906 2237 1084 2298 fidem
1115 2238 1295 2315 fregit
1326 2243 1387 2297 et
1416 2238 1612 2297 occiso
1644 2235 1929 2298 Salonino
1972 2236 2229 2314 sumpsit
2257 2236 2370 2295 im-

281 2380 285 2383 ,
361 2338 398 2388 3
431 2323 686 2402 perium.
757 2328 823 2381 ut
853 2329 1051 2383 autem
1085 2324 1291 2382 uerius
1321 2321 1593 2401 plerique
1623 2320 2016 2389 tradiderunt,
2050 2338 2185 2380 cum
2220 2318 2373 2380 Galli

428 2406 960 2468 uehementissime
993 2405 1321 2467 Gallienum
1368 2406 1663 2475 odissent,
1696 2424 1952 2487 puerum
1983 2413 2181 2467 autem
2214 2400 2370 2485 apud

430 2509 498 2551 se
524 2491 827 2569 imperare
857 2492 1019 2551 ferre
1048 2509 1167 2550 non
1198 2500 1465 2570 possent,
1498 2510 1633 2551 eum
1653 2492 1757 2569 qui
1788 2491 2166 2552 commissum
2197 2506 2369 2567 rege-

427 2574 534 2637 bat
562 2576 881 2653 imperium
905 2578 1333 2653 imperatorem
1351 2576 2056 2655 appellaruntmissisque
2081 2572 2369 2636 militibus
2395 2589 2441 2630 25

359 2677 398 2726 4
433 2659 878 2745 adulescentem
911 2660 1363 2721 interfecerunt.
1402 2678 1520 2738 quo
1549 2660 1867 2723 interfecto
1894 2658 1967 2723 ab
1999 2660 2163 2721 omni
2195 2678 2368 2733 exer-

434 2747 556 2807 citu
585 2752 644 2806 et
669 2744 742 2805 ab
781 2744 1060 2805 omnibus
1093 2744 1277 2806 Gallis
1299 2746 1618 2807 Postumus
1647 2753 1951 2824 gratanter
1974 2750 2255 2827 acceptus
2286 2751 2371 2804 ta-

431 2830 550 2891 lem
585 2849 650 2891 se
679 2830 954 2909 praebuit
983 2848 1094 2909 per
1124 2849 1314 2891 annos
1344 2838 1570 2910 septem
1604 2838 1670 2891 ut
1686 2828 2367 2912 Galliasinstaurauerit,

432 2934 572 2976 cum
587 2914 890 2976 Gallienus
912 2914 1184 2976 luxuriae
1209 2923 1269 2976 et
1298 2917 1533 2995 popinis
1564 2922 1801 2977 uacaret
1832 2922 1891 2975 et
1919 2932 2125 2975 amore
2156 2912 2369 2975 barba-

361 3021 398 3070 5
432 3018 537 3060 rae
571 2999 843 3060 mulieris
875 3008 1349 3061 consenesceret.
1386 3006 1620 3079 gestum
1654 3008 1744 3061 est
1783 3008 1985 3061 tamen
2027 3018 2059 3059 a
2102 2998 2371 3061 Gallieno
2396 3014 2438 3055 30

432 3092 640 3146 contra
664 3084 822 3145 hunc
846 3084 1068 3145 bellum
1095 3094 1236 3147 tunc
1268 3104 1401 3147 cum
1430 3087 1640 3164 sagitta
1652 3083 1953 3147 Gallienus
1976 3092 2066 3145 est
2086 3084 2369 3144 uulnera-

567 3253 598 3300 2
622 3250 754 3301 inde
777 3268 871 3303 om.
895 3253 951 3302 B·
1085 3254 1397 3305 coniunctis
1419 3255 1471 3303 B
1614 3255 1648 3303 4
1674 3252 1984 3305 Odenatum
2007 3252 2069 3303 M
2220 3254 2252 3303 5
2278 3268 2373 3301 an-

429 3318 716 3389 thiociavP
851 3322 883 3369 6
908 3319 1128 3387 meruit]
1158 3322 1379 3387 accepit
1403 3322 1467 3371 M
1612 3324 1642 3371 ¹7
1668 3321 1762 3371 uel
1787 3320 2025 3371 audacia
2049 3318 2155 3371 BP
2199 3320 2370 3371 auda·

430 3386 520 3435 cia
544 3386 637 3435 uel
660 3387 726 3436 M
745 3403 836 3439 em.
863 3388 906 3439 S
1059 3392 1299 3439 ten-oret
1322 3387 1395 3437 Β1
1554 3391 1585 3441 8
1608 3389 2034 3439 inter-emisisset
2059 3387 2141 3437 B¹
2309 3388 2368 3435 11

428 3454 692 3503 memoria.
715 3455 780 3505 M
915 3458 980 3505 13
1003 3455 1254 3506 luxuriae
1282 3456 1386 3505 BP
1532 3460 1595 3507 18
1620 3456 1877 3522 gallienis
1901 3454 1983 3504 B¹
2132 3457 2200 3507 24
2228 3455 2371 3505 ferre

425 3521 700 3586 imperare
724 3522 828 3571 BP
882 3574 883 3577 ,
961 3525 1028 3573 30
1054 3522 1309 3587 dgestum
1331 3523 1411 3572 B¹
