2517 3884
764 171 1067 228 MAX1M1N1
1112 172 1255 228 nvo,
1333 171 1386 227 c.
1417 175 1656 228 28—31.
2100 164 2185 231 25

239 337 553 399 bucculas,
581 337 744 399 Haec
768 346 908 399 sunt
930 356 1081 417 quae
1094 337 1167 398 de
1182 356 1374 417 puero
1400 340 1538 399 sciri
1565 344 1625 398 et
1651 337 1768 399 dici
1791 338 2006 399 decuit.
2044 338 2182 399 reli·
2222 348 2285 396 10

240 442 367 503 qua
403 426 505 500 qui
539 422 705 483 uolet
734 442 915 484 nosse
946 424 1021 484 de
1052 422 1235 485 rebus
1268 424 1538 485 Veneriis
1569 431 1628 484 et
1658 425 1989 492 amatoriiS‚
2051 425 2180 503 qui-

240 507 363 569 bus
398 526 531 568 eum
566 507 800 569 Cordus
844 510 1133 589 aspergit,
1200 508 1456 570 eundem
1487 509 1672 588 legat;
1740 526 1848 569 nos
1881 508 2184 569 enimxhoc

239 593 385 654 loco
414 594 595 653 finem
628 592 771 654 libri
812 594 1126 663 faciemuS,
1161 593 1233 654 ad
1277 593 1418 663 alia,
1481 603 1547 655 ut
1583 594 1824 655 iubetur
1867 593 2034 655 uelut
2070 612 2182 673 pu·-

176 695 209 734 5
240 678 407 739 blico
438 680 591 748 iure,
624 686 1041 758 properantes,

380 763 595 826 Omina
624 782 767 824 sane
799 765 1036 843 imperii
1067 762 1215 823 haec
1246 765 1518 825 fuerunt:
1577 782 1828 843 serpens
1861 763 2179 825 dormienti
2196 758 2280 824 30
2306 756 2396 839 (4)

242 855 429 928 caput
460 849 871 909 circumdedit.
950 851 1143 928 posita
1205 849 1279 910 ab
1340 850 1550 910 eodem
1589 852 1730 910 uitis
1771 852 1926 911 intra
1958 868 2181 910 annum

239 936 527 1012 ingentes
587 951 735 995 uuas
792 952 1127 1013 purpureas
1170 933 1365 995 attulit
1408 942 1466 994 et
1519 936 1706 995 mirae
1759 933 2183 1013 magnitudinis

240 1020 405 1080 facta
438 1026 551 1079 est.
627 1026 861 1079 scutum
894 1021 1024 1079 eius
1056 1018 1165 1079 sub
1211 1018 1338 1079 sole
1381 1020 1543 1080 arsit.
1620 1019 1888 1080 lanceola
1929 1022 2012 1080 sic
2043 1021 2183 1095 fissa
2217 1028 2248 1076 2

152 1122 213 1161 ιο
244 1112 347 1165 est
375 1103 625 1163 fulmine
658 1111 725 1165 ut
756 1111 875 1164 tota
923 1105 1099 1165 etiam
1139 1122 1249 1183 per
1290 1096 1519 1164 serrum
1561 1098 1889 1165 finderetur
1935 1112 1994 1163 et
2037 1104 2182 1165 duas

242 1197 451 1268 partes
482 1188 726 1249 faceret.
802 1190 1039 1266 quando
1081 1189 1362 1261 dixerunt
1391 1189 1767 1269 haruspiceS‚
1813 1189 1964 1249 duos
1993 1190 2183 1268 impe-

240 1281 483 1334 ratores
514 1292 646 1341 ,non
679 1273 991 1335 diuturnos
1035 1293 1105 1334 ex
1137 1293 1253 1335 una
1285 1274 1461 1335 domo
1492 1275 1682 1335 isdem
1717 1274 2060 1335 nominibus
2090 1275 2182 1333 su-

238 1367 439 1420 turoS.
516 1357 701 1419 lorica
732 1362 922 1438 patris
954 1362 1083 1420 eius
1112 1378 1251 1429 non,
1283 1367 1350 1419 ut
1381 1358 1560 1429 solet,
1593 1361 1894 1437 ferrugine
1927 1359 2031 1431 sed
2063 1366 2184 1418 tota
2221 1370 2252 1417 3

240 1462 563 1523 purpureo
596 1444 796 1505 colore
827 1445 1045 1505 infecta
1078 1462 1110 1503 a
1140 1444 1415 1523 plurimis
1465 1447 1594 1505 uisa
1627 1453 1733 1505 est.
1804 1444 1953 1505 Filio
1985 1450 2182 1505 autem
2220 1453 2253 1500 4

156 1546 214 1585 15
248 1529 400 1589 haec
431 1529 701 1589 fuerunt:
754 1548 887 1590 cum
920 1532 1307 1607 grammatico
1340 1530 1608 1600 daretur,
1645 1530 1934 1608 quaedam
1968 1546 2184 1608 parens

248 1632 361 1675 sua
390 1613 580 1675 libros
610 1613 961 1676 Homericos
990 1632 1199 1675 omnes
1230 1633 1570 1694 purpureos
1613 1615 1774 1676 dedit
1803 1616 1998 1675 aureis
2028 1613 2184 1675 litte-

244 1701 337 1760 ris
373 1702 649 1778 scriptoS.
729 1701 863 1778 ipse
893 1698 1177 1778 puerulus
1205 1718 1345 1760 >cum
1377 1700 1450 1761 ad
1481 1719 1723 1761 caenam
1753 1700 1828 1761 ab
1850 1698 2184 1761 Alexandro
2221 1707 2254 1756 5

246 1791 415 1845 esset
443 1791 691 1862 rogatus
727 1786 791 1845 in
821 1786 1009 1864 patris
1050 1784 1373 1854 honorem,
1437 1786 1594 1864 quod
1655 1787 1708 1845 ei
1739 1785 1976 1846 deesset
2005 1786 2186 1845 uestis

244 1871 613 1938 coenatoria,
675 1871 863 1948 ipsius
892 1868 1212 1931 Alexandri
1273 1872 1519 1948 accepit.
1597 1889 1732 1931 cum
1769 1870 1966 1931 infans
2007 1876 2183 1937 esset,
2223 1878 2254 1926 6

158 1970 215 2011 20
244 1954 450 2015 subito
482 1973 593 2033 per
624 1953 927 2033 publicum
960 1956 1239 2015 ueniente
1274 1953 1550 2015 uehiculo
1580 1956 1860 2017 Antonini
1880 1953 2182 2022 Caracalli,

244 2040 411 2119 quod
444 2058 699 2101 uacuum
734 2049 878 2109 erat,
914 2039 1265 2100 conscendit
1293 2048 1353 2099 et
1398 2040 1550 2099 sedit
1592 2046 1649 2099 et
1679 2042 1781 2099 uix
1827 2056 2124 2115 aegreque
2155 2058 2186 2100 a

244 2119 613 2185 mulionibus
673 2126 1028 2185 carrucariis
1088 2123 1440 2185 deturbatus
1497 2131 1604 2184 est.
1683 2142 1794 2183 nec
1848 2123 2182 2191 defuerunt,
2224 2136 2252 2183 7

248 2212 355 2289 qui
414 2209 750 2269 cauendum
808 2212 1097 2270 infantem
1165 2210 1436 2269 dicerent
1495 2208 1812 2269 Caracallo,
1901 2215 2030 2268 tum
2087 2207 2186 2267 ille

244 2294 435 2356 dixit:
486 2294 732 2373 „Longe
766 2303 874 2363 est,
908 2302 975 2355 ut
1003 2293 1151 2354 mihi
1180 2295 1294 2354 iste
1337 2294 1684 2353 succedat.“
1735 2300 1862 2353 erat
1893 2295 2050 2353 enim
2081 2291 2186 2353 illo

164 2396 219 2435 25
250 2388 529 2458 tempore
560 2382 719 2439 inter
748 2379 1045 2457 ignobiles
1078 2385 1137 2439 et
1166 2380 1346 2439 nimis
1377 2396 1620 2457 paruus·
2239 2386 2244 2389 '

378 2465 588 2525 Mortis
620 2466 816 2524 omina
849 2464 993 2525 haec
1024 2467 1299 2524 suerunt:
1334 2465 1600 2524 uenienti
1631 2471 1834 2524 contra
1861 2463 2180 2523 Maximum
2199 2465 2278 2529 31
2309 2458 2387 2541 (5)

244 2557 311 2609 et
340 2549 659 2610 Balbinum
690 2549 1009 2610 Maximino
1064 2568 1201 2610 cum·
1229 2548 1382 2619 filio,
1429 2548 1643 2609 mulier
1675 2548 1965 2625 quaedam
1995 2550 2186 2627 passis

244 2634 515 2696 crinibus
569 2636 830 2695 occurrit
883 2633 1123 2711 lugubri
1170 2634 1377 2694 habitu
1429 2641 1486 2694 et
1527 2634 1912 2695 exclamauit:
1963 2634 2184 2701 „Maxi-

242 2722 412 2788 mini,
448 2720 815 2787 Maximini“‚
850 2737 1044 2799 neque
1087 2721 1403 2799 quicquam
1447 2719 1700 2797 amplius
1743 2718 1890 2778 dixit
1935 2726 1993 2777 et
2023 2736 2182 2778 mor-

162 2822 216 2859 30
244 2813 345 2865 tua
394 2812 502 2865 est.
583 2803 898 2865 uidebatur
944 2806 1100 2864 enim
1133 2805 1344 2865 dicere
1376 2802 1670 2865 uoluisse:
1728 2804 2182 2872 ‚,Succurrite.“

244 2908 429 2950 canes
489 2891 646 2950 circa
707 2890 1032 2950 tentorium
1096 2891 1220 2949 eius
1279 2892 1340 2949 in
1387 2889 1646 2950 secunda
1687 2889 1996 2948 mansione
2027 2885 2183 2947 ultra
2221 2904 2252 2951 2

244 2973 566 3035 duodecim
598 2972 905 3034 ulularunt
948 2980 1007 3034 et
1036 2976 1291 3035 animam
1325 2975 1494 3052 quasi
1523 2972 1724 3034 flendo
1752 2979 2088 3052 posuerunt
2117 2990 2184 3031 ac

244 3062 440 3139 prima
481 3059 615 3119 luce
648 3061 867 3119 mortui
914 3067 1051 3120 sunt
1092 3059 1471 3138 deprehensi.
1549 3058 1673 3138 lupi
1707 3054 1976 3137 [urbem]
2011 3058 2180 3135 quin·
2220 3075 2252 3121 3

242 3146 412 3222 genti
444 3143 621 3205 simul
652 3146 910 3222 ingressi
942 3151 1081 3205 sunt
1120 3147 1181 3203 in
1216 3163 1344 3205 eam
1378 3144 1596 3205 urbem
1639 3146 1701 3204 in
1743 3160 1858 3220 qua
1904 3159 1968 3202 se
2000 3142 2180 3202 Maxi-

321 3346 329 3353 ,
382 3299 408 3346 1
439 3294 613 3344 didici
635 3294 740 3344 BP
896 3298 959 3345 10
985 3295 1332 3345 scinderetur
1357 3296 1422 3346 M
1572 3297 1634 3345 16
1661 3296 1925 3345 omerieos
1948 3294 2052 3343 BP

242 3366 309 3414 23
336 3363 612 3414 carocallo
636 3362 688 3413 B
833 3366 898 3413 24
924 3364 1187 3413 succedat
1212 3365 1320 3413 iste
1346 3365 1405 3413 M
1566 3365 1631 3412 26
1657 3364 1836 3413 omnia
1860 3362 1964 3412 BP
2120 3364 2184 3411 31

240 3432 543 3482 tentorium
567 3430 620 3479 B
756 3434 823 3482 32
845 3432 1134 3481 ulurarunt
1157 3431 1228 3480 Ι.)1
1371 3434 1436 3481 33
1459 3432 1651 3481 urbem
1673 3433 1815 3480 uncis
1836 3431 2016 3480 inclusi
2026 3428 2183 3493 (Eys-

240 3500 409 3564 senh.)
