2517 3884
379 152 468 218 48
1071 157 1224 216 1VL11
1266 156 1630 213 CAPITOLINI

386 328 520 387 stici
549 331 935 402 quaererent,
982 342 1087 384 cur
1128 325 1317 384 tristis
1356 325 1421 383 in
1450 323 1827 402 adoptionem
1858 325 2085 402 regiam
2119 331 2315 386 trans·

385 413 530 480 iret,
578 410 900 489 disputauit
952 426 1102 488 quae
1157 408 1309 469 mala
1363 411 1426 468 in
1472 426 1537 468 se
1588 410 1925 469 contineret
1974 411 2313 488 imperium.

315 506 351 554 5
387 505 529 557 tunc
571 497 830 574 primum
873 512 982 574 pro
1010 495 1204 554 Annio
1233 492 1504 554 Aurelius
1547 495 1740 572 coepit
1784 496 2015 563 uocari,
2063 493 2219 572 quod
2250 497 2313 555 in

384 579 712 648 Aureliam,
756 578 868 639 hoc
923 587 1012 639 est
1053 579 1361 648 Antonini,
1410 578 1743 656 adoptionis
1796 580 1923 640 iure
1978 581 2311 640 transisset.

313 675 350 722 6
387 672 595 726 octauo
619 664 850 724 decimo
877 680 1022 740 ergo
1046 664 1256 723 aetatis
1282 681 1437 723 anno
1464 663 1776 742 adoptatus
1798 665 1861 722 in
1886 664 2148 725 secundo
2172 683 2313 724 con·
2364 677 2390 718 5

387 750 578 812 sulatu
608 749 914 818 Antonini,
957 751 1075 808 iam
1118 749 1308 826 patris
1350 750 1470 817 sui,
1513 747 1811 808 Hadriano
1853 749 2086 809 ferente
2127 751 2317 828 gratia

317 846 348 894 7
386 836 594 896 aetatis
622 835 774 894 facta
807 840 1086 913 quaestor
1117 839 1206 893 est
1237 833 1598 910 designatus,
1644 833 1956 912 adoptatus
1978 835 2041 893 in
2066 833 2317 895 aulicam

386 921 626 980 domum
687 917 962 978 omnibus
1021 916 1367 996 parentibus
1440 919 1562 978 suis
1630 925 1854 978 tantam
1913 921 2317 980 reuerentiam

314 1015 350 1063 8
387 1011 663 1083 quantam
695 1005 968 1082 priuatus
999 1001 1285 1064 exhibuit.
1352 1010 1598 1081 eratque
1641 1001 1783 1063 haut
1824 1020 2001 1064 secus
2042 1006 2134 1064 rei
2175 1022 2317 1064 suae

386 1107 562 1166 quam
601 1090 664 1148 in
706 1090 936 1167 priuata
977 1087 1154 1148 domo
1196 1105 1411 1165 parcus
1452 1106 1519 1148 ac
1562 1087 1845 1166 dilige-nS,
1890 1107 2001 1167 pro
2045 1090 2315 1149 instituto
2344 1103 2395 1142 10
2504 1083 2506 1128 ³

384 1175 572 1254 patris
601 1172 1019 1250 uolens.agere
1050 1172 1248 1232 dicere
1282 1175 1563 1250 cogitare.

310 1260 352 1323 6
505 1257 804 1319 Hadriano
861 1259 1017 1318 Baiis
1075 1256 1388 1336 absumpto
1442 1275 1577 1318 cum
1622 1257 1764 1317 Pius
1817 1256 1891 1318 ad
1935 1256 2317 1320 aduehendas

389 1345 517 1404 eius
547 1342 828 1421 reliquias
860 1350 1018 1402 esset
1059 1343 1397 1421 profectuS‚
1441 1341 1689 1403 relictus
1734 1341 1959 1404 Romae
2007 1361 2119 1403 auo
2163 1344 2318 1404 iusta

387 1427 658 1506 impleuit
699 1435 758 1487 et
797 1426 1216 1504 gladiatorium
1259 1429 1431 1504 quasi
1484 1429 1754 1506 priuatus
1798 1435 2075 1504 quaestor
2132 1427 2316 1488 edidit

319 1520 350 1568 2
388 1521 622 1572 munus,
681 1521 818 1590 post
861 1529 1170 1572 excessum
1202 1510 1487 1573 Hadriani
1518 1513 1713 1572 statim
1744 1512 1884 1572 Pius
1924 1530 2035 1591 per
2064 1529 2315 1574 uxorem
2342 1525 2393 1566 15

235 1602 247 1606 ’
388 1615 554 1658 suam
572 1597 835 1658 Marcum
861 1597 1192 1657 sciscitatus
1223 1603 1315 1656 est
1346 1603 1405 1656 et
1436 1615 1571 1657 eum
1594 1595 1897 1658 dissolutis
1916 1596 2310 1675 sponsalibuS,

386 1700 537 1762 quae
577 1700 711 1742 cum
753 1680 938 1742 Lucio
981 1680 1222 1742 Ceionio
1268 1681 1593 1742 Commodo
1638 1681 1999 1760 desponderi
2038 1681 2317 1742 uoluerat

391 1769 606 1846 impari
644 1766 835 1827 adhuc
881 1773 1100 1834 aetate,
1146 1764 1343 1827 habita
1388 1766 1817 1828 deliberatione
1858 1764 2014 1827 uelle
2044 1785 2109 1826 se
2140 1766 2313 1828 dixit.

181 1833 353 1933 εἳῗῗῖζὲ»
381 1851 484 1912 his
513 1853 596 1912 ita
623 1853 806 1929 gestis
837 1850 1029 1913 adhuc
1059 1858 1437 1928 quaestorem
1481 1860 1541 1912 et
1580 1850 1887 1912 consulem
1928 1870 2128 1912 secum
2172 1852 2317 1914 Pius

388 1937 651 1998 Marcum
683 1937 1014 2014 designauit
1045 1944 1104 1997 et
1134 1935 1403 1997 Caesaris
1434 1937 1825 2016 appellatione
1858 1936 2101 1998 donauit
2132 1944 2189 1997 et
2220 1955 2315 1998 se·
2347 1951 2398 1990 2⁰

388 2025 581 2082 uirum
627 2024 841 2082 turmis
893 2023 1154 2098 equitum
1185 2021 1591 2082 Romanorum
1635 2023 1753 2082 iam
1796 2021 2103 2082 consulem
2157 2022 2316 2082 desi-

388 2114 632 2187 gnatum
665 2108 889 2167 creauit
919 2115 978 2167 et
1008 2107 1207 2166 edenti
1237 2124 1372 2167 cum
1404 2105 1649 2184 collegis
1678 2106 1851 2166 ludos
1882 2104 2167 2166 seuirales
2211 2106 2316 2167 ad·-

388 2192 542 2252 sedit
573 2198 632 2252 et
671 2194 733 2251 in
775 2191 1156 2253 Tiberianam
1185 2190 1429 2251 domum
1450 2190 1795 2268 transgredi
1823 2192 1995 2250 iussit
2040 2197 2098 2250 et
2127 2190 2321 2254 aulico

388 2277 620 2354 fastigio
659 2277 1018 2336 renitentem
1062 2277 1297 2335 ornauit
1334 2282 1395 2334 et
1435 2277 1496 2334 in
1528 2271 1777 2351 collegia
1820 2275 2194 2334 sacerdotum
2227 2277 2319 2336 iu·
2505 2329 2506 2350 2

320 2367 355 2415 4
389 2360 568 2421 bente
599 2366 807 2420 senatu
837 2361 1083 2436 recepit.
1127 2358 1455 2418 secundum
1488 2360 1662 2417 etiam
1696 2357 2007 2418 consulem
2036 2359 2314 2434 designa·
2344 2373 2400 2413 25

183 2447 356 2542 '‘i-⁹⁷⁵
391 2446 494 2513 uit,
529 2461 660 2503 cum
692 2445 819 2521 ipse
851 2448 1122 2518 quartum
1153 2443 1379 2519 pariter
1402 2442 1623 2502 inierit.
1657 2460 1765 2520 per
1790 2441 1998 2502 eadem
2021 2449 2315 2519 tempora,

265 2508 310 2543 ⁴⁵
393 2545 528 2588 cum
560 2528 739 2588 tantis
773 2525 1101 2586 honoribus
1143 2532 1539 2604 occuparetur
1584 2532 1811 2586 etcum
1850 2525 2198 2586 formandus
2240 2527 2319 2588 ad

389 2611 714 2689 regendum
755 2617 970 2670 statum
1009 2611 1101 2672 rei
1144 2609 1418 2688 publicae
1471 2612 1656 2689 patris
1691 2609 1923 2672 actibus
1974 2613 2317 2681 interesset,

323 2711 354 2758 6
393 2696 580 2756 studia
640 2695 1022 2774 cupidissime
1075 2695 1491 2774 frequentauit.
1584 2702 1722 2773 post
1774 2694 1921 2756 haec
1974 2696 2317 2758 Faustinam

391 2781 560 2842 duxit
602 2798 848 2841 uxorem
891 2787 952 2840 et
991 2787 1266 2858 suscepta
1309 2779 1427 2840 filia
1457 2779 1769 2841 tribunicia
1803 2788 2099 2860 potestate
2132 2781 2317 2842 dona·
2346 2794 2399 2834 30

391 2874 488 2926 tus
533 2872 624 2926 est
677 2872 851 2945 atque
890 2865 1144 2944 imperio
1196 2872 1363 2926 extra
1404 2865 1614 2926 urbem
1658 2865 2074 2945 proconsulari
2119 2866 2319 2928 addito

325 2966 358 3014 7
393 2951 522 3011 iure
567 2953 806 3028 quintae
835 2948 1161 3011 relationiS.
1227 2956 1575 3029 tantumque
1618 2951 1773 3030 apud
1815 2952 1987 3012 Pium
2027 2949 2213 3011 ualuit
2252 2959 2321 3012 ut

491 3137 523 3186 6
547 3137 758 3201 gratias
783 3134 857 3186 ,Β3
969 3140 1001 3188 9
1027 3141 1124 3187 aut
1147 3134 1269 3188 ΒΡ1
1397 3139 1459 3187 12
1482 3137 1641 3188 baias
1663 3135 1789 3186 B¹P
1913 3138 1975 3186 13
1999 3136 2325 3200 praefectus

387 3202 460 3253 B²
489 3209 786 3270 prouectus
809 3203 886 3254 B²
991 3207 1055 3254 16
1092 3221 1214 3255 cum
1236 3231 1303 3240 -—
1329 3205 1610 3256 Commodi
1633 3203 1747 3253 filia
1771 3231 1837 3240 —
1862 3204 2041 3268 impar
2064 3218 2111 3252 a.
2140 3205 2322 3254 aetati

391 3278 544 3323 esset
567 3273 622 3324 h.
649 3273 698 3322 d.
728 3273 975 3338 cogitare
1001 3272 1146 3324 uelle
1171 3273 1233 3323 M
1372 3275 1434 3324 17
1468 3273 1602 3322 lucii
1638 3271 1843 3323 ceionii
1867 3271 2134 3321 commodi
2156 3271 2329 3321 BPM

389 3356 485 3393 em.
510 3339 552 3391 S
573 3342 640 3404 cf.
677 3341 800 3393 Ver.
827 3345 876 3398 2,
907 3344 940 3391 3
1079 3343 1142 3391 18
1168 3341 1347 3391 aetati
1370 3341 1534 3390 BPM
1554 3356 1644 3391 em.
1669 3339 1711 3389 S
1846 3337 2012 3404 uelle]
2043 3337 2093 3388 le
2114 3341 2165 3388 in
2189 3339 2241 3388 B
2266 3341 2323 3389 in

387 3425 497 3463 ras,
635 3411 701 3460 20
727 3423 976 3460 seuerum
999 3408 1164 3460 BPM
1299 3411 1365 3460 23
1399 3408 1693 3459 tiberinam
1716 3406 1785 3456 P¹
1924 3409 1991 3457 24
2024 3407 2325 3457 reniterem

391 3476 442 3526 B
469 3475 746 3529 renitenti}
769 3476 836 3527 P¹
953 3479 1018 3528 26
1042 3478 1210 3538 iniret
1235 3477 1299 3528 M
1400 3477 1485 3528 ·32
1512 3480 1647 3542 aput
1671 3473 1742 3525 B¹
1870 3480 1933 3526 ut
1956 3478 2100 3526 deese
2122 3477 2175 3525 in
2198 3474 2326 3526 BP²
