2517 3884
378 155 461 220 36
1075 162 1205 219 IVLI
1250 163 1616 220 CAPITOLINI

380 331 620 411 imperii
650 347 827 390 omen
859 331 1116 408 accepit:
1169 347 1308 390 nam
1349 348 1482 390 cum
1525 331 1804 392 sacerdos
1834 331 2054 392 femina
2097 330 2319 392 Trallis

387 435 459 476 ex
491 433 659 475 more
689 413 1081 494 proconsules
1114 433 1353 493 semper
1397 414 1511 474 hoc
1540 418 1784 476 nomine
1817 416 2130 485 salutaret,
2195 434 2318 476 non
2377 466 2387 470 -

316 512 351 560 4
388 501 535 560 dixit
548 502 698 560 eAue
722 498 1127 578 proconsule',
1158 499 1264 560 sed
1295 499 1482 560 ‘Haue
1512 502 1880 580 imperator’.
1919 501 2114 581 Cyzici
2139 503 2322 561 etiam

314 598 345 647 5
382 586 457 647 de
488 584 807 646 simulacro
839 585 937 644 dei
968 585 1041 644 ad
1074 590 1326 644 statuam
1375 587 1500 646 eius
1533 603 1756 647 corona
1785 585 2066 646 translata
2099 595 2206 647 est.
2261 596 2322 646 et

380 678 519 750 post
550 668 922 732 consulatum
973 670 1035 728 in
1068 669 1352 730 uirdiario
1393 677 1600 730 taurus
1631 689 2003 731 marmoreus
2035 670 2317 732 cornibus
2374 685 2405 726 5
2484 739 2485 742 Ἴ

378 757 564 816 ramis
622 753 857 814 arboris
915 753 1400 814 adcrescentibus
1459 755 1760 834 adpensus
1821 765 1940 826 est,
2003 763 2062 816 et
2113 755 2320 834 fulgur

382 839 545 902 caelo
578 857 793 900 sereno
826 840 955 900 sine
986 857 1143 900 noxa
1172 840 1234 899 in
1267 841 1393 900 eius
1417 839 1659 900 domum
1690 842 1876 909 uenit,
1911 847 1972 900 et
1999 842 2060 900 in
2077 841 2324 902 Etruria>

382 924 557 994 dolia,
592 943 741 1004 quae
774 924 1010 986 defossa
1044 925 1298 993 fuerant,
1334 942 1514 1003 supra
1544 931 1771 985 terram
1794 933 2034 1004 reperta
2065 934 2220 994 sunt,
2259 934 2321 986 et

380 1019 603 1072 statuas
635 1012 763 1070 eius
794 1011 855 1070 in
888 1011 1050 1070 omni
1089 1009 1330 1070 Etruria
1371 1027 1618 1070 examen
1661 1011 1862 1089 apium
1916 1010 2203 1090 repleuit,
2259 1019 2319 1072 et

308 1136 313 1148 ι
380 1095 611 1156 somnio
644 1112 822 1173 saepe
852 1096 1113 1156 monitus
1145 1102 1233 1154 est
1263 1094 1352 1153 dis
1395 1093 1712 1173 penatibus
1757 1097 1887 1156 eius
1917 1095 2202 1157 Hadriani
2233 1097 2315 1155 si·
2347 1110 2404 1150 10

314 1191 345 1240 6
382 1178 715 1240 mulacrum
747 1181 1033 1241 inserere.
1080 1179 1474 1240 Proficiscens
1505 1179 1576 1240 ad
1609 1180 2103 1258 proconsulatum
2133 1179 2316 1240 filiam

313 1277 343 1326 7
382 1267 668 1326 maiorem
702 1266 917 1326 amisit.
986 1264 1060 1324 de
1102 1263 1282 1324 huius
1310 1282 1498 1324 uxore
1539 1263 1724 1326 multa
1757 1264 1911 1324 dicta
1943 1274 2081 1326 sunt
2116 1265 2190 1350 pb
2223 1267 2317 1324 ni-

380 1353 560 1410 miam
619 1348 950 1410 libertatem
996 1356 1054 1408 et
1096 1349 1342 1412 uiuendi
1385 1348 1762 1419 facilitatem,
1826 1367 1977 1426 quae
2017 1351 2130 1410 iste
2178 1369 2319 1410 cum

312 1447 344 1496 8
381 1435 562 1496 animi
620 1433 825 1493 dolore
880 1435 1231 1512 conpressit.
1309 1441 1445 1512 post
1495 1433 1988 1512 proconsulatum
2019 1437 2082 1495 in
2115 1437 2316 1496 consi·
2483 1513 2485 1516 Α

379 1519 475 1579 liis
518 1518 800 1578 Hadriani
830 1517 1052 1578 Romae
1083 1518 1370 1594 frequens
1423 1521 1571 1579 uixit
1621 1519 1698 1579 de
1733 1519 2038 1589 omnibuS,
2095 1519 2317 1596 quibus
2348 1535 2404 1576 15
2483 1543 2485 1550 ⁴

378 1601 711 1664 Hadrianus
742 1601 1118 1672 consulebat,
1182 1604 1482 1663 mitiorem
1527 1605 1886 1665 sententiam
1925 1623 2166 1684 semper
2219 1623 2318 1666 os-

381 1686 650 1748 tendens.

304 1770 349 1833 4
506 1771 705 1832 Genus
734 1790 875 1832 sane
900 1771 1233 1850 adoptionis
1263 1770 1378 1832 tale
1409 1773 1631 1833 fertur:
1682 1781 1916 1834 mortuo
1941 1773 2112 1834 Helio
2139 1773 2317 1844 Vero,

383 1873 561 1934 quem
576 1856 690 1917 sibi
702 1856 1037 1917 Hadrianus
1052 1857 1440 1936 adoptauerat
1455 1857 1828 1918 etCaesarem
1844 1867 2313 1938 nuncupauerat,
2484 1913 2485 1928 ζ

312 1956 345 2004 2
382 1942 509 2004 dies
538 1949 779 2003 senatus
792 1941 1157 2011 habebatur:
1182 1960 1252 2001 eo
1265 1943 1476 2003 Arrius
1488 1944 1818 2003 Antoninus
1836 1946 2035 2004 soceri
2065 1945 2318 2022 uestigia
2347 1960 2406 2000 20

380 2027 592 2089 leuans
626 2029 792 2088 uenit
818 2036 996 2106 atque
1026 2027 1251 2087 idcirco
1285 2025 1358 2088 ab
1401 2026 1701 2088 Hadriano
1734 2028 1950 2090 dicitur
1981 2028 2317 2108 adoptatus
2483 2029 2485 2048 *

314 2128 346 2176 3
385 2129 539 2189 quae
572 2131 746 2173 causa
780 2111 903 2173 sola
936 2131 1068 2172 esse
1084 2112 1422 2192 adoptionis
1443 2131 1554 2172 nec
1585 2114 1780 2190 potuit
1811 2115 2052 2174 omnino
2084 2131 2196 2173 nec
2211 2114 2320 2174 de-

383 2196 531 2266 buit,
550 2199 805 2257 maxime
822 2216 956 2257 cum
977 2205 1035 2258 et
1060 2216 1300 2276 semper
1323 2215 1454 2259 rem
1466 2195 1763 2275 publicam
1780 2197 1936 2258 bene
1961 2199 2179 2274 egisset
2196 2202 2318 2258 An-

382 2283 625 2341 toninus
641 2290 699 2341 et
724 2284 784 2341 in
800 2280 1227 2359 proconsulatu
1252 2301 1316 2342 se
1343 2289 1612 2360 sanctum
1623 2297 1988 2357 grauemque
2002 2282 2318 2358 praebuisf
2484 2347 2485 2352 γ

310 2381 346 2430 4
380 2372 787 2442 set.ergocum
803 2365 1570 2443 eumHadrianusadoptare
1585 2383 1649 2424 se
1667 2363 2317 2442 uellepublicasset,ac-
2349 2384 2428 2435 25,
2484 2357 2485 2390 ³

382 2457 617 2527 ceptum
638 2456 725 2509 est
738 2451 993 2527 spatium
1010 2448 1400 2518 deliberandi,
1423 2457 1622 2509 utrum
1637 2447 1911 2525 adrogari
1926 2447 1998 2508 ab
2012 2447 2320 2512 Hadriano

316 2551 347 2600 5
387 2532 583 2594 uellet.
632 2532 968 2612 adoptionis
1009 2533 1105 2594 lex
1137 2533 1481 2594 huiusmodi
1511 2533 1641 2592 data
1677 2539 1787 2600 est,
1824 2539 1886 2592 ut
1927 2533 2316 2612 quemadmo-

318 2633 337 2645 ·
384 2618 525 2678 dum
554 2619 886 2680 Antoninus
918 2617 989 2678 ab
1005 2617 1304 2678 Hadriano
1337 2616 1728 2697 adoptabatur
1751 2619 1832 2678 ita
1863 2617 1977 2678 sibi
2016 2617 2118 2678 ille
2173 2620 2316 2682 ado-

382 2711 579 2782 ptaret
607 2704 681 2763 M.
717 2703 1097 2772 Antoninum,
1131 2704 1332 2764 fratris
1363 2704 1567 2763 uxoris
1609 2721 1752 2763 suae
1782 2701 1988 2773 filium,
2025 2711 2082 2769 et
2112 2704 2316 2766 L.·Ve-

384 2807 539 2858 rum,
572 2788 728 2849 Helii
756 2789 913 2856 Veri,
948 2789 1052 2867 qui
1081 2787 1155 2848 ab
1186 2787 1486 2849 Hadriano
1517 2785 1831 2867 adoptatus
1859 2789 2069 2858 fuerat,
2105 2789 2312 2861 filium,
2347 2807 2404 2848 30
2483 2783 2485 2818 ἕ

488 2942 515 2989 1
544 2939 776 2990 seminat
799 2939 873 2990 B¹
1010 2943 1041 2990 3
1068 2939 1410 3005 proconsulsl
1430 2943 1481 2990 P
1611 2940 1754 2991 habe
1779 2939 1853 2989 B¹
1991 2938 2139 2990 cilici
2162 2940 2215 2989 B
2243 2943 2318 2991 ci·
2408 2983 2416 2988 .
2483 2949 2485 2984 ἓ

384 3008 481 3057 lici
508 3012 563 3056 et
590 3010 638 3056 P
660 3008 878 3058 ciliciae
904 3008 971 3058 M
992 3009 1173 3058 Cidici
1198 3007 1239 3058 S
1375 3011 1407 3060 5
1429 3009 1716 3059 uiridiario
1742 3005 1815 3057 B³
1847 3007 2110 3057 uiridario
2137 3007 2214 3058 1²³
2483 3011 2485 3054 ὲ

381 3077 412 3124 6
440 3076 727 3126 arboribus
750 3076 803 3125 B
940 3076 1123 3142 fulgor
1144 3076 1197 3126 B
1333 3081 1364 3130 9
1391 3077 1511 3126 eius
1537 3081 1754 3127 statuas
1781 3076 1845 3124 M
1865 3079 2053 3125 statua
2080 3073 2144 3125 P¹
2173 3091 2217 3126 c.
2247 3077 2320 3126 12³

487 3157 651 3206 apum
668 3144 732 3192 M
835 3147 899 3195 10
935 3145 1178 3194 monitus
1202 3144 1302 3194 sed
1325 3145 1548 3208 penitus
1570 3143 1699 3194 BP³
1735 3157 1949 3208 pennus
1972 3140 2039 3192 P¹
2075 3157 2133 3192 se
2161 3146 2318 3208 peni-

382 3215 475 3260 tus
501 3211 561 3260 M
585 3211 826 3260 monitus
852 3216 938 3262 est
963 3214 1260 3278 penatibus
1287 3213 1401 3262 suis
1429 3213 1470 3262 0
1489 3212 1728 3262 monitus
1753 3212 1838 3261 dis
1863 3211 2161 3276 penatibus
2186 3212 2229 3262 S

348 3292 351 3296 “
387 3281 448 3328 11
476 3278 922 3344 proconsolatum
947 3279 1015 3329 B¹
1158 3282 1220 3331 21
1246 3277 1462 3345 leuans]
1491 3295 1588 3345 pro
1613 3279 1809 3330 lauans
1832 3294 2094 3344 suprascr.
2123 3279 2201 3328 Ρ3

386 3417 455 3464 24
486 3415 544 3464 in
578 3414 869 3466 consulatu
902 3415 952 3466 B
1103 3421 1354 3467 scantum
1390 3414 1460 3466 B¹
1511 3419 1762 3466 scautum
1795 3415 1868 3464 B2
1906 3414 1960 3480 (i.
1989 3431 2032 3468 e.
2070 3417 2316 3480 cautum)

387 3487 638 3534 sanctum
662 3485 783 3534 Pin
806 3501 915 3536 ras.
1054 3488 1119 3536 29
1143 3487 1346 3538 Verum
1367 3487 1418 3534 in
1444 3484 1494 3533 B
1517 3501 1662 3550 supr.
1687 3486 1771 3535 lin.
