2517 3884
555 217 929 277 ANTONINVS
972 218 1422 278 CARACALLVS.
1498 221 1553 278 C.
1586 226 1757 280 4—6.
2027 221 2147 291 171

191 388 387 455 serio,
424 392 487 445 ut
511 393 637 446 erat
667 385 882 447 stultus
915 393 971 446 et
1003 385 1281 455 demens,
1316 386 1632 458 adserens,
1668 392 1717 449 si
1748 389 2022 453 Lucanos
2052 395 2143 454 ui-

191 467 416 540 cisset,
477 470 838 531 Lucanicum
901 490 966 531 se
1008 468 1814 573 appellandum><Damnati
1874 482 2011 536 sunt
2071 496 2143 538 eo
2166 486 2212 536 -7

193 563 482 635 tempore
530 556 631 633 q'ui
673 558 904 617 urinam
946 556 1010 617 in
1054 574 1125 615 eo
1168 554 1302 617 loco
1343 557 1626 619 fecerunt
1667 560 1729 619 in
1762 576 1880 637 quo
1913 567 2144 623 statuae

191 647 304 702 aut
335 642 626 719 imagines
657 648 826 701 erant
855 641 1177 720 principiS,
1235 647 1295 701 et
1338 643 1440 719 qui
1483 659 1737 705 coronas
1778 646 2143 724 imaginibus

121 743 160 784 5
193 728 334 787 eius
366 726 775 796 detraxerunt,
820 733 884 786 ut
915 724 1058 786 alias
1087 733 1419 804 ponerent,
1464 725 1755 789 damnatis
1802 736 1859 790 et
1942 733 2002 791 ui
2044 750 2139 793 re·

188 810 396 873 media
429 811 734 887 quartanis
762 811 1158 890 tertianisque
1191 809 1344 870 collo
1377 810 1607 872 adnexa
1638 821 1947 891 gestarunt
1986 816 1991 819 ’
2024 816 2139 877 Per
2178 825 2210 875 8

188 896 488 957 Thracias
520 914 656 956 cum
686 896 872 974 praef.
907 901 1097 973 praet.
1128 896 1248 955 iter
1280 896 1441 955 fecit.
1507 897 1649 957 inde
1680 916 1817 959 cum
1848 888 2144 973 insAsiam

185 982 501 1049 traiceret,
537 980 830 1058 naufragii
859 980 1196 1059 periculum
1239 979 1361 1040 adit
1391 987 1669 1043 antemna
1700 984 1918 1055 fracta,
1964 987 2047 1045 ita
2075 993 2143 1047 ut

184 1068 255 1127 in
300 1065 527 1126 scafam
568 1083 704 1126 cum
750 1064 1192 1143 protectoribus
1233 1066 1335 1125 uix
1394 1064 1807 1143 descenderet.
1889 1070 2045 1130 unde
2077 1073 2142 1131 in

99 1170 156 1210 ιο
183 1153 512 1212 triremem
543 1168 575 1210 a
605 1150 791 1229 praef.
827 1149 1034 1211 classis
1064 1156 1367 1229 receptus
1401 1152 1604 1223 euasit.
1630 1144 1931 1233 <Excepit
1963 1173 2139 1233 apros
2176 1164 2207 1214 9

183 1237 577 1315 frequenter,
612 1240 818 1295 contra
847 1230 1086 1295 leonem
1132 1235 1309 1294 etiam
1352 1235 1531 1295 stetit.
1612 1252 1729 1313 quo
1786 1238 1963 1299 etiam
1996 1241 2135 1301 mis-

185 1324 274 1382 sis
307 1320 384 1381 ad
419 1321 640 1380 amicos
671 1317 884 1380 litteris
925 1319 1213 1397 gloriatus
1255 1324 1347 1379 est
1394 1337 1578 1400 seque
1610 1320 1683 1381 ad
1712 1320 1989 1384 Herculis
2019 1326 2139 1384 uir-

183 1413 389 1467 tutem
421 1406 748 1465 accessisse
771 1386 1081 1475 iactauit?
1586 1400 1589 1405 ’
2044 1441 2047 1445 -

322 1489 467 1550 Post
494 1488 610 1549 hoc
651 1488 724 1550 ad
769 1486 995 1549 bellum
1022 1488 1444 1550 Armeniacum
1486 1488 1949 1570 Parthicumque
1996 1512 2136 1553 con-
2174 1486 2213 1551 6

99 1593 156 1634 15
191 1593 418 1637 uersus
448 1573 663 1635 ducem
703 1571 1016 1643 bellicum,
1079 1574 1180 1652 qui
1238 1574 1364 1634 suis
1423 1574 1802 1654 competebat
1846 1576 2134 1649 moribus,

183 1662 356 1722 fecit.
435 1658 576 1719 inde
604 1658 1038 1721 Alexandream
1067 1659 1242 1737 petit,
1305 1660 1367 1717 in
1421 1662 1796 1739 gymnasium
1846 1662 2139 1741 populum
2175 1668 2205 1716 2
2298 1692 2319 1719 ρ

185 1745 556 1807 conuocauit
587 1762 841 1823 eumque
875 1742 1248 1821 obiurgauit;
1300 1742 1419 1820 legi
1452 1746 1630 1804 etiam
1662 1743 1891 1807 ualidos
1921 1748 1993 1807 ad
2025 1750 2135 1809 mi-

180 1831 379 1891 litiam
413 1829 735 1907 praecepit.
811 1846 912 1889 eos
945 1836 1144 1889 autem
1177 1844 1326 1905 quos
1356 1827 1583 1906 legerat
1614 1828 1831 1889 occidit
1862 1834 2138 1911 exemplo
2174 1838 2207 1887 3

179 1914 523 1975 Ptolomaei
563 1913 876 1991 Euergetis
919 1914 1020 1989 qui
1062 1919 1307 1973 octauus
1352 1912 1467 1973 hoc
1508 1916 1751 1975 nomine
1806 1916 2136 1995 appellatus

96 2018 152 2055 2.)
186 2008 301 2060 est.
381 1999 520 2058 dato
551 2006 868 2077 praeterea
899 1998 1068 2076 signo
1103 1996 1420 2066 militibus,
1457 2004 1524 2058 ut
1555 1997 1823 2077 hospites
1858 2019 2001 2061 suos
2036 2020 2135 2061 oc-

186 2084 486 2151 ciderent,
520 2099 795 2161 magnam
827 2081 1069 2143 caedem
1092 2081 1499 2143 Alexandreae
1530 2083 1687 2143 fecit.
1768 2084 1993 2146 Dehinc
2024 2104 2136 2164 per
2172 2092 2205 2139 4

187 2168 486 2231 Cadusios
527 2173 587 2226 et
613 2166 986 2246 Babylonios
1028 2165 1340 2243 ingressus
1379 2166 1765 2227 tumultuarie
1810 2186 1946 2229 cum
1988 2171 2131 2230 Par-

183 2254 434 2314 thorum
473 2254 726 2330 satrapis
755 2270 1001 2321 manum
1033 2250 1301 2320 contulit,
1316 2252 1462 2311 feris
1495 2254 1672 2313 etiam
1692 2252 1902 2314 bestiis
1932 2257 1995 2315 in
2025 2254 2133 2315 ho-

187 2344 318 2399 stes
348 2337 631 2398 inmissis.
684 2336 836 2398 datis
879 2336 952 2396 ad
984 2343 1256 2398 senatum
1290 2338 1455 2417 quasi
1499 2345 1635 2415 post
1677 2339 1994 2401 uictoriam
2033 2340 2134 2400 lit·
2172 2346 2203 2395 5

101 2438 158 2479 25
187 2424 340 2483 teris
407 2421 722 2483 Parthicus
783 2420 1116 2501 appellatus
1171 2429 1290 2489 est;
1341 2439 1477 2482 nam
1521 2422 1860 2484 Germanici
1914 2443 2135 2487 nomen

185 2516 363 2587 patre
399 2508 540 2567 uiuo
584 2507 780 2567 fuerat
819 2512 1194 2567 consecutus.
1274 2505 1491 2587 deinde
1523 2525 1661 2568 cum
1691 2510 1910 2569 iterum
1951 2510 2136 2571 uellet
2172 2514 2204 2565 6

186 2592 428 2653 Parthis
470 2589 692 2652 bellum
737 2592 963 2653 inferre
1005 2597 1182 2671 atque
1213 2590 1561 2652 hibernaret
1602 2592 1902 2655 Hedessae
1957 2603 2135 2675 atque

186 2677 330 2737 inde
345 2677 562 2739 Carras
575 2676 726 2736 Luni
757 2676 854 2736 dei
883 2678 1072 2753 gratia
1102 2678 1385 2746 uenisset,
1421 2676 1517 2737 die
1550 2676 1729 2738 natali
1760 2698 1889 2750 suo,
1925 2687 2133 2741 octauo

189 2761 326 2822 idus
358 2760 620 2840 Apriles,
654 2763 799 2839 ipsis
831 2760 1301 2843 Megalensibus,
1348 2780 1484 2822 cum
1526 2762 1599 2822 ad
1641 2765 1927 2842 requisita
1958 2772 2130 2824 natu-

108 2860 162 2899 30
193 2865 295 2907 rae
326 2846 730 2914 discessisset,
772 2846 1004 2906 insidiis
1047 2864 1080 2905 a
1122 2846 1385 2906 Macrino
1428 2848 1621 2925 praef.
1661 2858 1851 2925 praet.
1896 2850 2129 2927 positiS,

295 2999 326 3048 5
351 2996 604 3047 damnati
629 3001 758 3047 sunt
785 3002 842 3047 et
866 2998 934 3048 M
1064 2998 1095 3046 6
1121 2998 1440 3063 tertiamque
1466 2996 1539 3049 P¹
1670 2997 2036 3049 adnexarum:
2062 2998 2135 3049 Β1

195 3065 338 3116 iesta
364 3067 674 3130 interposuit
698 3063 773 3115 B²
929 3069 1216 3130 gestarent
1241 3066 1359 3114 PM
1514 3068 1546 3115 7
1581 3070 1758 3129 praet.
1786 3066 1843 3115 in
1872 3066 2009 3117 feeit
2034 3068 2141 3119 BP

293 3135 325 3183 8
349 3138 578 3183 atemna
602 3132 653 3181 B
699 3131 917 3183 §temne
942 3136 993 3183 P
1126 3136 1156 3183 9
1182 3134 1264 3183 ita
1290 3134 1394 3184 BP
1414 3149 1505 3183 om.
1530 3133 1595 3183 M
1635 3134 1735 3196 uix
1752 3136 1943 3199 scripsi
2075 3136 2137 3185 in

197 3217 286 3251 om.
311 3199 382 3251 B¹
514 3203 595 3250 -10
628 3196 780 3251 afros
805 3200 908 3249 BP
1053 3202 1113 3249 11
1150 3201 1370 3265 quando
1394 3201 1499 3250 BP
1634 3202 1697 3251 13
1732 3204 2037 3253 accessisse
2074 3218 2135 3254 se

197 3268 356 3319 BPM
505 3269 569 3317 19
602 3268 902 3335 ptholomei
927 3269 976 3318 B
1126 3273 1419 3333 enei-getes
1444 3268 1494 3317 B
1504 3266 1514 3299 ¹
1567 3270 1833 3333 euergitis
1858 3270 1998 3321 P¹M

197 3336 258 3384 22
283 3336 564 3387 Gadusios
587 3334 723 3385 fines
749 3336 814 3385 M
963 3336 1277 3387 babilonios
1301 3337 1405 3386 BP
1560 3338 1625 3387 25
1652 3339 1899 3401 germani
1924 3337 1996 3387 B¹

197 3404 256 3453 27
280 3404 576 3455 hibernare
597 3403 916 3454 thedesseB
940 3404 1235 3454 hibernare
1256 3403 1555 3468 thedessae
1570 3402 1642 3452 P¹
1669 3403 1987 3455 hibernaret
2006 3404 2133 3454 hed.

197 3468 265 3517 1²²
283 3471 596 3536 hybernare
623 3472 854 3522 aedesse
881 3473 941 3521 M
1078 3474 1144 3521 28
1169 3472 1288 3521 uini
1314 3468 1383 3519 B¹
1512 3470 1717 3521 natalis
1745 3473 1830 3522 sui
1854 3472 2019 3521 BPM
2040 3489 2133 3523 em.

199 3536 342 3591 Iord.
483 3540 688 3589 octabu
713 3538 780 3589 B¹
811 3544 1016 3593 octauu
1041 3537 1115 3587 Ρ1
1145 3540 1347 3588 octaba
1372 3536 1447 3586 B²
