2517 3884
420 155 544 222 158
1101 159 1256 216 IVLII
1300 112 1667 216 CAPITOMNI

351 336 386 384 8
419 327 508 389 les
539 325 742 396 dicari,
777 325 1209 388 nobilitandum
1245 327 1423 386 etiam
1454 325 1594 385 hinc
1624 343 1892 404 sperans.
1968 343 2103 386 cum
2148 344 2359 388 rarum

421 422 611 482 esset,
657 410 884 490 aquilas
913 413 975 471 in
1007 409 1104 471 his
1134 410 1283 472 locis
1312 410 1535 480 uideri,
1584 413 1645 470 in
1679 409 1898 488 quibus
1929 417 2103 472 natus
2134 418 2227 472 est
2253 411 2357 473 Al-

416 498 628 566 binus,
685 499 934 576 septima
980 497 1106 557 eius
1138 495 1234 556 die
1266 495 1415 556 hora
1462 497 1753 566 conuiuii,
1806 495 1965 572 quod
2016 495 2361 557 celebritati

414 585 588 664 pueri
619 581 1034 661 deputabatur,
1061 599 1198 642 cum
1233 583 1287 640 ei
1316 581 1531 642 fierent
1560 582 1819 650 nomina,
1854 587 2084 660 septem
2116 581 2357 658 aquilae

415 666 704 748 pamulae
747 667 819 727 de
860 666 1016 726 nidis
1059 664 1289 727 adlatae
1332 674 1473 726 sunt
1516 673 1576 727 et
1616 668 1787 746 quasi
1829 665 1902 726 ad
1944 668 2143 728 iocum
2190 669 2355 728 circa
2416 684 2443 723 5

417 771 599 814 cunas
629 753 802 832 pueri
832 753 1216 828 constitutae:
1251 767 1331 812 ne
1361 750 1476 812 hoc
1506 769 1683 812 omen
1714 757 1885 832 pater
1916 751 2141 822 abnuit,
2175 754 2355 814 iussit

344 849 380 896 9
415 837 643 915 aquilas
671 836 754 897 ali
788 845 846 897 et
877 833 1191 914 diligenter
1223 839 1438 898 curari.
1486 839 1737 898 accessit
1766 855 1963 906 omen,
1997 837 2177 915 quod,
2212 855 2353 898 cum

410 925 586 1002 pueri
629 924 758 983 eius
810 921 1068 983 familiae
1120 921 1377 984 russulis
1418 921 1677 983 fasciolis
1718 921 2142 1000 inligarentur,
2188 923 2351 1000 quod

409 1009 566 1068 forte
599 1007 754 1068 lotae
787 1019 964 1086 atque
997 1006 1148 1068 udae
1181 1015 1381 1068 essent
1409 1007 1683 1068 russulae
1714 1006 2014 1078 fasciolae,
2050 1025 2197 1085 quas
2219 1027 2348 1068 ma-

412 1099 505 1153 ter
547 1110 884 1172 praegnans
927 1099 1273 1173 parauerat,
1326 1110 1628 1172 purpurea
1682 1094 1891 1164 matris
1940 1093 2216 1171 inligatus
2258 1100 2353 1154 est
2385 1111 2434 1149 ιο

409 1179 638 1240 fascea:
691 1177 851 1239 unde
881 1176 970 1238 illi
998 1179 1132 1238 ioco
1163 1179 1417 1238 nutricis
1449 1180 1625 1238 etiam
1656 1177 1892 1259 Porfyri
1922 1195 2143 1239 nomen
2191 1177 2349 1238 indi-

309 1273 374 1323 10
411 1271 534 1324 tum
568 1271 673 1334 est,
737 1263 886 1346 haec
918 1270 1095 1340 atque
1127 1262 1239 1323 alia
1274 1264 1443 1340 signa
1472 1265 1709 1343 imperii
1739 1263 1927 1324 futuri
1954 1265 2144 1325 fuere.
2190 1282 2351 1342 quae

411 1351 512 1426 qui
545 1348 706 1409 uolet
736 1367 947 1417 nosse,
981 1346 1216 1408 Helium
1248 1347 1507 1409 Cordum
1541 1348 1728 1428 legat,
1775 1350 1875 1427 qui
1919 1348 2132 1409 friuola
2164 1345 2351 1428 super

407 1432 585 1494 huius
609 1433 771 1492 modi
802 1431 1098 1493 ominibus
1131 1440 1344 1493 cuncta
1381 1436 1787 1512 persequitur.
1916 1454 1919 1456 ’
2507 1505 2509 1510 ,

334 1511 374 1574 6
530 1515 896 1578 Adulescens
925 1518 1108 1594 igitur
1139 1519 1337 1578 statim
1380 1537 1445 1578 se
1477 1519 1547 1579 ad
1581 1517 1853 1580 militiam
1886 1517 2137 1579 contulit
2166 1525 2349 1598 atque
2379 1535 2432 1575 15

405 1603 740 1662 Antoninus
801 1619 912 1679 per
971 1600 1228 1662 Lollium
1282 1601 1575 1663 Serenum
1637 1610 1696 1664 et
1744 1602 2035 1663 Baebium
2080 1604 2347 1664 Maecia-

404 1704 549 1746 num
613 1693 670 1746 et
730 1685 1037 1746 Ceionium
1081 1686 1532 1746 Postumianum
1585 1706 1726 1748 suos
1781 1686 2005 1748 adfines
2055 1688 2345 1751 innotuit.

336 1779 368 1826 2
407 1772 529 1849 egit
559 1769 838 1832 tribunus
871 1772 1102 1847 equites
1133 1770 1464 1840 Dalmatas3
1522 1774 1643 1850 egit
1682 1778 1741 1832 et
1770 1771 2065 1849 legionem
2098 1781 2344 1851 quarta*-

404 1874 623 1916 norum
655 1863 714 1916 et
743 1858 1183 1936 primanorum3
1231 1855 1578 1938 Bithynicos
1622 1859 1919 1918 exercitus
1964 1875 2041 1934 eo
2067 1864 2345 1937 tempore

338 1951 369 1998 3
407 1958 526 2018 quo
556 1941 802 2002 Auidius
832 1940 1162 2002 rebellabat
1192 1940 1447 2002 fideliter
1477 1944 1685 2003 tenuit.
1751 1942 1889 2002 dein
1920 1961 2031 2021 per
2063 1943 2341 2004 Commo·
2371 1961 2425 2002 ρο

404 2027 545 2086 dum
577 2025 649 2086 ad
681 2025 928 2096 Galliam
961 2025 1309 2098 translatus,
1356 2028 1419 2088 in
1463 2044 1578 2105 qua
1619 2029 1772 2090 fusis
1800 2027 2083 2106 gentibus
2114 2029 2339 2090 Trans-

402 2113 644 2173 renanis
675 2111 914 2173 celebre
954 2130 1174 2174 nomen
1217 2131 1391 2174 suum
1438 2120 1496 2174 et
1536 2113 1693 2194 apud
1735 2112 2036 2175 Romanos
2076 2121 2135 2174 et
2179 2115 2340 2193 apud

334 2206 368 2252 4
403 2196 694 2258 barbaros
733 2199 896 2258 fecit.
973 2197 1187 2274 quibus
1227 2197 1413 2259 rebus
1455 2216 1739 2260 accensus
1787 2199 2146 2260 Commodus
2190 2197 2339 2260 Cae-

403 2299 717 2342 sareanum
752 2284 807 2342 ei
835 2299 1054 2342 nomen
1087 2281 1301 2343 obtulit
1345 2290 1403 2343 et
1446 2284 1626 2344 dandi
1672 2283 1952 2364 stipendii
1995 2282 2338 2344 facultatem

333 2376 364 2423 5
401 2372 461 2425 et
501 2364 667 2443 pallii
712 2367 937 2426 coccini
983 2367 1206 2427 utendi.
1283 2367 1499 2445 quibus
1542 2367 1819 2428 omnibus
1859 2365 1961 2426 ille
2002 2366 2338 2445 prudenter
2366 2385 2423 2426 25

401 2448 686 2510 abstinuit
717 2449 954 2518 dicens,
1013 2449 1406 2512 Commodum
1449 2469 1741 2528 quaerere
1791 2452 1893 2530 qui
1938 2459 2039 2510 aut
2080 2469 2215 2512 cum
2261 2471 2335 2514 eo

333 2544 364 2592 6
399 2536 685 2612 perirent,
722 2542 821 2594 aut
853 2552 1001 2610 quos
1033 2552 1166 2594 cum
1200 2538 1539 2614 causa-ipse
1570 2542 1775 2615 posset
1806 2535 2099 2597 occidere.
2153 2553 2335 2614 quae-

386 2625 596 2690 sturae
627 2621 815 2698 gratia
845 2617 931 2678 illi
962 2619 1116 2680 facta
1150 2627 1259 2680 est.
1326 2639 1440 2700 qua
1473 2639 1758 2682 concessa
1802 2619 2011 2682 aedilis
2052 2639 2171 2682 non
2205 2642 2328 2684 am-

502 2809 528 2855 1
558 2806 726 2856 etiam
743 2804 904 2854 BPM
923 2805 1053 2868 fort.
1083 2821 1219 2856 eum.
1338 2809 1369 2858 3
1396 2806 1686 2858 dieiBPM
1704 2823 1796 2858 em.
1814 2807 1857 2857 Ο
1878 2809 2123 2859 conuiuii
2146 2835 2211 2843 -—-
2238 2809 2331 2860 de-

395 2876 701 2940 putabatur
724 2876 822 2924 det.
849 2874 1187 2924 Mommsenus
1326 2877 1583 2927 conuiuio
1607 2877 1671 2926 M
1806 2877 1839 2926 4
1866 2873 2007 2942 cum]
2038 2877 2164 2926 cuni
2188 2877 2240 2926 B

397 2943 481 2992 eis
504 2943 606 2992 BP
627 2959 740 2992 exc.
882 2943 913 2992 6
938 2958 1041 2992 nec
1065 2943 1132 2992 M
1288 2944 1320 2992 8
1347 2943 1591 2994 fassiolis
1616 2943 1720 2994 BP
1863 2946 1927 2995 10
1952 2960 2227 3009 praegnas
2252 2943 2328 2994 Ρ1

497 3010 691 3060 inlitus
715 3009 790 3060 P¹
932 3014 994 3060 11
1023 3011 1201 3060 fascia
1227 3011 1369 3066 exc.²
1392 3013 1457 3062 M
1480 3013 1671 3062 fascea
1695 3011 1789 3063 inl.
1819 3017 1905 3062 est
1930 3013 2119 3062 fascea
2142 3012 2195 3061 B

397 3080 462 3127 14
485 3077 794 3130 hominibus
818 3079 922 3129 BP
943 3077 1082 3130 exc.¹
1222 3082 1577 3145 prosequitur
1598 3079 1671 3143 P³
1810 3082 1873 3129 16
1897 3080 2086 3131 lollum
2108 3078 2179 3129 Β1
2208 3081 2327 3130 loli-

392 3144 505 3194 lum
527 3143 602 3194 B²
736 3147 1043 3197 mezianum
1065 3147 1117 3196 B
1164 3149 1476 3199 mecianum
1498 3151 1549 3199 P
1570 3165 1685 3199 exc.
1732 3149 2041 3198 Matianum
2064 3149 2131 3198 M
2265 3151 2325 3200 17

393 3213 665 3263 zeionium
688 3213 739 3262 B
879 3217 942 3265 18
965 3215 1182 3280 legione
1202 3216 1328 3266 BP¹
1470 3220 1532 3267 19
1567 3217 1845 3280 bytinicos
1870 3215 1974 3266 BP
1993 3232 2109 3268 eoec.
2134 3216 2327 3266 Bitha-

392 3282 548 3331 nicos
573 3281 636 3330 M
658 3281 1011 3334 Britannicos
1036 3283 1077 3333 S
1214 3300 1399 3334 eorum
1422 3285 1474 3334 B
1610 3287 1675 3334 20
1710 3283 1855 3348 quod
1879 3283 1984 3332 BP
2004 3299 2121 3336 exe.
2261 3288 2323 3335 21

391 3349 680 3400 translatis
705 3348 778 3398 Β1
941 3351 1082 3401 fusis
1119 3351 1441 3418 fugentibus
1475 3351 1579 3401 BP
1620 3353 1658 3400 f.
1696 3351 2040 3416 fugientibus
2073 3353 2137 3402 M
2185 3353 2325 3402 fusis

393 3419 654 3482 gentibus
676 3420 865 3482 scripsi
1001 3421 1066 3468 22
1102 3419 1347 3470 celebem
1372 3419 1447 3471 P¹
1498 3419 1767 3469 celebrem
1791 3419 1842 3468 B
1980 3422 2046 3470 25
2080 3421 2218 3485 palli
2250 3419 2322 3470 Ρ1

495 3486 728 3536 coccinii
752 3485 892 3536 «ecre.1
921 3487 1167 3537 coccinei
1192 3487 1334 3539 eoec.²
