2517 3884
713 183 1016 243 MAXIMINI
1059 186 1202 243 nvo,
1294 187 1347 243 c.
1398 193 1529 242 17—-
1548 193 1629 244 20.
2063 183 2142 248 17

202 358 397 436 nique,
430 353 720 422 subdidit,
782 354 920 414 fana
953 354 1222 434 diripuit,
1288 355 1535 416 donaria
1593 357 1877 418 militibus
1918 357 2139 427 diuisit,

205 440 447 522 plebem
493 447 551 500 et
591 439 893 518 principes
937 442 1243 501 ciuitatum
1301 442 1575 502 concidit.
1653 444 1783 521 ipse
1825 452 2139 521 praeterea
2174 454 2209 523 ξ»

206 525 462 586 militum
496 527 724 586 animos
757 523 872 584 sibi
903 525 1273 596 conciliabat,
1307 525 1635 606 proludens
1679 527 1752 588 ad
1795 529 2137 606 imperium,

206 613 257 672 si
286 611 639 671 Maximinus
669 611 945 689 perisset.

154 706 181 750 5
332 695 496 756 Haec
525 695 631 756 ubi
658 694 908 756 Romam
940 697 1206 757 nuntiata
1259 704 1396 757 sunt
1440 704 1713 768 senatus,
1751 697 2053 758 Maximini
2084 706 2139 760 et
2160 694 2247 758 20

209 779 546 844 naturalem
591 787 651 843 et
679 781 798 840 iam
830 783 1234 842 necessariam
1276 782 1689 844 crudelitatem
1732 785 1950 844 timens
1982 803 2141 844 mor-

205 868 326 928 tuis
379 864 610 940 duobus
644 865 964 926 Gordianis
995 867 1314 928 Maximum
1350 886 1421 927 ex
1452 864 1755 946 praesecto
1784 868 1923 929 urbi
1955 878 2013 930 et
2044 872 2145 948 qui

205 950 495 1031 plurimas
529 949 848 1028 dignitates
878 954 1202 1032 praecipue
1233 953 1541 1030 gessisset,
1575 953 1900 1030 ignobilem
1920 973 2144 1032 genere

208 1036 311 1098 sed
347 1035 678 1097 uirtutibus
712 1035 938 1096 clarum
967 1045 1025 1098 ec
1057 1039 1329 1098 Clodium
1359 1038 1702 1108 Balbinum,
1738 1039 2009 1100 moribus
2040 1041 2143 1100 de-

131 1138 180 1176 10
207 1121 554 1191 licatiorem,
589 1123 988 1200 imperatores
1021 1124 1265 1184 creauit.
1318 1123 1531 1200 quibus
1564 1142 1595 1184 a
1618 1123 1841 1203 populo
1863 1126 2144 1202 Augustis
2180 1135 2211 1184 2

209 1206 526 1286 appellatis
555 1225 668 1286 per
700 1205 920 1267 milites
956 1215 1013 1268 et
1045 1207 1301 1268 eundem
1335 1207 1618 1288 populum
1652 1210 1827 1269 etiam
1858 1208 2145 1288 paruulus
2286 1277 2295 1286 ⁶

206 1311 396 1372 nepos
429 1292 714 1353 Gordiani
746 1292 964 1354 Caesar
1011 1302 1100 1357 est
1145 1293 1355 1354 dictus,
1432 1292 1625 1354 tribus
1668 1295 1847 1371 igitur
1887 1297 2143 1374 impera·
2183 1307 2213 1354 3

203 1377 436 1441 toribus
469 1387 680 1438 contra
709 1377 1092 1440 Maximinum
1133 1377 1282 1438 fulta
1312 1397 1414 1438 res
1444 1397 1503 1457 p.
1540 1386 1645 1440 est.
1696 1378 1913 1440 horum
1944 1389 2143 1442 tamen
2180 1391 2214 1438 4

206 1463 502 1526 Maximus
549 1465 671 1524 uita
717 1466 1015 1532 seuerior,
1057 1462 1373 1542 prudentia
1417 1466 1689 1542 grauior,
1736 1464 1955 1526 uirtute
2000 1483 2139 1525 con-

135 1563 185 1602 15
213 1549 484 1609 stantior.
562 1547 818 1628 denique
870 1549 984 1628 ipsi
1037 1557 1244 1610 contra
1276 1549 1659 1610 Maximinum
1712 1558 1771 1610 et
1810 1559 2053 1612 senatus
2086 1558 2145 1610 et
2182 1565 2213 1611 5

209 1632 497 1694 Balbinus
529 1631 752 1694 bellum
784 1634 1188 1696 crediderunt.
1264 1634 1543 1696 Profecto
1585 1636 1764 1713 igitur
1806 1636 1879 1698 ad
1922 1635 2144 1697 bellum
2182 1648 2215 1695 6

207 1719 463 1782 Maximo
497 1726 704 1779 contra
733 1719 1119 1780 Maximinum
1149 1717 1432 1782 Balbinus
1455 1719 1679 1782 Romae
1710 1719 1883 1781 bellis
1914 1723 2143 1782 intesti-

205 1805 300 1865 nis
335 1812 394 1866 et
425 1803 769 1866 domesticis
801 1804 1191 1866 seditionibus
1249 1803 1614 1884 urguebatur
1673 1807 1885 1866 occisis
1915 1809 2145 1885 praeci-

206 1909 324 1968 pue
369 1935 548 1950 ......
595 1907 705 1968 per
734 1889 1020 1970 populum
1052 1890 1355 1951 Gallicano
1400 1900 1458 1950 et
1487 1891 1845 1952 Maecenate.
1884 1891 1983 1967 qui
2016 1893 2143 1968 qui-

128 1991 182 2030 20
211 1975 347 2036 dem
359 1974 620 2054 populus
654 1995 685 2035 a
715 1977 1111 2054 praetorianis
1141 1975 1397 2036 laniatus
1430 1984 1539 2045 est,
1576 1995 1709 2036 cum
1729 1975 2016 2036 Balbinus
2050 1995 2143 2036 re-

211 2060 429 2121 sistere
491 2060 883 2124 seditionibus
941 2079 1061 2121 non
1125 2062 1269 2122 satis
1328 2069 1553 2140 posset.
1632 2059 1888 2138 denique
1931 2079 2144 2138 magna

209 2164 350 2225 pars
382 2145 553 2205 urbis
583 2147 826 2206 incensa
859 2153 965 2206 est.

336 2231 412 2290 Et
466 2239 778 2291 recreatus
839 2230 1080 2309 quidem
1138 2231 1466 2308 imperator
1536 2231 1732 2290 fuerat
1789 2229 2147 2291 Maximinus
2184 2245 2213 2294 7

211 2316 408 2377 audita
451 2324 646 2376 morte
691 2315 975 2376 Gordiani
1019 2322 1196 2392 atque
1241 2316 1367 2374 eius
1397 2313 1504 2375 filii
1534 2315 1835 2394 Capeliani
1874 2317 2142 2377 uictoria.

129 2419 184 2458 25
212 2419 427 2462 uerum
458 2401 559 2460 ubi
590 2400 746 2461 aliud
781 2408 1026 2462 senatus
1058 2399 1400 2462 consultum
1430 2402 1679 2480 accepit,
1714 2417 1829 2478 quo
1860 2401 2147 2462 Maximus
2184 2417 2217 2467 8

211 2495 270 2548 et
291 2486 588 2556 Balbinus
637 2493 693 2546 et
725 2486 1060 2547 Gordianus
1103 2487 1499 2565 imperatores
1543 2485 1822 2566 appellati
1856 2494 2014 2558 sunt,
2055 2489 2147 2547 in-

209 2571 467 2650 tellexit,
532 2579 776 2632 senatus
821 2570 954 2632 odia
998 2589 1132 2632 esse
1175 2579 1463 2652 perpetua
1526 2579 1584 2656 et
1624 2590 1689 2632 se
1740 2590 1886 2634 uere
1916 2571 2151 2633 hostem

349 2780 375 2824 1
396 2773 593 2826 *subdit
619 2774 670 2822 B
717 2774 893 2824 subtit
917 2773 992 2824 P¹
1039 2775 1317 2825 subuertit
1338 2771 1481 2824 P³M
1528 2773 1775 2824 subdidit
1798 2776 1987 2840 scripsi
2122 2775 2153 2825 5

209 2843 544 2895 nuntiasunt
567 2841 620 2891 B
643 2844 696 2893 in
719 2844 770 2892 P
791 2847 850 2892 ta
873 2849 927 2892 in
949 2859 1055 2895 ras.
1083 2860 1150 2892 an
1173 2843 1539 2892 nuntiarunt?
1669 2844 1698 2893 7
1725 2843 2023 2892 Maximum
2046 2845 2153 2892 Pu-

211 2913 437 2976 pienum
462 2907 609 2960 P³M
718 2913 748 2960 9
776 2909 963 2972 claruo
986 2911 1038 2960 B
1066 2910 1244 2960 claros
1269 2912 1319 2959 P
1341 2917 1375 2962 t.
1403 2911 1555 2961 Iord.
1670 2915 1727 2960 et
1752 2910 2003 2960 Clodium
2027 2910 2153 2960 Bal-

209 2981 402 3030 binum
428 2995 521 3030 om.
551 2977 674 3028 BP¹
705 2981 826 3031 add.
854 2976 1002 3029 P³M
1158 2977 1550 3029 delecatiorem
1574 2979 1676 3028 BP
1835 2981 1899 3028 14
1921 2980 2076 3029 uitae
2104 2980 2153 3028 B

351 3049 416 3098 15
442 3047 564 3112 ipse
589 3047 692 3096 BP
793 3049 856 3096 19
877 3055 999 3110 post
1021 3047 1325 3112 praecipue
1350 3051 1579 3097 lacunam
1600 3048 1897 3112 significetui.
1938 3063 2037 3112 per
2060 3058 2179 3098 om.u

209 3116 280 3168 B.
319 3119 371 3166 in
398 3117 616 3167 exercit.
645 3117 758 3164 crit.
780 3119 880 3180 μδ)
903 3116 1030 3166 Ilaec
1049 3116 1166 3178 fere
1188 3117 1511 3169 intercidisse
1542 3117 1831 3180 suspicatus
1860 3132 1994 3166 sum:
2028 3117 2154 3167 Bal-

211 3186 379 3236 binus
403 3211 469 3220 —-
495 3183 840 3248 urguebatur
873 3184 1072 3234 occisis
1106 3184 1409 3248 praecipue
1450 3181 1683 3248 [duobus
1718 3185 2087 3249 praetorianis
2119 3201 2155 3236 >a,

215 3253 513 3306 Gallicano
551 3256 608 3300 et
631 3253 961 3301 Maecenate
999 3256 1056 3301 et
1090 3252 1493 3316 instigantibus
1527 3257 1719 3304 contra
1745 3251 2151 3318 praetorianos]

215 3319 1362 3440 spiam.ffa¹3³⁰31¹3353n²32233232‘3:055
1396 3321 1893 3442 Gssisstffiritssffssd·
1930 3321 2153 3439 Ἤέἒ

212 3403 602 3574 ῗςξεῒὲΒΡΡ
641 3404 676 3452 p
723 3459 788 3505 22
815 3472 916 3521 par
940 3456 1020 3506 B2
1182 3459 1246 3508 25
1273 3406 1545 3524 quoAEBP
1686 3461 1752 3518 27
1778 3459 1906 3510 odia
1931 3485 1997 3496 -
2024 3464 2079 3508 et
2104 3462 2158 3508 in

287 3543 342 3575 m
366 3541 477 3576 ras.

281 3642 500 3676 scnnvr.
526 3642 674 3678 mstt.
698 3641 829 3678 Ave.
861 3629 932 3678 II.
1660 3674 1662 3676 ,
1710 3611 1751 3674 2
