2517 3884
858 166 1108 223 HELIVS.
1171 167 1225 224 C.
1258 169 1430 222 5—7.
1984 221 1997 230 ..
2033 160 2118 226 33

184 355 296 416 que
326 335 489 396 illius
519 336 735 396 merito
761 333 946 394 filium
980 335 1108 395 eius
1129 335 1369 403 Verum,
1402 340 1680 411 nepotem
1704 340 1908 413 utpote
1924 352 2118 402 suum,

188 424 283 499 qui
311 427 607 500 pereunte
639 418 810 481 Helio
840 420 904 480 in
946 419 1168 479 familia
1197 420 1384 497 ipsius
1414 417 1696 478 Hadriani
1725 427 2115 489 remanserat,

189 505 586 585 adoptandum
618 505 916 565 Antonino
947 503 1052 564 Pio
1095 522 1231 564 cum
1264 504 1493 572 Marc0‚
1554 509 1621 563 ut
1660 505 1793 564 ianr
1841 503 2115 573 dixtmm,
2140 494 2215 538 Ψ

187 591 344 651 dedit
376 608 556 669 saepe
587 590 823 650 dicens:
871 586 1155 658 „Habeat
1184 607 1285 649 res
1318 587 1559 667 publica
1590 588 2003 667 quodcumque
2044 589 2120 648 de

137 678 404 737 5Vero“.
483 674 644 754 quod
687 674 928 754 quidem
973 675 1341 734 contrarium
1383 675 1437 756 is
1480 691 1630 750 quae
1674 673 1747 734 de
1780 672 2118 752 adoptionis
2153 688 2187 737 3

183 761 545 840 paenitentia
575 778 686 839 per
719 765 994 819 auctores
1022 758 1317 837 plurimos
1346 759 1615 818 intimata
1645 765 1803 827 sunt,
1839 776 1973 818 cum
2004 759 2052 818 V
2057 759 2117 818 e'-

185 865 288 906 rus
317 847 622 924 posterior
664 843 814 904 nihil
857 843 1104 921 dignum
1146 850 1391 922 praeter
1430 842 1808 904 clementiam
1838 845 1898 902 in
1931 845 2117 904 mori·
2166 851 2245 898 ν

185 931 295 992 bus
326 929 626 998 habuerit,
677 929 833 1007 quod
865 930 1287 1008 imperatoriae
1318 927 1575 988 familiae
1606 927 1807 988 lumen
1838 927 2119 988 adferret.

312 1014 472 1076 Haec
515 1024 655 1075 sunt
699 1031 850 1092 quae
905 1013 980 1073 de
1026 1015 1182 1074 Vero
1225 1013 1479 1074 Caesare
1531 1012 1863 1074 mandanda
1904 1011 2121 1073 litteris
2155 1029 2192 1078 4

121 1117 166 1156 10
189 1101 447 1160 fuerunt.
510 1099 584 1160 de
616 1118 732 1178 quo
763 1098 990 1159 idcirco
1020 1117 1140 1159 non
1169 1099 1359 1166 tacui,
1405 1098 1538 1175 quia
1570 1097 1716 1157 mihi
1746 1099 2119 1176 propositum
2157 1115 2192 1163 5

187 1186 297 1246 fuit
325 1202 554 1254 omneS,
591 1186 693 1262 qui
720 1191 856 1263 post
892 1182 1208 1244 Caesarem
1239 1183 1611 1251 dictatorem,
1644 1182 1761 1242 hoc
1792 1190 1882 1242 est
1913 1182 2123 1243 diuum
2282 1231 2307 1255 f

187 1269 429 1339 Iulium,
475 1267 577 1330 uel
609 1268 894 1331 Caesares
935 1268 1034 1328 uel
1060 1269 1314 1346 Augusti
1356 1266 1454 1328 uel
1496 1268 1801 1346 principes
1844 1267 2123 1346 appellati
2191 1257 2282 1342 γ’

186 1361 339 1423 sunt,
367 1356 592 1432 quique
621 1356 685 1413 in
715 1354 1156 1432 adoptationem
1185 1359 1515 1422 uenerunt,
1564 1351 1659 1411 uel
1688 1354 2121 1430 imperatorum

187 1439 287 1498 filii
318 1447 422 1499 aut
449 1445 734 1519 parentes
767 1439 1086 1500 Caesarum
1129 1439 1372 1498 nomine
1417 1439 1753 1498 consecrati
1783 1446 1949 1506 sunt,
1997 1439 2118 1498 sin-

117 1539 162 1579 15
187 1523 338 1602 gulis
401 1523 570 1584 libris
641 1541 944 1604 exponere
1015 1541 1184 1583 meae
1258 1523 1623 1584 satisfaciens
1656 1571 1661 1575 .
1696 1523 2116 1591 conscientiae,

187 1611 415 1670 etiamsi
447 1608 654 1669 multis
685 1608 842 1695 nulla
875 1610 953 1670 sit
982 1610 1313 1670 necessitas
1344 1605 1481 1669 talia
1512 1607 1877 1684 requirendi.

281 1795 314 1846 5
337 1794 428 1844 his
452 1794 635 1844 BPM.
661 1794 709 1844 is
733 1795 923 1860 scripsi
1046 1795 1076 1844 8
1103 1793 1324 1843 adferet
1349 1793 1453 1842 BP
1572 1795 1632 1842 11
1662 1794 1755 1858 qui
1780 1791 1870 1843 uel
1894 1792 2059 1844 BPM

185 1865 244 1913 13
269 1861 635 1928 adoptionem
660 1863 720 1912 M

265 3603 481 3639 sempr.
509 3603 662 3638 ms‘r.
689 3602 814 3638 Avo.
840 3589 884 3640 Ι.
1688 3579 1725 3640 3
