2517 3884
879 127 1130 208 Hiems.
1193 149 1246 206 c,
1280 155 1331 206 4.
1364 154 1413 206 5.
2040 145 2123 210 31

198 317 408 379 dicitur
436 318 802 396 repperisse,
830 316 944 378 hoc
969 325 1059 378 est
1088 335 1301 378 sumen
1330 316 1628 378 fasianum
1654 335 1950 396 pauonem
1982 334 2121 396 per-

199 420 329 463 nam
361 401 751 462 crustulatam
784 409 842 462 et
871 421 1178 481 aprunam.
1260 401 1337 462 de
1378 419 1499 479 quo
1538 418 1765 481 genere
1803 402 1921 462 cibi
1952 401 2123 463 aliter
2159 412 2197 460 5
2276 407 2284 417 ²

195 488 379 548 refert
407 487 632 548 Marius
660 487 953 548 Maximus
994 505 1116 547 non
1159 487 1668 565 pental'armacum
1712 487 1817 548 sed
1846 489 2120 550 tetrafar-

192 591 421 634 macum
453 571 778 652 appellanS,
811 578 880 632 ut
911 579 970 631 et
999 591 1110 632 nos
1137 572 1255 651 ipsi
1283 573 1345 632 in
1380 573 1509 634 eius
1542 574 1659 633 uita
1688 575 1991 651 persecuti
2022 591 2121 634 su-

149 675 172 716 5
192 677 339 720 mus,
387 658 584 718 fertur
626 658 804 717 etiam
835 655 993 717 aliud
1023 674 1216 736 genus
1245 655 1587 735 uoluptatis,
1623 657 1779 736 quod
1813 658 2001 718 Verus
2030 659 2120 718 in·
2160 665 2192 714 6

191 752 457 804 uenerat.
537 760 676 802 nam
715 741 939 802 lectum
985 741 1387 802 eminentibus
1440 750 1716 822 quattuor
1761 741 2122 804 anacliteriis
2160 742 2219 800 ’τ’

189 829 418 889 fecerat
454 827 688 888 minuto
729 825 982 887 reticulo
1023 827 1289 904 undique
1330 827 1627 888 inclusum
1672 845 1925 907 eumque
1964 827 2123 888 foliis

189 930 388 982 rosae,
437 912 654 990 quibus
686 910 991 991 demptum
1026 919 1186 974 esset
1215 910 1445 982 album,
1490 911 1764 991 replebat
1804 914 2123 993 iacensque

191 1015 322 1058 cum
351 995 704 1058 concubinis
734 997 1028 1058 uelamine
1059 996 1134 1057 de
1166 995 1303 1057 liliis
1334 998 1492 1058 sacto
1535 1015 1600 1058 se
1632 997 1871 1076 tegebat
1908 1007 2123 1059 unctus

127 1101 172 1140 ιο
193 1081 474 1144 odoribus
527 1082 797 1146 Persicis,
874 1085 992 1143 iam
1045 1081 1148 1142 illa
1215 1083 1672 1161 frequentantur
1721 1102 1756 1143 a
1824 1083 2124 1144 nonnullis
2160 1091 2193 1140 8

191 1167 346 1245 quod
377 1173 438 1228 et
465 1166 933 1228 accubitationes
977 1185 1044 1226 ac
1073 1184 1315 1228 mensas
1353 1166 1427 1226 de
1456 1169 1615 1228 rosis
1642 1185 1713 1227 ac
1742 1166 1883 1228 liliis
1911 1169 2125 1228 fecerit

191 1261 248 1314 et
277 1251 524 1330 quidem
553 1254 847 1330 purgatiS,
892 1269 1045 1329 quae
1077 1253 1191 1312 etsi
1219 1270 1342 1312 non
1373 1251 1619 1320 decora,
1665 1271 1787 1312 non
1821 1258 2019 1312 tamen
2049 1252 2123 1313 ad

186 1339 514 1418 perniciem
565 1336 864 1416 publicam
916 1343 1194 1415 prompta
1239 1343 1398 1398 sunt.
1491 1344 1667 1416 atque
1718 1336 1879 1397 idem
1932 1339 2124 1416 Apicii
2159 1347 2192 1394 9

190 1421 371 1484 Caelii
402 1421 590 1483 relata
629 1421 788 1483 idem
821 1421 1017 1482 Ouidii
1057 1421 1248 1482 libros
1290 1439 1561 1483 amorum
1606 1423 1669 1482 in
1701 1420 1853 1482 lecto
1886 1439 2124 1501 semper

124 1523 170 1566 15
193 1506 503 1588 habuisse,
570 1507 728 1568 idem
792 1505 1151 1576 Martialem,
1243 1507 1794 1585 epigrammaticum
1863 1515 2120 1586 poetam,

190 1592 516 1671 Vergilium
547 1610 722 1653 suum
753 1591 992 1652 dixisse.
1049 1592 1168 1664 iam
1196 1589 1297 1652 illa
1324 1591 1555 1652 leuiora
1586 1592 1745 1671 quod
1778 1592 2125 1653 cursoribus
2164 1602 2231 1651 10

188 1680 310 1739 suis
341 1675 620 1757 exemplo
651 1677 1010 1756 Cupidinum
1051 1675 1172 1737 alas
1214 1677 1564 1756 frequenter
1594 1677 1871 1756 adposuit
1902 1695 2125 1756 eosque

185 1769 504 1824 uentorum
535 1761 879 1825 nominibus
911 1779 1090 1841 saepe
1116 1763 1402 1823 uocitauit
1431 1763 1685 1823 Boream
1708 1762 1908 1832 alium,
1942 1762 2125 1824 alium

187 1847 409 1909 Notum
441 1856 501 1907 et
539 1849 682 1908 item
712 1847 1064 1925 Aquilonem
1109 1854 1211 1908 aut
1239 1847 1501 1909 Circium
1547 1849 1887 1924 ceterisque
1930 1849 2122 1908 nomi-

124 1932 370 1994 mnihus
424 1931 728 2013 appellans
780 1939 840 1992 et
877 1930 1180 1994 indefesse
1211 1940 1390 2011 atque
1441 1922 1845 1994 inhumaniter
1898 1933 2124 1994 faciens

187 2019 497 2078 cursitare.
544 2016 703 2078 idem
737 2019 912 2077 uxori
952 2019 1351 2094 conquerenti
1392 2016 1467 2077 de
1510 2019 1813 2078 extraneis
1841 2017 2114 2096 uolupta-
2161 2027 2221 2074 11

186 2101 346 2163 tibus
389 2102 607 2162 dixisse
636 2103 863 2163 fertur:
896 2102 1152 2172 „Patere
1185 2121 1281 2162 me
1322 2119 1433 2181 per
1465 2101 1608 2162 alias
1641 2119 1924 2162 exercere
1955 2103 2121 2180 cupi-

187 2187 402 2248 ditates
429 2205 625 2248 meas:
658 2205 811 2247 uxor
843 2189 999 2247 enim
1033 2187 1333 2267 dignitatis
1372 2205 1592 2247 nomen
1632 2194 1740 2256 est,
1786 2204 1906 2246 non
1953 2185 2122 2247 uolu-

185 2274 433 2350 ptatiS.“
476 2271 618 2334 Eius
649 2278 741 2332 est
771 2271 927 2332 filius
949 2273 1283 2333 Antoninus
1315 2273 1524 2341 VeruS,
1559 2273 1657 2348 qui
1688 2270 2012 2355 adoptatus
2033 2279 2125 2333 est
2163 2283 2225 2332 12

125 2371 166 2411 25
192 2355 251 2437 [a
284 2357 505 2426 Marco,
549 2356 647 2418 uel
678 2355 872 2436 certe]
923 2375 1059 2417 cum
1098 2357 1299 2418 Marco
1345 2363 1406 2418 et
1446 2374 1581 2417 cum
1626 2357 1836 2417 eodem
1879 2357 2123 2440 aequale

95 2452 149 2522 d,-
186 2443 373 2519 gessit
402 2443 739 2521 imperium.
788 2461 926 2503 nam
958 2443 1073 2521 ipsi
1101 2449 1240 2502 sunt
1272 2443 1373 2520 qui
1402 2443 1582 2522 primi
1610 2441 1988 2520 dquugusti
2018 2461 2123 2521 ap·-
2162 2453 2226 2502 13

95 2538 157 2603 „²¹
186 2526 396 2605 pellati
441 2534 612 2595 sunt,
661 2537 721 2587 et
763 2545 1020 2606 quorum
1063 2527 1234 2589 fastis
1288 2525 1704 2588 consularibus
1756 2529 1841 2588 sic
1882 2524 2122 2588 nomina

187 2611 687 2689 praescribuntur
743 2619 812 2674 ut
871 2607 1144 2672 dicantur
1188 2630 1310 2673 non
1355 2611 1474 2672 duo
1516 2613 1797 2673 Antonini
1852 2612 1957 2673 sed
2001 2613 2121 2673 duo
2192 2651 2231 2691 .ae

187 2697 459 2774 Augusti.
513 2703 863 2774 tantumque
904 2695 1095 2757 huius.
1124 2698 1215 2756 rei
1257 2705 1317 2758 et
1354 2699 1593 2758 nouitas
1636 2705 1694 2758 et
1734 2697 1988 2776 dignitas
2020 2717 2120 2757 ua·
2162 2707 2227 2755 14

291 2934 319 2981 1
356 2948 586 2998 pernam
608 2948 698 2982 om.
729 2933 797 2983 M
927 2934 959 2982 2
993 2934 1243 2998 aprinam
1268 2931 1342 2982 B²
1375 2949 1605 2999 prunam
1630 2950 1744 2985 exc.
1884 2935 1916 2984 3
1950 2937 2123 2983 terra-

187 2999 494 3050 farmacum
517 2999 637 3050 BP¹
779 3002 844 3051 10
866 2997 997 3067 iam]
1021 3002 1149 3062 fort.
1179 3001 1349 3052 etiam
1488 3005 1551 3053 13
1578 3007 1746 3066 atque
1779 3001 1928 3053 idem
1951 3002 2125 3051 ouidii

185 3067 255 3118 ab
284 3068 416 3118 aliis
439 3068 618 3118 relata
642 3067 791 3118 idem
814 3068 988 3134 apicii
1008 3069 1181 3120 libros
1205 3085 1450 3120 amorum
1468 3069 1629 3120 BPM
1660 3070 1809 3120 idem
1830 3070 2018 3135 Apicii
2040 3086 2123 3120 re-

183 3134 306 3186 lata
328 3136 478 3186 idem
504 3137 693 3188 Ouidii
717 3137 888 3188 libros
911 3135 954 3186 S
1038 3136 1224 3202 Apicii
1249 3137 1428 3188 Caelii
1450 3139 1655 3204 scripsi.
1682 3155 1749 3188 an
1776 3138 1963 3203 Apicii
1982 3138 2122 3188 Cae-

185 3201 246 3252 lii
271 3207 616 3270 praecepta?
740 3207 805 3255 14
826 3203 1006 3255 lectos
1029 3205 1135 3255 BP
1259 3207 1323 3257 15
1347 3205 1665 3257 marcialem
1687 3205 1792 3257 BP
1912 3208 1975 3256 21
2004 3222 2123 3256 cur-

187 3272 359 3324 sitate
383 3270 458 3322 B¹
597 3274 663 3322 22
688 3273 812 3323 alus
833 3271 960 3323 B¹P
1094 3275 1161 3324 24
1184 3271 1331 3324 filius
1358 3279 1445 3324 est
1469 3275 1529 3324 M
1666 3277 1733 3326 25
1758 3290 1791 3324 a
1815 3275 2007 3326 Marco
2030 3273 2124 3322 uel

187 3346 341 3392 certe
375 3342 520 3390 uncis
551 3343 735 3391 inclusi
763 3341 832 3404 of.
857 3357 902 3391 c.
931 3344 978 3400 6,
1005 3343 1055 3392 9.
1091 3357 1136 3394 c.
1163 3345 1196 3390 7
1214 3369 1216 3372 >
1235 3345 1271 3392 2
1306 3339 1551 3406 (insiticia
1576 3342 1729 3393 habet
1760 3345 1910 3392 etiam
1933 3342 2123 3392 Iorda-

187 3407 302 3472 πω)
440 3423 543 3458 uer
563 3407 636 3458 B¹
661 3423 830 3460 uerus
855 3409 970 3460 PM
1104 3413 1161 3460 et
1187 3424 1309 3460 cum
1334 3425 1427 3461 om.
1453 3409 1527 3460 Bt
1665 3411 1731 3460 28
1762 3425 1874 3460 non
1896 3406 1986 3460 ‘im
2010 3409 2045 3458 i.
2075 3423 2121 3458 e.

186 3491 298 3526 non
323 3480 544 3526 tantum
567 3475 639 3526 P²

2278 3729 2487 3838 :l
