2517 3884
850 191 1094 250 VERVS.
1181 191 1239 247 G.
1284 195 1336 247 Β.
1379 191 1431 246 9.
1737 210 1742 218 ·
2014 183 2116 250 ’ῗὸ

166 360 399 420 marios
437 367 501 419 vet
542 359 1031 438 praestigiatores
1056 365 1136 418 .et
1166 360 1365 420 omnia
1396 354 1828 438 mancipiorum
1868 375 2110 436 genera,

162 463 433 524 quorum
467 444 639 525 Syria
682 452 741 504 et
778 442 1135 505 Alexandria
1172 445 1438 522 pascitur
1483 442 1786 523 uoluptate
1803 490 1818 513 ,
1863 461 2112 522 prorsus

168 536 239 589 ut
268 529 589 590 uideretur
616 527 841 589 bellum
872 547 993 589 non
1018 527 1368 590 Parthicum
1395 529 1502 589 sed
1530 527 1945 589 histrionicum
1966 547 2111 589 oon·

166 616 410 676 fecisse.

114 711 145 752 ⁵
296 700 376 762 Et
427 699 585 760 hane
643 701 801 760 uitae
856 699 1269 760 diuersitatem
1322 706 1499 778 atque
1554 697 1665 758 alia
1717 701 1905 759 multa
1954 691 2114 758 intsr
2145 695 2188 760 9

166 785 441 846 Marcum
475 791 535 844 et
565 786 787 845 Verum
834 783 1169 845 simultates
1212 784 1454 852 secisse,
1499 801 1621 844 non
1649 791 1858 864 aperta
1890 785 2112 844 ueritas

168 869 505 938 indicabat,
562 869 671 928 sed
722 869 993 930 occultus
1042 886 1252 929 rumor
1307 870 1627 929 inseuerat.
1699 887 1914 930 uerum
1963 868 2112 929 illud
2149 879 2180 926 2

169 955 571 1034 praecipuum
630 953 821 1034 quod,
891 972 1025 1014 cum
1076 952 1368 1014 Libonem
1429 953 1729 1030 quendam
1779 953 2112 1033 patruelem

171 1058 351 1102 suum
392 1039 633 1100 Marcus
678 1038 943 1117 legatum
984 1041 1047 1099 in
1078 1038 1310 1119 Syriam
1353 1039 1640 1108 misisset,
1689 1045 1868 1118 atque
1906 1038 2006 1098 ille
2049 1056 2113 1098 se

98 1138 149 1177 10
170 1125 533 1186 insolentius
576 1141 753 1202 quam
787 1123 1165 1185 uerecundus
1210 1130 1451 1183 senator
1480 1123 1726 1184 efferret
1767 1122 1993 1192 dicens,
2041 1123 2114 1184 ad

171 1213 423 1272 fratrem
458 1229 631 1270 suum
660 1228 729 1271 se
760 1211 1130 1288 scripturum
1162 1225 1328 1279 esse,
1364 1209 1414 1266 si
1447 1212 1549 1284 qui
1591 1209 1746 1268 forte
1791 1207 2111 1277 dubitaret,

170 1314 285 1357 nee
327 1297 525 1356 Verus
562 1313 853 1374 praesens
894 1295 1017 1374 pati
1060 1299 1299 1372 posset,
1344 1292 1658 1370 subitoque
1701 1291 1915 1353 morbo
1955 1295 2114 1353 notis

170 1399 367 1461 prope
394 1381 619 1440 ueneni
652 1378 1075 1440 exsistentibus
1105 1379 1428 1446 interisset,
1460 1379 1654 1438 uisum
1679 1385 1768 1439 est
1789 1376 2111 1446 nonnullis,

172 1485 297 1526 non
338 1473 543 1525 tamen
586 1465 819 1534 Mar-eo,
854 1463 1025 1542 quod
1069 1464 1197 1525 eius
1247 1463 1460 1524 fraude
1503 1469 1814 1542 putaretur
1855 1465 2109 1524 occisus.

104 1563 153 1602 1⁵
178 1568 331 1630 quae
360 1569 463 1611 res
493 1548 861 1611 simultatum
890 1550 1055 1610 auxit
1080 1567 1406 1609 rumorem.
1471 1547 1670 1609 liberti
1713 1547 1964 1610 multum
2006 1565 2113 1626 po·
2151 1557 2183 1604 3

174 1643 423 1696 tuerunt
454 1635 611 1714 apud
644 1637 897 1704 Verum,
944 1639 1009 1694 ut
1046 1635 1113 1694 -in
1142 1635 1264 1694 uita
1297 1633 1480 1694 Marci
1509 1633 1800 1702 diximus,
1835 1631 2114 1694 Geminas

176 1727 237 1782 et
263 1720 605 1800 Agaclytus»,
640 1721 737 1780 eui
766 1719 931 1780 dedit
955 1720 1149 1779 ‚inuito
1180 1719 1380 1778 Marco
1409 1717 1652 1778 Libonis
1668 1737 1950 1779 uxorem.
2009 1718 2113 1778 de·
2150 1727 2185 1776 4

175 1808 357 1884 nique
387 1806 611 1884 nuptiis
642 1804 716 1865 ab
746 1807 901 1865 Vero
934 1803 1247 1864 celebratis
1277 1803 1512 1864 Marcus
1543 1804 1816 1864 conuiuio
1859 1821 1978 1864 non
2023 1805 2114 1862 in-

176 1893 402 1952 terfuit.
468 1889 672 1951 habuit
704 1897 763 1951 et
791 1888 938 1950 alios
979 1888 1227 1949 libertos
1256 1890 1446 1949 Verus
1488 1887 1827 1967 improbo&
1875 1886 2115 1948 Coeden
2153 1900 2184 1948 5

106 1989 157 2028 20
180 1985 239 2036 et
278 1974 585 2037 Eclectum
628 1983 997 2054 ceterosque.
1060 1990 1213 2051 quos
1256 1991 1466 2034 omnes
1509 1974 1743 2034 Marsus
1788 1980 1924 2050 post
1953 1991 2113 2032 mor·
2151 1983 2184 2031 6

180 2071 299 2121 tem
352 2062 491 2122 Veri
552 2061 753 2139 speeie
810 2059 1059 2119 honoris
1118 2057 1336 2120 abiecit
1393 2058 1635 2119 Eclecto
1687 2063 1954 2126 retento,
2014 2059 2114 2136 qui

180 2153 388 2226 postea
418 2144 811 2206 Commodum
838 2143 1021 2205 filium
1053 2145 1183 2205 eius
1212 2143 1446 2204 oceidit.
1476 2183 1481 2188 ·

302 2231 393 2292 Ad
424 2229 657 2291 bellum
682 2229 1134 2299 Germanicum,
1179 2228 1415 2290 Marsus
1457 2226 1616 2304 quod
1644 2225 1838 2286 nollet
1865 2225 2118 2286 Lucium
2154 2239 2185 2288 7

182 2318 316 2377 sine
342 2335 409 2376 se
438 2314 539 2376 uel
566 2314 641 2376 ad
674 2314 896 2376 bellum
924 2315 1167 2375 mittere
1194 2312 1296 2375 uel
1323 2314 1387 2373 in
1417 2311 1567 2373 urbe
1598 2311 1900 2372 dimittere
1943 2329 2118 2372 causa

110 2413 163 2453 25
185 2401 482 2471 luxuriae,
530 2398 705 2460 simul
754 2400 1011 2479 profecti
1052 2405 1193 2460 sunt
1231 2405 1412 2478 atque
1451 2396 1776 2477 Aquileiam
1820 2404 2120 2457 uenerunt

182 2488 488 2566 inuitoque
520 2484 702 2546 Lueio
732 2484 911 2564 Alpes
936 2485 1300 2562 transgressi
1317 2529 1333 2554 ,
1366 2502 1500 2545 cum
1527 2484 1724 2544 Verus
1753 2481 1912 2561 apud
1931 2483 2118 2559 -Aqui-
2155 2495 2188 2544 8

182 2571 357 2632 leiam
387 2578 621 2632 tantum
650 2579 901 2632 uenatus
930 2571 1396 2646 eonuinatusque
1429 2575 1612 2638 esset,
1657 2567 1892 2628 Marcus
1920 2575 2119 2628 autem

186 2658 381 2718 omnia
405 2657 835 2735 prospexisset.
896 2655 973 2714 de
1004 2671 1123 2732 quo
1163 2652 1320 2714 bello
1366 2653 1604 2732 quidem
1633 2653 1783 2728 quid
1821 2665 1930 2731 per
1959 2651 2120 2730 lega·
2155 2667 2222 2724 9,

184 2747 275 2802 tos
300 2741 701 2802 harbarorum
729 2757 939 2820 pacem
966 2741 1321 2819 petentium,
1337 2739 1496 2818 quid
1515 2757 1634 2818 per
1660 2738 1848 2799 duces
1877 2744 2118 2798 nostros

286 2981 312 3028 1
340 2977 802 3043 praesticiatores
826 2973 947 3026 BP¹
1085 2979 1117 3027 3
1140 2975 1471 3026 histrionum
1493 2971 1566 3022 B¹
1727 2976 1760 3024 ὅ
1782 2973 1924 3023 haee
1948 2999 2013 3008 —
2042 2972 2122 3022 di-

190 3047 429 3096 uersitas
452 3045 632 3095 BPM.
656 3061 749 3096 em.
783 3045 905 3095 Vrs.
1042 3047 1075 3094 9
1100 3044 1251 3108 syria
1275 3041 1398 3094 BP¹
1559 3043 1624 3093 10
1659 3055 1827 3106 quem.
1843 3041 1898 3089 B
2058 3042 2119 3091 11

190 3114 392 3164 fratre-s
418 3128 551 3164 suos
573 3112 737 3162 BPM
760 3112 992 3163 fratrem
1016 3127 1173 3162 suum
1194 3110 1238 3160 S
1263 3111 1330 3162 fr.
1355 3125 1515 3161 suum
1549 3125 1608 3160 se
1637 3111 1833 3174 scripsi
1989 3107 2126 3173 quid

190 3185 315 3248 uolq.
460 3183 527 3230 16
548 3182 725 3231 uitam
750 3179 860 3230 dix.
884 3179 989 3229 BP
1122 3179 1387 3231 Geminus
1413 3179 1756 3230 Mommenns
1894 3178 1956 3227 17
1993 3191 2125 3242 aga·

192 3250 352 3301 clitus
374 3249 549 3300 BPM
704 3249 769 3299 18
791 3247 999 3299 habero
1023 3246 1150 3297 B¹P
1169 3247 1376 3298 abhero
1398 3246 1468 3297 M
1621 3247 1686 3296 19
1711 3245 1926 3296 Goeten
1950 3244 1992 3294 S

194 3319 253 3368 20
276 3317 639 3368 ottecleetum
661 3316 829 3365 BPM
958 3317 1024 3366 21
1051 3315 1260 3365 adiecit
1283 3315 1389 3365 BP
1505 3311 1861 3365 2fi'luxbriae
1882 3312 1935 3361 B
2059 3312 2126 3362 26

194 3384 339 3451 lupio
361 3385 469 3435 BP
598 3386 667 3435 27
690 3387 953 3434 uectatus
976 3382 1144 3434 BPM
1160 3399 1252 3434 em.
1280 3383 1402 3437 θῦν.
1539 3383 1606 3432 28
1629 3381 1917 3448 prospexit
1941 3378 2009 3428 Ρ1

195 3453 413 3518 quidem
433 3451 604 3502 BPM
634 3451 857 3518 quidem
882 3451 1013 3516 quid
1033 3453 1228 3516 scripsi
1330 3449 1552 3516 quidem
1575 3477 1644 3486 ——-
1665 3454 1882 3516 gestum
1913 3452 2000 3496 est
2023 3447 2125 3496 del.

196 3520 529 3572 Mamercus
664 3522 731 3572 28
758 3519 979 3585 quidem
1001 3519 1169 3569 BPM
