2517 3884
807 174 1237 230 AvnfflAnvs,
1328 178 1382 231 c.
1429 180 1595 232 7-9,
2039 172 2157 235 143

220 359 454 420 pronus
493 339 562 401 ad
605 337 862 407 ludicra,
917 338 1112 399 leuius
1154 341 1509 417 cogitaret.“
1582 343 1743 403 Haec
1785 342 2031 421 epistula
2062 345 2151 403 in·
2194 355 2225 402 5

223 426 402 494 dicat,
437 432 694 502 quantae
725 426 905 485 suerit
935 426 1294 495 seueritatiS,
1332 433 1395 485 ut
1424 426 1593 486 illum
1610 427 1956 488 Valerianus
1980 430 2153 488 etiam

223 510 492 572 timuisse
526 512 590 569 Se
619 509 792 569 dicat.

351 594 632 655 Eiusdem
665 594 960 656 Valeriani
991 594 1102 654 alia
1136 601 1228 655 est
1259 595 1539 673 epistola,
1586 615 1736 675 quae
1766 596 1973 657 laudes
2004 596 2160 657 illius
2192 595 2233 659 9

151 694 193 733 *5
225 681 508 740 continet.
557 696 732 756 quam
763 696 872 755 ego
907 697 978 739 ex
1010 680 1242 739 scriniis
1272 681 1685 759 praefecturae
1715 679 1983 741 urbanae
2014 701 2153 761 pro-

223 763 349 826 tuli.
397 782 535 824 nam
564 764 650 824 illi
680 763 930 824 Romam
961 765 1232 825 uenienti·
1256 764 1471 826 salaria
1501 768 1594 825 sui
1626 766 1853 827 ordinis
1884 776 2024 827 sunt
2054 767 2155 827 de·

223 857 405 909 creta.
465 848 816 928 Exemplum
853 848 1169 927 epistulae:

350 934 746 1003 „Valeri-anus
788 926 1087 1011 Augustus
1129 934 1373 995 Ceionio
1414 933 1628 995 Albino
1663 937 1967 1014 praefecto
1998 936 2151 997 urbi.
2192 946 2223 993 2

350 1018 646 1079 Vellemus
669 1019 908 1097 quidem
933 1018 1182 1096 singulis
1205 1018 1541 1099 quibusque
1566 1020 1964 1097 deuotissimis
1986 1023 2076 1081 rei
2096 1040 2153 1099 p.

140 1120 193 1158 ιο
226 1105 371 1164 uiris
413 1103 597 1164 multo
646 1105 871 1164 maiora
917 1103 1153 1164 deferre
1197 1099 1550 1183 compendia
1594 1122 1773 1181 quam
1814 1123 2023 1167 eorum
2066 1106 2153 1165 di·

219 1192 418 1266 gnitas-
459 1188 746 1267 postulat,
810 1190 1063 1250 maxime
1115 1189 1218 1248 ubi
1272 1188 1565 1249 honorem
1608 1191 1731 1251 uita
1781 1190 2158 1250 commendat

223 1272 421 1351 (deb-et
468 1275 626 1333 enim
668 1273 808 1352 quid
850 1281 1090 1352 praeter
1134 1274 1481 1351 dignitatem
1524 1275 1779 1352 pretium
1812 1293 1943 1334 esse
1974 1276 2152 1334 meri-

219 1357 459 1437 torum),
494 1358 598 1418 sed
629 1359 769 1418 facit
800 1360 964 1436 rigor
993 1357 1377 1437 puhlicuS,ut
1408 1360 1681 1437 accipere
1712 1358 1785 1419 de
1815 1361 2151 1438 prouincia-

221 1450 376 1506 rum⁴
406 1441 790 1503 inlationibus
843 1442 1000 1503 ultra
1053 1443 1281 1503 ordinis
1335 1445 1429 1503 sui
1486 1444 1737 1521 gradum
1794 1463 1969 1503 nemo
2022 1444 2157 1523 plus

143 1543 192 1581 15
223 1530 426 1607 possit.
485 1527 884 1597 Aurelianum,
916 1529 1309 1588 fortissimum
1340 1530 1559 1598 uirum,
1595 1528 1667 1588 ad
1698 1528 2066 1607 inspicienda
2098 1534 2156 1587 et
2192 1541 2224 1587 3

197 1612 549 1673 'ordinanda
581 1620 776 1681 castra
809 1615 1004 1673 omnia
1037 1613 1482 1682 destinauimus‚
1529 1616 1626 1673 eui
1654 1621 1886 1673 tantum
1920 1633 1951 1674 a
1983 1614 2154 1674 nobis

221 1704 398 1774 atque
429 1696 501 1757 ab
535 1699 695 1757 omni
725 1716 794 1757 re
819 1717 874 1776 p.
911 1692 1213 1758 commu'ni
1243 1700 1427 1759 totius
1454 1699 1751 1758 exercitus
1778 1700 2153 1759 confessione

221 1782 468 1842 debetur
500 1790 565 1841 ut
595 1782 770 1861 digna
801 1782 905 1843 illo
936 1786 1033 1843 uix
1069 1782 1263 1859 aliqua
1293 1782 1391 1843 uel
1422 1784 1599 1843 nimis
1628 1802 1839 1861 magna
1873 1785 1992 1843 sint
2022 1803 2151 1844 mu-

220 1886 380 1928 nera.
417 1866 558 1946 quid
591 1869 748 1927 enim
782 1869 840 1928 in
873 1867 972 1927 illo
1006 1885 1127 1927 non
1159 1867 1423 1928 clarum?
1466 1867 1606 1944 quid
1638 1887 1759 1927 non
1790 1868 2064 1928 Coruinis
2096 1876 2154 1927 et
2188 1878 2222 1925 4

143 1966 192 2005 20
221 1952 600 2031 Scipionibus
631 1952 1096 2012 conferendum?
1155 1951 1256 2011 ille
1300 1951 1584 2012 liberator
1615 1951 1849 2030 lllyrici,
1882 1950 1982 2012 ille
2014 1951 2150 2013 Gal-

219 2037 432 2098 liarum
462 2038 792 2105 restitutor,
826 2036 926 2097 ille
959 2037 1074 2097 dux
1108 2039 1307 2113 magni
1336 2038 1517 2096 totius
1550 2036 1822 2115 exempli.
1868 2045 1927 2097 et
1956 2043 2153 2097 tamen
2190 2047 2222 2095 5

217 2122 362 2181 nihil
393 2128 634 2200 praeter
661 2140 725 2181 ea
750 2140 995 2201 possum
1026 2121 1246 2182 addere
1262 2127 1425 2182 tanto
1458 2122 1588 2180 uiro
1619 2120 1691 2181 ad
1722 2124 1989 2181 muneris
2020 2139 2151 2199 gra-

219 2210 389 2267 tiam:
447 2222 563 2265 non
606 2209 826 2284 patitur
869 2206 1068 2267 sobria
1113 2214 1170 2265 et
1201 2206 1357 2265 bene
1398 2206 1660 2283 gerenda
1704 2224 1801 2265 res
1845 2224 1902 2284 p.
1968 2224 2153 2285 quare
2190 2214 2221 2263 6

217 2293 528 2353 sinceritas
561 2286 698 2360 tua,
735 2294 817 2351 mi
859 2310 1076 2370 parens
1107 2291 1446 2359 carissime,
1483 2308 1665 2368 supra
1696 2290 1853 2351 dicto
1886 2293 2017 2351 uiro
2052 2291 2151 2351 ad-

142 2390 188 2429 25
219 2377 391 2445 ficiet,
429 2376 709 2453 quamdiu
737 2377 960 2436 Romae
992 2377 1193 2444 fuerit,
1237 2394 1425 2453 panes
1455 2374 1741 2436 militares
1773 2376 2027 2435 mundos
2060 2395 2151 2436 se-

216 2462 439 2529 decim,
473 2479 658 2541 panes
689 2460 975 2521 militares
1007 2463 1345 2541 castrenses
1378 2460 1795 2539 quadraginta,
1830 2462 1953 2521 uini
1984 2480 2149 2522 men·

215 2546 356 2606 salis
387 2547 680 2607 sextarios
712 2546 1128 2624 quadraginta,
1172 2544 1505 2625 porcellum
1536 2546 1873 2615 dimidium,
1908 2544 2151 2623 gallina-

215 2650 354 2691 ceos
385 2630 567 2698 duos,
617 2632 899 2709 porcinae
930 2632 1130 2709 pondo
1160 2633 1431 2707 triginta,
1484 2629 1742 2691 bubulae
1773 2631 1975 2709 pondo
2009 2647 2148 2706 qua-

213 2716 512 2793 draginta,
579 2714 692 2774 olei
736 2717 1055 2777 sextarium
1115 2734 1300 2775 unum
1346 2722 1403 2774 et
1444 2716 1587 2774 item
1628 2714 1784 2794 [olei
1828 2716 2151 2775 sextarium

135 2814 184 2853 ³0
215 2798 432 2880 unum]
509 2799 850 2876 liquaminis
917 2801 1239 2859 sextarium
1311 2817 1526 2867 unum,
1614 2799 1751 2859 salis
1825 2800 2151 2858 sextarium

213 2903 420 2953 unum,
455 2884 777 2945 herbarum
809 2883 1080 2944 holerum
1113 2890 1399 2961 quantum
1433 2892 1523 2942 sat
1556 2891 1661 2943 est.
1700 2901 1841 2943 sane
1873 2884 2149 2961 quoniam
2188 2894 2217 2943 7

214 2972 269 3030 ei
309 2968 526 3055 aliquid
569 2973 892 3048 praecipue
933 2967 1377 3029 decernendum
1422 2973 1541 3037 est,
1604 2966 1879 3043 quamdiu
1928 2966 2151 3047 Romae

348 3160 380 3207 3
406 3171 463 3205 se
492 3173 584 3208 om.
611 3156 662 3205 B
809 3157 840 3205 5
867 3154 1086 3204 seriniis
1113 3154 1163 3201 B
1179 3152 1193 3184 ¹
1360 3156 1419 3204 17
1448 3154 1585 3218 reip.
1614 3154 1779 3203 BPM
1936 3156 2001 3201 22
2026 3154 2152 3202 mis-

211 3273 330 3306 sum
357 3255 436 3305 B¹
577 3260 642 3307 23
667 3238 778 3306 non
803 3257 983 3305 addidi
1029 3264 1033 3270 '
1116 3258 1182 3305 24
1208 3248 1361 3305 Izi-Tne
1387 3256 1437 3304 B
1574 3257 1639 3305 27
1668 3216 1977 3319 postedlum
1999 3254 2051 3303 B

209 3327 276 3375 29
303 3324 541 3375 oleumB
638 3324 748 3375 olei
773 3324 1075 3373 sextarium
1099 3340 1266 3373 unum
1291 3322 1598 3376 unc.inclus'i
1620 3323 1728 3373 olei
1754 3322 1984 3373 secundi
2011 3326 2149 3372 sext.

207 3408 377 3442 unum
401 3396 534 3455 uoly.
617 3395 682 3443 30
709 3392 842 3442 salis
866 3392 1168 3441 sextarium
1191 3408 1360 3443 unum
1384 3390 1560 3444 om.B¹
1587 3394 1706 3442 add.
1722 3391 1805 3441 B²
1830 3394 1902 3442 ad
1921 3406 2079 3454 mary.

207 3497 273 3545 31
300 3494 504 3545 herbas
530 3493 695 3543 BPM
824 3458 1058 3544 holerum
1083 3494 1133 3542 B
