2517 3884
332 165 424 230 48
554 228 560 234 ,
1036 125 1581 225 1vt1cA1>1r0L1N1
1648 193 1651 198 -

339 338 448 399 leis
489 336 726 400 condita
768 355 889 398 non
931 334 1211 405 haberet,
1259 337 1524 398 minores
1566 353 1713 397 uero
1758 333 1939 395 urbes
1982 333 2129 394 aliae
2171 335 2287 394 tri-

341 425 503 502 ginta
545 423 807 492 dIerum,
861 421 1011 482 aliae
1053 420 1475 499 quadraginta,
1532 419 1857 482 nonnullae
1892 419 2078 480 duum
2108 436 2287 480 men-

267 517 310 566 3
344 511 515 578 sium,
550 525 703 587 quae
733 509 1067 577 minimum,
1101 506 1443 583 quindecim
1474 505 1725 567 dierum.
1760 504 1921 566 idem
1954 522 2091 564 eum
2118 511 2289 564 esset

341 595 696 674 praefectus,
729 611 895 654 arma
925 591 1181 652 militum
1201 609 1455 672 -semper
1484 592 1763 670 inspexit.
1810 589 2038 650 nullum
2070 607 2287 650 senem

341 679 596 741 militare
638 695 850 758 passus
893 683 1013 748 est,
1068 675 1299 738 nullum
1351 694 1609 756 puerum
1660 693 1927 736 annonas
1980 675 2283 754 accipere.
2350 688 2389 729 5

341 770 531 826 castra
565 764 762 824 omnia
793 768 852 823 et
881 763 1101 824 fossata
1134 780 1343 823 eorum
1374 760 1748 830 circumibat,
1788 759 2067 822 noctibus
2100 761 2287 820 etiam

267 858 306 906 4
342 849 694 928 plerumque
736 847 967 925 uigilias
1009 846 1449 924 frequentabat.
1512 844 1939 923 amabaturque
1982 843 2055 907 ab
2088 846 2289 906 omni-

341 935 473 1003 bus,
509 932 666 1013 quod
699 935 786 994 sic
815 941 876 994 et
904 951 1034 994 rem
1057 950 1116 1012 p.
1152 938 1380 994 amaret
1411 938 1472 992 et
1501 933 1853 1011 principem.
1884 930 2109 992 tribuni
2140 948 2285 991 eum

343 1028 404 1080 et
433 1019 616 1080 duces
646 1035 834 1097 usque
865 1017 1013 1079 adeo
1043 1017 1467 1079 timuerunt‘et
1497 1024 1777 1079 amarunt
1815 1023 1881 1077 ut
1922 1033 2121 1095 neque
2150 1015 2287 1076 uel-

274 1111 307 1162 5
342 1103 468 1165 lent
515 1121 768 1183 peccare
819 1121 1016 1183 neque
1058 1101 1176 1167 ulla
1225 1121 1295 1163 ex
1339 1109 1511 1182 parte
1562 1106 1902 1182 peccarent.
1965 1099 2289 1180 Philippus
2320 1117 2389 1156 m

345 1207 480 1250 eum
521 1196 770 1269 propter
809 1189 1101 1269 pleraque
1141 1187 1535 1249 uehementer
1576 1189 1845 1267 timuisse
1874 1187 2069 1249 fertur
2100 1193 2287 1264 atque

267 1269 274 1280 ’
343 1274 419 1336 ob
450 1273 566 1334 hoc
592 1291 750 1358 per
731 1273 998 1335 medicos
1028 1273 1275 1334 insidias
1307 1275 1436 1334 eius
1467 1274 1626 1334 uitae
1656 1289 1921 1353 parasse,
1958 1271 2287 1352 etquidem

275 1367 306 1415 6
344 1360 459 1421 hoc
488 1377 743 1437 genere.
793 1378 928 1420 cum
961 1358 1250 1420 effusione
1282 1357 1402 1419 alui
1432 1357 1741 1420 Misitheus
1770 1356 2073 1418 laboraret
2100 1364 2287 1436 atque

343 1464 376 1506 a
406 1444 656 1506 medicis
697 1443 944 1506 sistendi
984 1445 1214 1505 uentris
1249 1445 1439 1521 gratia
1467 1441 1749 1523 poculum
1778 1441 2093 1504 iuberetur
2123 1443 2286 1504 acci-

342 1546 520 1609 pere,
573 1531 816 1589 mutatis
857 1545 1010 1606 quae
1050 1530 1289 1590 fuerant
1327 1536 1533 1608 parata
1575 1528 1637 1588 id
1676 1529 1871 1588 fertur
1914 1527 2119 1589 datum
2160 1543 2287 1605 quo
2317 1542 2384 1582 15

346 1617 532 1692 magis
561 1611 918 1674 solueretur.
953 1620 1154 1693 atque
1141 1615 1238 1674 ita
1274 1615 1645 1677 exanimatus
1676 1621 1783 1674 est.

135 1697 357 1790 ,μζ-229
470 1698 603 1770 Quo
654 1705 893 1759 mortuo
934 1700 1188 1760 Arriano
1235 1708 1296 1759 et
1334 1699 1495 1778 Papo
1542 1716 1738 1760 conss
1792 1700 1855 1760 in
1901 1700 2029 1759 eius
2076 1696 2287 1760 locum

342 1785 680 1864 praefectus
725 1784 1013 1862 praetorii
1065 1785 1254 1846 factus
1308 1791 1401 1844 est
1442 1782 1753 1863 Philippus
1792 1783 2013 1854 Arabs,
2071 1782 2288 1846 humili

342 1887 564 1948 genere
594 1876 768 1931 natus
797 1870 906 1930 sed
930 1868 1246 1947 superbus,
1301 1869 1402 1946 qui
1432 1888 1497 1931 se
1526 1870 1591 1930 in
1620 1871 1885 1930 nouitate
1916 1869 2129 1948 atque
2112 1887 2284 1930 mor-

245 1989 261 2005 .
343 1957 560 2022 mitate,
583 1954 859 2015 fortunae
899 1972 1021 2016 non
1062 1956 1284 2024 tenuit,
1336 1956 1416 2016 ita
1460 1961 1527 2016 ut
1569 1956 1768 2016 statim
1800 1953 2131 2024 Gordiano,
2178 1956 2284 2032 qui
2314 1969 2379 2009 2⁰

344 2058 482 2101 eum
509 2040 574 2100 in
603 2039 800 2100 locum
833 2041 1100 2118 parentis
1129 2039 1486 2110 adsciuerat,
1524 2039 1771 2101 insidias
1800 2059 1911 2119 per
1942 2038 2159 2102 milites
2196 2041 2287 2100 sa-

275 2136 308 2184 2
346 2132 528 2193 ceret,
561 2143 714 2204 quae
742 2124 892 2186 tales
921 2126 1196 2188 fuerunt:
1229 2124 1539 2187 Misitheus
1572 2132 1801 2186 tantum
1820 2126 2063 2205 ubique,
2092 2143 2285 2205 quan-

342 2216 472 2272 tum
503 2209 780 2280 diximuS,
826 2209 1117 2272 habuerat
1146 2209 1523 2272 conditorum
1555 2216 1619 2271 ut
1648 2209 1932 2272 uacillare
1964 2210 2287 2289 dispositio

343 2295 609 2356 Romana
641 2314 761 2357 non
791 2303 1023 2374 posset;
1080 2313 1295 2358 uerum
1338 2295 1566 2358 artibus
1596 2295 1857 2376 Philippi
1885 2298 2144 2376 primum
2175 2314 2287 2356 na-

343 2397 451 2442 ues
479 2381 908 2442 frumentariae
938 2387 1076 2442 sunt
1106 2398 1385 2449 auersae,
1433 2380 1647 2442 deinde
1686 2383 1750 2441 in
1782 2399 1851 2442 ea
1879 2380 2008 2446 loca
2041 2379 2289 2442 deducti
2316 2395 2377 2435 25

273 2476 310 2523 3
347 2472 486 2526 sunt
514 2464 734 2525 milites
759 2466 822 2525 in
853 2464 1072 2544 quibus
1102 2466 1396 2527 annonari
1414 2484 1539 2527 non
1561 2473 1783 2546 posset.
1818 2465 1959 2528 hinc
1979 2464 2289 2528 Gordiano

343 2551 593 2611 infestos
634 2549 854 2610 milites
895 2552 1092 2612 statim
1121 2549 1399 2622 reddidit,
1432 2569 1553 2612 non
1582 2551 2015 2629 intellegentes,
2050 2551 2289 2614 artibus

271 2645 310 2693 4
346 2634 603 2714 Philippi
632 2635 912 2696 iuuenem
945 2653 1078 2698 esse
1108 2634 1445 2714 deceptum.
1480 2636 1586 2697 sed
1618 2635 1931 2717 Philippus
1964 2638 2145 2698 etiam
2164 2635 2287 2698 hoc

229 2763 234 2768 -
345 2719 571 2783 addidit
599 2725 666 2779 ut
693 2737 999 2783 rumorem
1041 2737 1152 2800 per
1193 2719 1413 2785 milites
1448 2730 1791 2801 spargeret,
1836 2721 2289 2784 adulescentem

346 2823 478 2868 esse
511 2804 894 2875 Gordianum,
928 2807 1244 2885 imperium
1271 2825 1392 2866 non
1416 2825 1591 2886 posse
1614 2825 1847 2886 regere,
1882 2805 2097 2868 melius
2122 2825 2282 2878 esse,
2312 2821 2375 2861 30

342 2887 511 2952 illum
540 2892 838 2970 imperare
871 2892 973 2969 qui
1002 2890 1250 2952 militem
1283 2891 1638 2970 gubernare,
1686 2894 1789 2971 qui
1819 2911 1949 2954 rem
1980 2891 2289 2973 publicam

479 3095 511 3144 2
537 3092 766 3146 duorum
788 3094 856 3144 M
995 3090 1278 3144 mensuum
1300 3095 1403 3145 BP
1541 3096 1576 3144 4
1599 3110 1783 3147 ermae
1806 3096 1858 3146 B
1997 3109 2183 3146 semen
2208 3093 2286 3144 Ρ1

346 3159 426 3224 (ut
445 3160 574 3225 uid.)
713 3163 746 3212 6
771 3166 828 3212 et
854 3162 1188 3213 fossatorum
1209 3163 1313 3212 BP
1343 3163 1557 3213 fossato
1582 3165 1649 3214 M
1666 3181 1757 3215 em.
1784 3164 1825 3214 S
1960 3166 1992 3213 9
2016 3168 2187 3228 atque
2213 3160 2289 3212 B¹

347 3244 523 3294 usque
547 3227 628 3277 B¹
769 3233 832 3281 13
858 3245 1120 3296 generum
1142 3231 1195 3281 B
1220 3247 1481 3296 generem
1509 3228 1577 3280 P¹
1720 3233 1786 3282 14
1810 3232 1967 3297 gatia.
1991 3229 2145 3282 B¹P¹

347 3294 668 3361 poculorum
689 3297 794 3348 BP
952 3301 1015 3349 17
1036 3299 1269 3364 apriano
1288 3299 1456 3350 BPM
1473 3315 1563 3350 em.
1589 3299 1632 3350 S
1774 3309 1846 3365 pa
1850 3315 1923 3365 pp
1889 3315 1959 3364 po
1983 3299 2150 3351 BPM

351 3364 414 3416 19
441 3364 538 3416 sed
562 3381 654 3416 om.
679 3365 783 3414 BP
932 3368 997 3416 22
1021 3368 1226 3433 ubique
1251 3383 1345 3417 om.
1371 3367 1438 3417 M
1590 3369 1657 3419 23
1681 3366 1763 3434 ut]
1794 3373 1851 3418 et
1875 3366 2001 3418 B¹P
2025 3366 2083 3431 (t.
2108 3367 2261 3419 Iord.
2267 3368 2289 3431 )

483 3433 549 3482 26
573 3447 792 3484 annona
817 3432 1011 3484 haberi
1034 3435 1100 3484 M
1199 3435 1265 3486 28
1289 3435 1393 3485 hoc
1417 3450 1511 3490 om.
1538 3436 1605 3486 M
1697 3439 1760 3488 31
1786 3435 2097 3504 gubernare
2122 3435 2300 3487 BPM

345 3499 514 3551 em.G

2262 3612 2517 3850 e]
