2517 3884
377 195 505 260 252
1079 201 1254 260 AELlI
1298 201 1653 258 LAMPlRlDll

310 379 346 426 4
379 371 720 449 praefectos
777 367 943 430 urbis
1009 376 1274 447 egerant.
1381 369 1556 446 agoni
1612 369 1915 447 praesedit
1956 377 2013 430 et
2054 371 2315 430 maxime

313 466 346 511 5
381 454 680 516 Herculeo
719 455 784 515 in
825 453 1117 514 honorem
1146 453 1345 531 Magni
1384 452 1720 515 Alexandri.
1800 453 1963 516 solus
2005 462 2143 535 post
2184 473 2313 516 me·

381 540 595 601 ridiem
637 539 735 601 uel
778 539 1082 600 matutinis
1125 537 1292 598 horis
1320 537 1545 598 idcirco
1586 556 1911 617 numquam
1956 539 2185 620 aliquos
2216 542 2311 601 ui-

379 624 574 695 debat,
609 623 767 705 quod
799 625 1116 684 ementitos
1161 623 1234 682 de
1268 641 1334 684 se
1365 621 1548 684 multa
1580 631 1967 703 cognouerat,
2000 627 2313 704 speciatim

311 721 344 769 6
380 711 738 773 Verconium
769 709 1083 769 Turinum.
1162 726 1344 788 quem
1403 727 1538 772 cum
1596 709 1951 771 familiarem
1981 709 2311 782 habuisset,
2368 727 2401 766 5

379 795 480 856 ille
511 796 708 855 omnia
741 793 840 855 uel
870 793 1150 872 fingendo
1179 794 1271 854 sic
1300 793 1671 865 uendiderat,
1704 802 1772 856 ut
1790 793 2111 857 Alexandri
2142 798 2317 876 quasi

377 879 542 941 stulti
601 879 859 939 hominis
920 887 978 939 et
1038 895 1218 959 quem
1255 877 1358 939 ille
1398 880 1459 939 in
1501 886 1797 958 potestate
1838 879 2089 942 haberet
2130 887 2189 940 et
2220 881 2317 942 cui

378 964 561 1025 multa
591 964 988 1044 persuaderet
1025 965 1347 1024 infamaret
1384 965 1735 1044 imperium3
1798 966 2003 1044 sicque
2034 965 2315 1026 omnibus

279 1047 364 1112 36
377 1055 782 1130 persuaserat,
818 1048 975 1128 quod
1009 1048 1082 1110 ad
1126 1055 1335 1110 nutum
1380 1066 1553 1109 suum
1598 1052 1795 1112 omnia
1824 1051 2067 1111 faceret.
2144 1049 2312 1110 deni-

382 1153 500 1216 que
558 1133 671 1196 hac
728 1133 898 1195 illum
957 1141 1084 1194 arte
1115 1133 1509 1212 deprehendit
1540 1143 1604 1195 ut
1635 1135 1933 1213 quendam
1964 1137 2310 1204 inmitteret,
2344 1151 2395 1190 ιο

381 1222 484 1300 qui
516 1239 548 1280 a
579 1239 644 1281 se
676 1219 959 1300 quiddam
988 1217 1227 1298 publice
1255 1219 1553 1298 peteret,
1585 1218 1658 1281 ab
1700 1219 1803 1280 illo
1851 1229 2050 1281 autem
2081 1220 2315 1281 occulte

383 1306 552 1383 quasi
579 1304 946 1384 praesidium
975 1302 1326 1383 postularet,
1375 1311 1437 1365 ut
1464 1320 1683 1384 proco
1711 1304 2047 1367 Alexandro
2078 1311 2314 1366 secreto

311 1401 342 1448 2
381 1396 752 1468 suggereret.
831 1389 988 1467 quod
1023 1407 1156 1450 cum
1201 1390 1422 1450 factum
1468 1397 1653 1460 esset,
1720 1398 1778 1451 et
1806 1391 2070 1452 Turinus
2100 1390 2312 1451 suffra-

379 1477 541 1552 gium
600 1476 976 1554 promisisset
1033 1474 1433 1551 dixissetque,
1496 1494 1563 1536 se
1613 1474 1904 1556 quaedam
1961 1476 2312 1555 imperatori

378 1561 629 1628 dixisse,
665 1578 801 1621 cum
833 1558 982 1619 nihil
1014 1558 1289 1628 dixisset,
1352 1558 1457 1620 sed
1486 1561 1546 1619 in
1582 1579 1652 1620 eo
1675 1561 1972 1641 pendere,
2023 1569 2088 1622 ut
2118 1560 2313 1622 adhuc
2343 1577 2395 1617 15

377 1647 760 1725 impetraret,
808 1650 1090 1704 euentum
1131 1644 1432 1713 uendenS,
1482 1663 1739 1725 cumque
1778 1648 1995 1707 iterum
2036 1647 2316 1706 iussisset

377 1729 714 1791 Alexander
743 1727 1132 1808 interpellari,
1179 1735 1239 1789 et
1270 1729 1533 1790 Turinus
1564 1732 1732 1807 quasi
1777 1729 1933 1791 aliud
1976 1747 2161 1809 agens
2201 1749 2313 1791 nu-

378 1814 538 1876 tibus
567 1814 878 1874 adnuisset
905 1831 1102 1894 neque
1132 1820 1333 1874 tamen
1360 1815 1524 1875 intus
1554 1817 1871 1894 quicquam
1904 1815 2167 1884 dixisset,
2200 1818 2312 1876 im—

377 1906 680 1980 petratum
713 1907 910 1960 autem
942 1905 1100 1960 esset
1129 1899 1286 1977 quod
1318 1897 1655 1978 petebatur,
1688 1901 2073 1981 Turinusque
2104 1899 2178 1961 ab
2208 1899 2311 1960 illo

379 1986 484 2062 qui
525 1990 836 2045 meruerat
873 1985 1053 2044 fumis
1094 1984 1355 2044 uenditis
1392 1985 1657 2063 ingentia
1697 1988 1962 2065 praemia
2003 1987 2310 2065 percepis-
2338 2003 2389 2043 ευ

329 2122 340 2128 -
377 2077 502 2131 set:
551 2071 819 2130 accusari
850 2087 986 2130 eum
1011 2067 1347 2130 Alexander
1376 2069 1552 2130 iussit
1572 2069 1955 2149 probatisque
1984 2089 2097 2150 per
2128 2077 2313 2132 testes

377 2154 679 2223 omnibus,
715 2162 774 2215 et
803 2153 1022 2234 quibus
1051 2153 1467 2232 praesentibus
1518 2155 1660 2254 quid
1706 2158 2034 2234 accepisset
2076 2162 2135 2216 et
2176 2157 2309 2235 qui-

377 2239 494 2300 bus
526 2238 908 2300 audientibus
938 2236 1082 2316 quid
1111 2239 1520 2316 promisisset,
1575 2241 1638 2299 in
1668 2241 1802 2302 foro
1833 2241 2205 2303 Transitorio
2236 2241 2309 2302 ad

378 2325 640 2404 stipitem
672 2323 839 2384 illum
874 2323 1122 2400 adligari
1181 2325 1486 2402 praecepit
1518 2331 1577 2384 et
1604 2325 1770 2386 fumo
1803 2325 2094 2406 adposit,o
2128 2342 2309 2402 quem

379 2427 450 2469 ex
485 2407 721 2487 stipulis
751 2414 931 2484 atque
961 2406 1181 2467 umidis
1210 2405 1391 2486 lignis
1421 2409 1552 2469 fieri
1573 2411 1847 2481 iusserat,
1880 2412 2116 2472 necauit
2133 2427 2305 2489 prae·
2337 2429 2387 2469 25

309 2502 343 2551 3
380 2511 532 2554 cone
563 2492 828 2553 dicente:
878 2492 1109 2563 „Fumo
1140 2493 1388 2571 punitur
1432 2495 1534 2580 qui
1562 2495 1832 2556 uendidit
1871 2497 2166 2557 fumum.“
2240 2513 2311 2556 ac

375 2595 454 2638 ne
487 2595 606 2639 una
633 2584 863 2638 tantum
893 2593 1072 2638 causa
1101 2577 1413 2638 uideretur
1437 2570 1738 2641 crudelior
1760 2581 1963 2651 fuisse,
2012 2580 2312 2660 quaesiuit

378 2661 848 2740 diligentissime,
882 2668 1198 2738 antequam
1233 2680 1370 2723 eum
1404 2662 1732 2736 damnaret,
1767 2672 1827 2726 et
1852 2667 2106 2735 inuenit,
2131 2665 2310 2726 Turi-

377 2766 525 2810 num
557 2765 734 2826 saepe
777 2753 835 2807 et
885 2749 950 2807 in
983 2749 1176 2808 causis
1207 2745 1281 2807 ab
1314 2755 1564 2827 utraque
1592 2758 1763 2830 parte
1796 2751 2127 2830 accepisse,
2172 2768 2313 2811 cum

380 2842 631 2894 euentus
662 2832 987 2901 uenderet,
1035 2837 1094 2893 et
1134 2832 1209 2892 ab
1253 2832 1533 2896 omnibus
1574 2837 1678 2914 qui
1721 2842 1822 2897 aut
1861 2837 2312 2916 praeposituras
2339 2856 2390 2894 30

379 2925 482 2979 aut
512 2919 860 2996 prouincias
891 2923 1265 2996 acceperant.

271 2997 354 3063 37
505 3002 857 3082 Spectacula
887 3003 1290 3080 frequentauit
1332 3021 1464 3064 cum
1526 3022 1754 3066 summa
1816 3004 2077 3066 donandi
2115 3005 2310 3084 parsi-

475 3189 505 3236 2
531 3187 678 3239 solos
699 3186 829 3238 BP¹
968 3190 999 3240 9
1025 3189 1244 3239 facerat
1267 3186 1345 3238 Ρ1
1486 3191 1553 3240 10
1572 3187 1719 3238 hano
1742 3187 1903 3238 B¹P¹
2034 3192 2099 3239 12
2122 3193 2313 3254 posto-

369 3255 516 3305 laret
538 3255 643 3306 BP
729 3259 792 3307 13
815 3253 949 3319 tetll
971 3261 1010 3306 t.
1023 3256 1074 3305 B
1098 3261 1183 3307 tet
1207 3262 1314 3308 tur.
1339 3254 1412 3307 P¹
1509 3257 1573 3308 15
1597 3256 1867 3322 penderet
1889 3257 1993 3306 BP
2093 3259 2157 3307 19
2184 3271 2310 3306 esse

369 3322 474 3373 BP
605 3326 672 3375 20
695 3323 832 3374 fumi
855 3324 1114 3376 uenditor
1136 3325 1200 3375 M
1335 3323 1527 3390 pei-cip
1490 3326 1669 3389 pisset
1690 3323 1743 3373 B
1900 3327 1963 3374 21
1991 3325 2311 3390 probasqne

369 3391 438 3442 M
568 3394 636 3442 24
656 3391 798 3442 illud
819 3391 999 3457 legari
1021 3392 1075 3442 B
1103 3393 1252 3456 illul!
1273 3392 1451 3458 legari
1474 3391 1549 3443 P¹
1577 3392 1637 3456 ((1
1661 3408 1780 3444 eras
1804 3393 1822 3458 )
1862 3391 2016 3443 illum
2037 3391 2204 3458 ligari
2226 3391 2313 3440 Ρ2

367 3459 524 3511 illum
548 3459 788 3526 adligari
811 3460 1027 3511 Jordan.
1185 3464 1254 3513 25
1279 3461 1475 3527 tipulis
1498 3457 1573 3510 P¹
1719 3461 1960 3512 necabat
1985 3459 2054 3510 B¹
2082 3459 2315 3512 necabit

365 3526 494 3578 B²P
624 3531 691 3580 28
711 3527 981 3580 turrinum
1001 3527 1105 3578 BP
1237 3531 1306 3582 30
1326 3532 1617 3595 praeturas
1640 3526 1713 3578 B¹
