2517 3884
641 187 1034 244 ALEXANDER
1078 187 1386 244 SEVERVS.
1460 187 1513 244 C.
1544 190 1781 242 50—52.
2046 180 2173 246 265

237 356 344 424 dit,
381 363 558 436 atque
591 355 726 420 ideo
760 373 1028 416 summus
1059 355 1388 434 imperator
1417 354 1531 414 fuit
1560 353 1718 430 quod
1750 355 1877 414 eius
1910 351 2171 414 consiliis

237 442 564 519 praecipue
588 459 714 501 rem
739 459 796 519 p.
821 441 994 500 rexit.
1041 442 1105 500 in
1134 440 1449 518 procinctu
1480 448 1655 516 atque
1686 441 1747 499 in
1781 438 2167 516 expeditioni·
2206 445 2239 494 5

237 525 352 586 bus
382 527 605 604 apertis
635 525 1036 606 papilionibus
1066 524 1308 604 prandit
1337 534 1513 602 atque
1547 526 1801 593 cenauit,
1850 542 1985 584 cum
2016 523 2169 586 mili-

238 618 433 672 tarem
467 610 666 671 cibum
699 613 929 672 cunctis
961 609 1305 672 uidentibus
1336 617 1511 689 atque
1542 609 1941 687 gaudentibus
1972 627 2171 670 sume-

179 708 212 748 5
239 703 354 765 ret,
389 697 733 756 circumiret
761 713 952 774 prope
982 703 1107 756 tota
1140 696 1417 765 tentoria,
1452 714 1484 755 a
1514 696 1701 773 signis
1730 693 1942 756 abesse
1986 695 2171 754 nemi-

69 781 73 784 ’
237 799 382 842 nem
411 788 738 860 pateretur.
813 783 864 840 si
907 783 1042 856 quis
1081 781 1156 841 de
1190 781 1285 844 uia
1327 781 1389 840 in
1432 779 1683 842 alicuius
1726 780 2170 860 possessionem
2206 785 2239 834 6

239 866 604 934 deflexisset,
638 885 750 946 pro
783 865 1067 942 qualitate
1097 865 1213 926 loci
1243 875 1346 926 aut
1374 864 1631 928 fustibus
1663 863 2069 926 subiciebatur
2110 865 2173 924 in

240 958 571 1031 conspectu
603 953 733 1012 eius
763 951 867 1012 aut
910 952 1095 1028 uirgis
1126 957 1224 1010 aut
1255 949 1735 1014 condemnationi
1770 957 1899 1020 aut,
1942 952 1993 1010 si
2025 949 2173 1010 haec

239 1038 440 1098 omnia
470 1039 758 1097 transiret
789 1036 1042 1113 dignitas
1074 1036 1350 1103 hominis,
1384 1036 1753 1112 grauissimis
1778 1034 2170 1103 contumeliiS,

156 1133 212 1172 10
239 1139 380 1182 cum
395 1121 648 1182 diceret:
677 1121 898 1192 „Visne
912 1120 1026 1181 hoc
1050 1123 1112 1181 in
1137 1138 1281 1198 agro
1305 1128 1409 1181 tuo
1432 1121 1563 1180 fieri
1586 1120 1743 1197 quod
1754 1120 1929 1180 alteri
1946 1121 2174 1182 sacis‘?“

240 1205 648 1286 clamabatque
681 1207 934 1285 saepius,
969 1205 1127 1285 quod
1160 1225 1190 1266 a
1225 1205 1576 1282 quibusdam
1608 1207 1739 1266 siue
1768 1204 2002 1266 Iudaeis
2043 1206 2171 1266 siue
2208 1213 2238 1262 7

241 1291 593 1354 Christianis
647 1291 914 1354 audierat
961 1298 1022 1351 et
1065 1291 1329 1360 tenebat,
1391 1291 1569 1370 idque
1621 1309 1733 1370 per
1790 1307 2167 1368 praeconem,

239 1393 380 1438 cum
424 1375 681 1453 aliquem
727 1375 1100 1444 emendaret,
1147 1375 1263 1436 dici
1305 1375 1574 1437 iubebat:
1638 1374 1853 1447 „Quod
1894 1373 2002 1435 tibi
2042 1375 2243 1436 fieris

241 1479 363 1522 non
397 1463 506 1530 uis,
542 1461 714 1522 alteri
745 1480 820 1522 ne
850 1462 1135 1522 fecerisff‘
1209 1480 1387 1540 quam
1418 1463 1771 1522 sententiam
1802 1476 1993 1536 usque
2025 1458 2173 1519 adeo

160 1557 215 1598 15
243 1546 451 1607 dilexit
480 1552 547 1608 ut
579 1549 728 1607 etin
757 1546 983 1609 Palatio
1028 1547 1177 1606 etin
1204 1545 1474 1626 publicis
1516 1545 1801 1624 operibus
1842 1543 2173 1624 praescribi

237 1631 498 1692 iuberet.

369 1716 536 1776 Idem
569 1735 703 1778 cum
737 1716 1031 1793 quandam
1065 1714 1360 1778 aniculam
1392 1717 1681 1778 adfectam
1712 1717 1953 1776 iniuriis
1996 1734 2029 1775 a
2060 1715 2168 1774 mi·
2190 1713 2277 1778 52

241 1800 346 1862 lite
379 1801 670 1870 audisset,
717 1807 1167 1865 exauctoratum
1210 1819 1344 1863 eum
1388 1800 1593 1862 militia
1628 1819 1871 1862 seruum
1906 1802 1961 1860 ei
1992 1799 2171 1868 dedit,

143 1923 168 1937 s
243 1885 405 1964 quod
437 1887 650 1947 artifex
681 1883 1094 1966 carpentarius
1125 1884 1301 1956 esset,
1334 1891 1400 1946 ut
1432 1905 1562 1946 eam
1594 1893 1897 1965 pasceret;
1947 1892 2007 1945 et
2037 1903 2173 1945 cum

166 1983 219 2022 20
245 1970 519 2032 dolerent
549 1970 663 2031 hoc
691 1971 911 2033 milites
954 1971 1202 2040 factum,
1247 1973 1546 2050 persuasit
1589 1970 1895 2040 omnibuS,
1938 1978 2006 2030 ut
2046 1987 2173 2032 mo-

244 2055 414 2116 deste
445 2057 692 2125 ferrent,
733 2064 795 2118 et
823 2075 924 2118 eos
956 2058 1190 2118 terruit.
1253 2050 1628 2134 ἀναίματον
1667 2056 1986 2134 imperium
2022 2055 2169 2122 eius,
2209 2071 2239 2118 2

245 2159 383 2201 cum
412 2141 597 2202 fuerit
639 2141 831 2202 durus
875 2149 935 2201 et
963 2143 1244 2210 tetricus,
1288 2141 1517 2202 idcirco
1557 2147 1834 2201 uocatum
1880 2145 1971 2200 est
2012 2137 2170 2237 quod

245 2234 582 2292 senatorem
611 2226 840 2288 nullum
871 2226 1173 2295 occideiit,
1207 2233 1277 2288 ut
1303 2226 1677 2299 Herodianus
1707 2225 1973 2287 Graecus
2018 2225 2162 2284 scri·
2186 2231 2353 2318 ‘'19¹8''-

243 2317 384 2389 ptor
415 2312 649 2372 refert
633 2329 696 2371 ιιι
724 2311 894 2372 libris
928 2319 1263 2390 temporum
1296 2330 1559 2372 suorum.
1598 2311 1938 2373 seueritatis
1969 2315 2165 2370 autem
2204 2323 2236 2370 3

163 2408 217 2450 25
243 2403 444 2457 tantae
473 2397 628 2456 fuit
612 2414 674 2456 ιιι
705 2395 953 2464 milites,
1001 2405 1068 2456 ut
1098 2415 1275 2476 saepe
1306 2396 1571 2475 legiones
1599 2398 1862 2474 integras
1894 2401 2171 2456 exaucto-

239 2482 472 2542 rauerit
503 2499 576 2540 ex
605 2481 890 2542 militibus
921 2481 1183 2552 Quirites
1215 2482 1520 2561 appellans
1548 2500 1663 2542 nec
1686 2483 2015 2542 exercitum
2042 2498 2171 2540 um-

245 2583 423 2642 quam
456 2566 736 2635 timuerit,
769 2567 992 2628 idcirco
1025 2566 1180 2644 quod
1209 2569 1274 2628 in
1306 2569 1490 2630 uitam
1522 2585 1689 2628 suam
1717 2567 1833 2628 dici
1862 2564 2010 2628 nihil
2034 2583 2172 2645 pos-

242 2657 364 2720 set,
410 2649 572 2728 quod
603 2668 886 2728 umquam
919 2651 1142 2714 tribuni
1185 2652 1284 2713 uel
1327 2653 1511 2714 duces
1550 2653 1625 2713 de
1668 2652 1981 2731 stipendiis
2022 2649 2173 2710 mili-

243 2741 368 2796 tum
403 2737 723 2816 quicquam
753 2738 1138 2817 accepissent,
1173 2737 1408 2798 dicens:
1468 2736 1679 2808 „Miles
1708 2755 1829 2798 non
1859 2739 2031 2798 timet
2060 2735 2175 2794 nisi

169 2833 218 2874 30
245 2823 502 2882 uestitus
545 2828 810 2882 armatus
852 2821 1133 2884 calciatus
1175 2831 1234 2884 et
1274 2831 1438 2884 satur
1484 2830 1543 2883 et
1578 2811 1809 2882 habens
1850 2819 2071 2897 aliquid
2110 2820 2173 2879 in

243 2905 519 2978 zonula“,
551 2905 777 2966 idcirco
809 2906 967 2984 quod
999 2907 1345 2969 mendicitas
1374 2906 1645 2968 militaris
1688 2905 1759 2967 ad
1793 2924 2029 2966 omnem
2072 2903 2173 2962 de-

245 2993 646 3069 sperationem
680 2997 927 3052 uocaret
957 3000 1271 3053 armatum.
1350 2995 1722 3071 apparitores
1754 2990 2009 3069 denique
2041 2988 2172 3050 nul-
2208 2998 2242 3046 4

347 3181 374 3226 1
401 3178 700 3241 praecipue
727 3177 974 3228 consiliis
995 3177 1046 3226 B
1184 3180 1216 3228 3
1242 3179 1505 3230 caenabit
1526 3176 1653 3228 BP¹
1800 3179 1835 3228 8
1856 3177 2023 3226 uirsis
2045 3173 2177 3226 BP¹

245 3241 452 3306 (prius
435 3261 457 3294 ι
478 3247 531 3294 in
556 3261 660 3294 ras.
669 3245 689 3308 )
849 3248 912 3296 13
939 3244 1029 3295 die
1051 3246 1299 3296 nubebat
1322 3246 1375 3294 B
1521 3248 1585 3297 15
1610 3245 1880 3312 perscribi
1903 3245 1970 3295 M
2112 3244 2175 3293 1⁷

242 3311 544 3380 militeslsll
562 3313 613 3362 P
635 3312 715 3374 (ui
737 3329 870 3362 eras
878 3313 896 3377 )
1035 3315 1096 3363 21
1124 3318 1439 3364 anematum
1461 3315 1565 3364 BP
1584 3331 1700 3366 exc.
1824 3316 1889 3364 22
1912 3313 2177 3363 ‘ti-otricus

245 3377 320 3428 Ρ1
483 3384 720 3430 uocatus
751 3381 920 3431 BPM
1082 3383 1148 3432 28
1191 3381 1337 3445 quod
1379 3381 1655 3450 umquam]
1706 3397 1887 3448 neque
1918 3395 2177 3444 umquam

244 3447 586 3498 Momm-senus·
721 3450 785 3498 29
809 3450 927 3498 mihi
949 3465 1080 3514 quae
1103 3452 1412 3501 antecedunt
1434 3457 1695 3514 postulare
1708 3453 1985 3502 uidentur:
2018 3448 2177 3497 miles

241 3531 353 3566 non
377 3515 660 3566 timendus
681 3517 922 3567 uestitus
1059 3521 1126 3568 30
1151 3523 1341 3568 esatur
1363 3517 1491 3569 BP¹
1518 3537 1565 3570 ο.
1591 3519 1669 3570 P3
