2517 3884
343 179 472 250 206
879 195 883 200 ’
1058 181 1278 240 FLAVII
1320 180 1570 238 VOPISCI

277 365 310 414 2
345 370 481 414 rum
511 349 792 414 felicitate
823 350 1120 411 contriuit.
1171 347 1257 410 De
1300 346 1480 408 huius
1509 347 1733 408 diuitiis
1763 347 1949 408 multa
1979 347 2287 410 dicuntur.

345 456 482 499 nam
516 445 574 498 et
618 437 829 500 uitreis
861 433 1238 512 quadraturis
1280 431 1573 494 bitumine
1602 431 1857 510 aliisque·
1882 432 2288 494 medicamen-

345 523 421 584 tis
454 523 696 584 insertis
740 520 980 581 domum
1035 518 1391 580 instruxisse
1433 516 1784 596 perhibetur
1816 526 1875 578 et
1919 525 2147 580 tantum
2179 517 2287 579 ha-

344 607 544 668 buisse
574 606 650 668 de
681 605 906 668 chartis
939 611 1004 665 ut
1044 601 1285 684 publice
1328 620 1507 681 saepe
1538 601 1796 673 diceret,
1845 603 2179 664 exereitum
2218 621 2287 664 se

277 706 310 755 3
345 692 510 754 alere
548 709 728 771 posse
763 707 992 769 papyro
1041 695 1102 750 et
1158 687 1406 766 glutine.
1469 686 1634 748 Idem
1678 695 1738 748 et
1778 705 1917 748 cum
1962 684 2287 766 Blemmyis
2338 699 2365 738 5

347 779 692 838 societatem
721 775 1040 836 maximam
1068 773 1264 834 tenuit
1292 779 1511 834 etcum
1541 771 1875 834 Saracenis
1922 790 2112 834 naues
2131 789 2283 850 quo-

273 875 310 923 4
344 879 461 941 que
491 860 565 921 ad
597 859 776 930 Indos
807 859 1233 937 negotiatorias
1276 874 1456 937 saepe
1500 857 1677 918 misit.
1738 859 1871 936 ipse
1910 873 2153 935 quoque
2191 857 2283 916 di-

344 947 498 1007 citur
555 944 834 1008 hahuisse
876 943 1024 1006 duos
1071 942 1281 1004 dentes
1322 940 1625 1022 elephanti
1674 942 1896 1022 pedum
1938 941 2192 1014 denum,
2250 959 2285 1001 e

345 1029 560 1108 quibus
600 1028 956 1092 Aurelianus
997 1025 1204 1092 sellam
1235 1029 1627 1089 constituerat
1656 1027 1857 1088 facere
1899 1025 2113 1088 additis
2154 1024 2284 1086 aliis

345 1114 598 1185 duobus,
659 1116 724 1175 in
777 1131 894 1192 qua
952 1113 1218 1193 Iuppiter
1271 1129 1495 1174 aureus
1544 1119 1605 1174 et
1654 1118 1986 1190 gemmatus
2043 1111 2285 1174 sederet
2312 1123 2363 1162 ιο

343 1217 477 1262 cum
537 1201 738 1280 specie
775 1206 1136 1278 praetextae,
1197 1197 1513 1278 ponendus
1551 1198 1617 1257 in
1660 1195 1887 1276 templo
1930 1195 2102 1267 Solis,
2162 1198 2282 1275 Ap·

341 1286 620 1366 penninis
663 1283 923 1346 sortibus
961 1284 1283 1352 adductus,
1346 1299 1523 1360 quem
1564 1280 1853 1362 appellari
1885 1280 2159 1342 uoluerat
2184 1281 2279 1342 Io·

275 1379 308 1429 5
344 1389 483 1431 uem
528 1368 848 1432 Consulem
901 1367 1001 1429 uel
1065 1367 1506 1430 Consulentem.
1604 1366 1709 1428 sed
1764 1366 2006 1428 eosdem
2067 1365 2282 1426 dentes

343 1462 553 1532 postea
569 1453 817 1515 Carinus
837 1452 1076 1514 mulieri
1107 1453 1341 1516 cuidam
1374 1451 1531 1512 dono
1562 1450 1741 1521 dedit,
1773 1467 1927 1528 quae
1950 1450 2173 1512 lectum
2206 1468 2279 1510 ex

343 1541 394 1599 is
435 1540 648 1600 secisse
685 1545 980 1599 narratur.
1026 1539 1164 1615 quia
1205 1544 1267 1598 et
1300 1554 1465 1600 nunc
1499 1537 1683 1597 scitur
1716 1545 1775 1596 et
1816 1537 1957 1599 sciri
1988 1534 2142 1614 apud
2169 1553 2279 1613 po-
2309 1547 2363 1587 1⁵

276 1633 310 1681 6
343 1631 540 1684 steros
563 1621 710 1683 nihil
740 1621 1031 1701 proderit,
1066 1632 1254 1682 taceo.
1288 1621 1369 1682 ita
1400 1621 1623 1682 donum
1650 1619 1941 1690 Indicum,
1974 1620 2103 1682 Ioui
2124 1621 2279 1698 opti-

343 1726 442 1768 mo
484 1708 746 1768 maximo
793 1714 1237 1776 consecratum,
1284 1723 1395 1784 per
1426 1705 1813 1766 deterrimum
1855 1706 2190 1785 principem
2222 1716 2285 1764 et

345 1793 741 1863 ministerium
770 1789 1036 1852 lihidinis
1063 1791 1284 1852 factum
1320 1790 1559 1852 uidetur
1588 1798 1646 1852 et
1673 1790 1953 1870 pretium.

268 1873 314 1937 4
466 1877 600 1938 Fuit
640 1884 840 1938 tamen
889 1875 1128 1938 Firmus
1169 1884 1395 1936 statura
1436 1877 1680 1954 ingenti,
1726 1873 1913 1936 oculis
1942 1875 2101 1937 tforis
2133 1875 2278 1934 emi-

342 1962 642 2030 nentibus,
692 1959 906 2040 capillo
948 1961 1164 2042 crispo,
1197 1962 1397 2022 fronte
1426 1961 1754 2030 uulnerata,
1788 1959 1961 2020 uultu
1991 1957 2277 2037 nigriore,
2306 1971 2359 2012 2⁰

343 2046 574 2127 reliqua
613 2053 784 2126 parte
832 2047 1106 2125 corporis
1148 2045 1434 2107 candidus
1478 2046 1583 2106 sed
1612 2043 1841 2124 pilosus
1870 2042 2279 2127 atqueihispi-

275 2141 308 2190 2
343 2131 473 2201 duS,
506 2132 588 2192 ita
617 2138 684 2192 ut
715 2149 852 2193 eum
880 2130 1152 2210 plerique
1183 2128 1502 2211 Cyclopem
1531 2137 1837 2190 uocarent.
1880 2146 2063 2190 carne
2091 2129 2280 2190 multa

343 2216 717 2285 uescebatur,
765 2213 1161 2277 struthionem
1204 2215 1279 2276 ad
1322 2214 1481 2276 diem
1511 2213 1841 2276 comedisse
1881 2214 2089 2274 fertur.
2152 2215 2280 2274 uini

343 2319 464 2361 non
507 2301 758 2362 multum
788 2299 967 2370 bibit,
1013 2299 1577 2380 aquaeplurimum,
1638 2305 1839 2359 mente
1880 2297 2274 2369 firmissimus,

231 2412 242 2422 ’
342 2386 544 2445 neruis
601 2384 1070 2454 robustissimus,
1132 2386 1216 2446 ita
1274 2392 1341 2446 ut
1392 2383 1705 2445 Tritanum
1758 2385 2049 2452 uinceret,
2106 2384 2277 2446 cuius
2302 2395 2354 2436 25

275 2479 306 2527 3
332 2467 527 2529 Varro
553 2469 842 2530 meminit.
875 2486 1011 2529 nam
1038 2478 1097 2530 et
1116 2467 1393 2529 incudem
1418 2469 1856 2547 superpositam
1878 2469 2110 2546 pectori
2134 2485 2277 2528 con-

341 2559 568 2614 stanter
599 2551 728 2614 aliis
756 2551 1144 2613 tundentibus
1171 2552 1441 2631 pertulit,
1474 2570 1611 2614 cum
1639 2553 1771 2633 ipse
1800 2550 2043 2613 reclinis
2074 2570 2143 2613 ac
2176 2570 2273 2612 re-

342 2639 589 2718 supinus
620 2647 680 2698 et
714 2643 999 2710 curuatus
1027 2638 1092 2698 in
1121 2655 1334 2698 manus
1362 2636 1656 2716 penderet
1683 2639 1883 2716 potius
1914 2653 2089 2714 quam
2119 2639 2275 2698 iace-

475 2826 506 2874 2
531 2824 798 2874 uitumine
821 2820 949 2872 ΒΡί
1105 2825 1138 2873 3
1159 2821 1535 2874 introduxisse
1556 2821 1721 2872 BPM
1743 2837 1834 2873 em.
1868 2821 2085 2874 Vrsinus
2242 2823 2279 2873 4

342 2893 513 2950 cartis
535 2892 640 2943 BP
795 2893 826 2944 5
850 2905 1063 2955 papyra
1085 2889 1191 2940 BP
1346 2889 1561 2954 glutino
1586 2890 1651 2940 M
1666 2923 1675 2938 .
1806 2891 1838 2939 6
1861 2889 2047 2940 tenuis
2066 2892 2123 2940 et
2145 2887 2275 2940 BP¹

340 2961 616 3011 tenuisset
639 2959 718 3011 P⁸
857 2960 887 3009 7
911 2958 1242 3024 negotiariis
1264 2957 1316 3009 B
1340 2958 1731 3024 negotiatoriis
1753 2959 1806 3008 P
1911 2965 2036 3023 post
2057 2972 2275 3023 quoque

337 3027 443 3077 BP
463 3030 584 3078 add.
609 3029 729 3094 ipse
756 3026 1101 3092 perhibetur,
1139 3043 1206 3076 cm
1238 3029 1292 3076 in
1315 3041 1513 3077 uersum
1534 3041 1648 3090 sup.
1672 3031 1790 3076 sunt
1820 3027 2195 3090 transponendi
2224 3031 2277 3074 et

338 3095 656 3145 scribendum
689 3095 938 3146 tenuisse
973 3093 1336 3160 perhibetur?
1492 3094 1525 3143 8
1550 3092 1941 3158 elephantinos
1962 3089 2041 3142 P³
2180 3091 2273 3142 de—

338 3161 505 3224 nique
529 3161 612 3211 B¹
726 3165 758 3214 9
784 3162 956 3213 aditis
977 3162 1082 3212 BP
1191 3165 1254 3212 11
1283 3160 1541 3227 aponinis
1570 3160 1613 3211 0
1722 3161 1786 3210 12
1812 3160 2067 3210 sordibus
2089 3156 2169 3208 B¹

341 3227 552 3288 additis
575 3229 739 3280 BPM
761 3229 1040 3281 adductus
1059 3231 1251 3295 sem'psz'
1275 3227 1576 3294 (Eyssenh.)
1700 3230 1763 3280 15
1796 3227 1883 3277 his
1907 3227 2072 3278 BPM
2210 3227 2274 3276 16

343 3295 558 3344 domum
581 3296 684 3346 BP
821 3299 886 3348 18
909 3297 1158 3348 libiuinis
1182 3295 1259 3346 P¹
1313 3310 1321 3317 ’
1414 3301 1471 3346 et
1496 3312 1588 3347 om.
1614 3295 1776 3345 BPM
1913 3297 1980 3346 19
2000 3293 2273 3344 inminen-

339 3361 490 3412 tibus
513 3360 593 3411 B¹
733 3365 801 3413 24
823 3363 930 3414 ibit
953 3363 1025 3414 B¹
1169 3366 1236 3415 25
1259 3363 1503 3414 trianum
1526 3364 1578 3414 B
1594 3360 1688 3413 1Ρ1
1717 3362 2023 3413 tritannum
2047 3361 2133 3412 B*
2172 3362 2270 3410 tri-

339 3432 531 3477 tanum
554 3427 632 3477 1⁰²
654 3430 946 3480 trinarium
970 3431 1038 3481 M
1158 3431 1224 3480 26
1249 3433 1429 3482 Varro
1452 3431 1646 3480 Aelius
1668 3431 1736 3480 M
1848 3431 2195 3496 suppositam
2218 3427 2271 3478 B

475 3497 540 3546 2⁷
567 3495 919 3548 studentibus
943 3497 1046 3548 BP
1180 3497 1422 3548 reclinus
1446 3498 1511 3547 M
1644 3499 1907 3562 ruspinus
1930 3497 1983 3546 B
1992 3549 1997 3554 ,
