2517 3884
351 170 582 224 INDEX
619 170 968 222 NOMINVM
1001 169 1100 220 ET
1133 168 1391 222 RERVM
1426 168 2005 221 MEMORABILIVM
2090 165 2221 232 335

119 342 394 408 Scythicae
430 339 663 405 pruinae
700 338 783 401 16,
819 340 904 388 22.

119 411 354 475 Scythici
386 407 525 458 belli
545 406 877 472 principium
899 405 1142 456 Maximo

189 475 543 539 Balbinoque
580 474 714 539 imp.
749 473 808 522 II
845 475 928 536 64,
969 475 1051 528 19.

119 545 352 611 Scythici
369 543 627 597 ,cultores
662 542 717 591 11
758 543 876 604 129,
911 542 964 594 6.

120 613 394 679 Scythicus
427 610 591 662 limes
628 610 686 660 11
724 610 839 672 146,
882 610 960 661 14.

120 680 461 731 Secundinus.
527 677 818 726 Mummius
859 701 951 726 -—.
1032 675 1146 727 uid.

189 746 503 796 Mummius

119 815 404 867 Secundus.
427 813 716 862 Vitruuius
727 834 812 864 --.
831 804 1146 865 ηἰᾱ.’Ἣί;ι·ιι-

189 884 332 932 uius.

115 957 383 1001 secutores
407 950 524 1011 100,
552 949 636 998 29.

119 1019 292 1068 Seium
324 1016 682 1070 Fuscianum,
705 1014 1146 1080 condiscipulum

194 1085 406 1134 amauit
441 1084 664 1133 Marcus
698 1084 780 1141 46,
813 1085 891 1134 19.

188 1355 351 1406 fidem
366 1355 436 1404 ab
449 1353 648 1404 Auidio
661 1357 979 1419 expugnata
991 1355 1074 1417 74,
1089 1355 1139 1407 8.

117 1426 247 1473 sella
285 1422 641 1488 imperatoria
680 1423 793 1480 126,
835 1424 914 1471 1,.

119 1490 414 1540 Semiramis
447 1491 504 1541 11
531 1490 643 1549 115,
673 1491 753 1540 19.

116 1560 354 1608 semisses
412 1573 702 1608 aureorum
745 1558 981 1622 primum
1028 1555 1136 1607 fdr-

187 1627 328 1675 mati
362 1631 488 1675 sunt
522 1625 679 1674 Alex.
717 1625 848 1690 imp.
885 1625 1006 1684 255,
1031 1625 1115 1674 21.

117 1697 408 1744 senaculum
443 1691 498 1742 id
534 1697 620 1743 est
653 1693 943 1742 mulierum
981 1705 1142 1742 sena-

189 1764 307 1810 tum
346 1761 481 1811 fecit
501 1759 722 1826 Heliog.
751 1763 867 1819 205,
893 1760 988 1821 26ς
1027 1775 1144 1810 ma·

187 1829 364 1880 tronis
432 1827 589 1878 reddi
657 1829 838 1878 uoluit
895 1830 1025 1877 Aur.
1085 1827 1143 1878 11

191 1899 309 1959 170,
341 1899 424 1948 11.

113 1972 407 2013 senatorem
449 1977 508 2012 se
562 1976 859 2025 numquam
916 1961 1026 2009 nisi
1076 1976 1144 2010 ex

187 2035 420 2081 senatus
490 2030 770 2078 sententia
828 2028 1144 2093 puniturum

189 2113 313 2148 esse
358 2100 418 2147 in
475 2099 674 2146 senatu
717 2095 888 2147 Hadr.
936 2094 1145 2144 iurauit

187 2166 238 2229 9,
264 2167 314 2219 8.
359 2182 402 2216 s.
441 2164 829 2230 patrimonium
864 2177 962 2227 pro
1002 2162 1142 2212 libe-

184 2249 370 2284 rorum
393 2231 551 2283 modo
589 2231 904 2281 senatoriae
929 2231 1143 2295 profes-

187 2303 361 2352 sionis
428 2300 679 2366 expleuit
737 2297 908 2348 Hadr.
955 2301 1005 2360 9,
1057 2298 1136 2348 18.

188 2367 632 2433 equitibusRom.
651 2366 718 2418 de
743 2381 860 2416 sen.
887 2366 1138 2416 iudicare

187 2453 295 2487 non
321 2437 570 2504 permisit
587 2434 760 2488 Hadr.
789 2437 869 2493 10,
883 2435 933 2484 8.
959 2433 1137 2483 Hadr.

186 2505 316 2570 imp.
377 2509 668 2557 senatores
725 2504 786 2552 in
847 2501 1137 2553 consilium

187 2575 377 2622 uocati
415 2576 494 2633 10,
537 2575 616 2622 10.
683 2571 908 2620 Marcus
945 2567 1136 2630 doluit,

188 2640 333 2701 quod
384 2641 534 2690 Pert.
593 2642 818 2688 senator
870 2642 1020 2689 esset
1081 2637 1138 2687 et

186 2707 365 2772 praef.
426 2711 604 2774 praet.
663 2705 784 2756 fieri
836 2722 871 2755 a
929 2721 987 2754 se
1025 2721 1134 2755 non

185 2779 378 2840 posset
415 2775 526 2833 106,
563 2776 646 2823 20.
708 2787 776 2822 ne
815 2774 934 2836 quis
973 2787 1134 2821 sena-

187 2849 274 2892 tor
333 2843 447 2892 suis
507 2840 847 2906 temporibus
901 2839 1138 2904 capitali

187 2910 458 2975 supplicio
505 2908 859 2971 adficeretur,
916 2909 1136 2956 Marcus

187 2994 221 3028 a
273 2985 474 3029 senatu
531 2977 696 3044 petiit
741 2977 826 3038 84,
867 2976 945 3024 16.
1018 2989 1136 3027 sen.

186 3047 498 3097 consultum
533 3045 652 3095 fieri
677 3044 861 3110 coegit
885 3041 1033 3105 Seu.‚
1068 3057 1138 3092 ne

185 3114 383 3165 liceret
443 3115 766 3179 imperatori
825 3111 1139 3161 inconsulto

1268 343 1559 389 senatores
1598 353 1718 389 esse
1763 338 1942 388 uoluit
1976 339 2093 396 242,
2133 339 2213 387 16.

1267 421 1382 458 sen.
1438 407 1487 456 si
1553 406 1962 462 fenerarentur‚
2019 420 2217 456 usuras

1268 474 1526 539 accipere
1583 475 1757 539 primo
1810 474 1991 523 uetuit
2033 472 2213 533 Alex„

1264 546 1463 608 postea
1499 541 1689 604 iussit,
1728 545 1791 590 ut
1826 541 2081 592 semisses
2121 555 2214 588 ac-

1268 610 1516 675 ciperent
1560 611 1689 674 245,
1724 609 1810 660 21.
1883 613 1944 658 ut
2000 610 2217 672 equites

1266 677 1418 728 Rom.
1458 693 1492 727 a
1529 680 1709 730 senat.
1746 677 1895 726 claui
1941 675 2215 740 qualitate

1270 745 1745 805 discernerentur,
1805 743 1962 797 Alex.
2010 742 2216 793 consti-

1268 813 1375 861 tuit
1418 813 1545 874 246,
1584 815 1668 862 21.
1748 827 1793 862 s.
1842 826 2101 861 carrucas
2159 814 2221 860 et

1266 879 1430 930 redas
1474 879 1682 930 Romae
1736 882 2015 930 concessit
2056 879 2214 928 Alex.
2280 883 2289 906 ³

1267 949 1385 1010 258,
1424 950 1507 997 27.
1550 973 1607 984 -
1650 951 1934 998 senatores
1970 947 2216 1012 peregri-

1269 1030 1370 1065 nos
1410 1019 1663 1080 quartam
1698 1020 1913 1080 partem
1949 1016 2008 1064 in
2042 1013 2217 1063 Italia

1263 1083 1548 1148 possidere
1583 1083 1745 1131 iussit
1768 1083 1991 1132 Marcus
2028 1083 2111 1144 53,
2133 1083 2215 1131 24.

120 1151 428 1203 Selene-enos
504 1151 726 1200 incusat
809 1149 1142 1213 Quadratus,
1193 1152 1397 1200 senatui
1428 1150 1677 1215 legitimo
1715 1165 1835 1199 cum
1870 1150 1929 1199 in
1964 1150 2100 1200 urbe
2125 1147 2217 1197 uel

179 1219 324 1285 quod
336 1219 496 1269 fidem
506 1219 670 1284 primi
691 1223 956 1283 ruperant
967 1220 1139 1280 74,11.

119 1285 360 1338 Seleucia
393 1287 450 1336 11
486 1288 605 1348 205,
631 1287 716 1336 27.
743 1311 812 1322 --
848 1285 902 1334 S.
943 1289 1142 1336 contra

1263 1220 1420 1268 iuxta
1455 1217 1648 1268 urbem
1684 1222 1850 1281 esset,
1888 1232 2106 1282 semper
2131 1217 2213 1265 in-

1262 1287 1461 1336 terfuit
1494 1284 1667 1336 Hadr.
1710 1288 1793 1350 10,
1831 1288 1881 1338 3.
1917 1284 2091 1337 Hadr.
2130 1299 2217 1334 se-

1260 1360 1429 1404 natus
1488 1354 1779 1419 fastigium
1841 1353 1900 1405 in
1958 1367 2216 1418 magnum

1264 1422 1465 1472 extulit
1502 1420 1738 1472 difficile
1784 1421 2005 1470 faciens
2052 1435 2215 1470 sena·

1262 1495 1412 1540 tores
1451 1491 1534 1553 10,
1572 1492 1621 1539 4.
1699 1504 1815 1540 sen.
1853 1488 2085 1538 multum
2122 1486 2214 1536 de-

1262 1558 1397 1608 tulit
1449 1558 1585 1608 Pius
1638 1558 1723 1616 38,
1763 1559 1845 1607 10.
1935 1572 1979 1606 s.
2027 1555 2217 1604 multis

1263 1625 1680 1744 gofintifiqnibus
1695 1626 1957 1742 llldarcust
1976 1623 2215 1738 iudicgm

1302 1710 1329 1745 e
1372 1709 1395 1742 1·
1452 1709 1618 1758 aque
1659 1709 1775 1743 ara
1822 1707 1913 1741 mu
1962 1707 1995 1741 a
2032 1708 2085 1742 er
2158 1705 2212 1740 e-

1262 1763 1396 1811 tulit
1441 1763 1527 1822 52,
1565 1764 1615 1812 7.
1688 1776 1732 1811 s.
1770 1761 1991 1810 Marcus
2027 1758 2216 1807 multis

1266 1828 1741 1894 appellationibus
1782 1841 1815 1876 a
1842 1826 2067 1878 consule
2095 1826 2213 1875 fac-

1266 1899 1338 1946 tis
1374 1893 1799 1946 iudicem-dedit
1833 1895 2007 1956 52,26.
2053 1907 2215 1943 sena-

1265 1971 1380 2012 tum
1438 1964 1699 2028 purgauit
1757 1961 1915 2014 AleX.
1963 1963 2091 2021 238,
2136 1962 2216 2010 17.

1249 2046 1301 2093 ,a
1356 2045 1471 2080 sen.
1532 2029 1692 2080 Alex.
1754 2029 1979 2095 accepit
2034 2027 2213 2092 praef.

1263 2101 1440 2164 praet.
1482 2105 1539 2148 et
1582 2097 1759 2163 praef.
1796 2096 1922 2145 urbi
1970 2098 2089 2156 240,
2128 2096 2212 2144 27.

1268 2181 1333 2216 ex
1360 2181 1403 2218 s.
1438 2165 1725 2214 uoluntate
1751 2164 2068 2230 prouincias
2093 2179 2215 2228 pro-

1266 2233 1587 2285 consulares
1612 2232 1889 2282 ordinauit
1911 2232 2070 2281 Alex.
2097 2233 2215 2293 244,

1265 2303 1347 2353 10.
1418 2317 1461 2354 s.
1501 2301 1805 2366 sportulam
1852 2299 2049 2350 sedens
2096 2313 2217 2348 ero-

1259 2369 1416 2433 gauit
1452 2368 1598 2420 Gall.
1638 2369 1696 2418 11
1731 2368 1815 2427 87,
1847 2371 1893 2418 1.
1956 2383 1999 2418 s.
2038 2367 2215 2417 multa

1257 2438 1384 2486 iura
1419 2436 1621 2487 detulit
1644 2436 1860 2487 Probus.
1894 2435 1951 2488 11
1988 2437 2104 2497 195,
2130 2437 2213 2484 18.

1188 2511 1397 2556 senatus
1443 2507 1661 2556 consulti
1702 2519 1903 2555 nouum
1948 2518 2123 2569 genus
2160 2501 2217 2550 II

1257 2575 1341 2633 55,
1368 2561 1452 2624 21.
1494 2589 1535 2624 s.
1576 2588 1623 2622 c.
1661 2572 1895 2623 tacitum
1933 2571 2098 2635 quale
2137 2571 2212 2618 sit

1258 2645 1357 2690 aut
1394 2657 1561 2705 quare
1622 2642 1705 2690 sic
1768 2639 2111 2704 appellatum
2157 2637 2216 2685 II

1258 2710 1343 2771 36,
1384 2710 1465 2760 11.
1504 2725 1547 2757 s.
1590 2723 1637 2756 c.
1676 2709 1734 2756 in
1770 2707 1915 2756 libro
1953 2705 2215 2769 elephan-

1257 2776 1377 2824 tino
1415 2777 1682 2840 scriptum
1716 2773 1774 2823 11
1812 2775 1928 2834 176,
1968 2775 2051 2823 21.
2122 2787 2210 2820 se-

1255 2847 1420 2893 natus
1447 2842 1703 2893 consulta
1736 2841 2007 2890 inserta
2043 2840 2101 2889 11
2128 2841 2210 2901 14,

1257 2913 1324 2960 22
1362 2926 1480 2974 sqq.
1518 2912 1603 2970 21,
1643 2911 1704 2958 11
1732 2924 1851 2972 sqq.
1889 2909 1973 2967 35,
2003 2910 2069 2957 14
2092 2921 2209 2972 sqq.

1258 2978 1343 3040 62,
1383 2981 1415 3028 3
1450 2993 1575 3042 sqq.
1634 2979 1717 3037 70,
1743 2977 1774 3026 5
1810 2991 1929 3040 sqq.
1993 2977 2107 3034 110,
2148 2975 2210 3023 15

1259 3060 1379 3164 333·
1420 3047 1638 3178 {2⁵23ss
1674 3059 1801 3162 Ἥ.
1834 3045 2059 3176 Ἠ

1367 3150 1380 3174 ,
1626 3148 1637 3161 .
1804 3149 1819 3174 ,
2064 3147 2075 3159 .

188 3188 388 3232 senatu
479 3186 792 3232 senatorem
881 3177 1137 3228 occidere
1189 3189 1399 3232 senatus
1457 3182 1707 3246 epistulae
1758 3180 2086 3230 insertae
2157 3179 2214 3229 ΙΙ

189 3251 304 3311 130,
342 3253 390 3301 9.
473 3263 592 3305 sen,
639 3263 750 3300 non
798 3247 936 3299 feeit
977 3246 1136 3300 Alex.

1265 3251 1380 3308 183,
1421 3251 1485 3299 17
1512 3263 1663 3313 sqq.;
1700 3248 1765 3297 27
1792 3261 1907 3312 sqq.

189 3318 306 3368 sine
369 3319 607 3369 omnium
667 3322 982 3368 senatorum
1044 3315 1138 3377 qui
1187 3319 1401 3382 sepeliri
1442 3317 1592 3366 intra
1636 3315 1801 3365 urbes
1838 3319 2081 3366 mortuos
2116 3329 2209 3362 ue-

189 3386 423 3435 aderant
459 3385 691 3437 consilio
729 3386 847 3447 241,
874 3385 934 3446 23
959 3384 1010 3434 8.
1063 3397 1135 3433 ne

188 3456 310 3516 quis
349 3469 457 3504 non
495 3458 720 3505 senator
745 3453 811 3504 de
839 3467 953 3502 sen.
979 3451 1134 3506 Rom.

187 3521 490 3584 iudicaret,
535 3523 708 3587 praef.
756 3526 936 3588 praet.
971 3519 1132 3572 Alex.

1255 3385 1366 3434 tuit
1400 3384 1531 3434 Pius
1566 3386 1655 3466 433
1685 3385 1732 3433 1.
1784 3381 2099 3450 sepeliendi
2133 3381 2210 3431 le-

1256 3468 1355 3518 ges
1382 3453 1717 3517 asperrimas
1742 3454 2045 3501 sanxerunt
2062 3449 2209 3499 Mar-

1257 3536 1352 3571 cus
1390 3525 1446 3572 ct
1480 3521 1655 3571 Verus
1692 3521 1775 3585 55,
1818 3522 1899 3571 10.
