2517 3884
4 746 11 939 t

713 149 962 205 OPILIVS
1005 149 1355 223 MAcnmvs
1414 150 1468 207 c.
1502 154 1671 208 6-9,
2025 147 2179 212 189.

199 320 385 379 minis
443 317 866 377 reuerentiam.
953 317 1073 377 iam
1135 316 1278 393 quid
1337 316 1412 377 de
1473 317 1773 378 Caracallo
1823 320 2140 389 Antonino,
2180 336 2213 385 8

199 403 430 483 quidue
461 400 536 461 de
567 400 682 461 hoc
711 407 911 480 potest
940 400 1096 462 dici?
1155 407 1465 480 postremo
1512 404 1685 463 etiam
1726 404 1869 482 quid
1912 404 1987 463 de
2025 405 2144 465 He-

198 480 521 565 liogabalo,
557 488 661 563 qui
690 488 1126 547 Antoninorum
1162 486 1411 547 ultimus
1452 490 1515 547 in
1545 504 1776 548 summa
1819 489 2145 567 inpuritate

199 572 432 634 uixisse
464 572 870 631 memoratur?

143 675 173 715 5
317 655 666 736 Appellatus
696 656 879 733 igitur
909 654 1627 736 imperator†susceptos
1651 666 1857 718 contra
1890 658 2143 720 Parthos
2177 659 2217 723 8

201 743 514 822 profectus
545 748 636 801 est
665 757 880 818 magno
932 748 1240 819 apparatu,
1276 741 1523 802 studens
1554 742 1763 803 sordes
1793 746 2035 820 generis
2084 751 2144 804 et

199 828 426 907 prioris
459 827 617 886 uitae
646 826 952 885 infamiam
983 826 1273 887 uictoriae
1303 827 1710 905 magnitudine
1741 826 1999 889 abolere.
2038 829 2143 889 sed
2180 842 2213 889 2

201 912 492 973 conflictu
532 909 739 971 habito
777 918 984 971 contra
1024 910 1278 971 Parthos
1324 911 1561 973 defectu
1602 911 1933 989 legionum,
1990 931 2143 991 111136

199 998 278 1059 ad
319 998 562 1057 Varium
603 994 1053 1072 Heliogabalum
1098 995 1519 1073 confugerant,
1575 998 1976 1076 interemptus
2032 1006 2138 1060 est.

119 1102 172 1139 ιο
199 1082 309 1143 sed
343 1100 500 1141 anno
533 1078 784 1159 amplius
813 1081 1152 1159 imperauit.
1227 1098 1371 1140 sane
1415 1099 1546 1141 cum
1593 1090 1751 1142 esset
1788 1083 2041 1149 inferior
2080 1086 2142 1144 in
2180 1096 2212 1144 3

201 1186 276 1227 eo
308 1166 470 1228 bello
514 1164 673 1243 quod
701 1160 1034 1226 Antoninus
1066 1173 1353 1242 gesserat,
1383 1164 1680 1225 Artabane
1726 1168 1992 1243 grauiter
2036 1187 2141 1228 ne-

201 1270 336 1313 cem
370 1268 615 1311 suorum
650 1251 868 1319 ciuium
901 1250 1262 1319 uindicante,
1295 1251 1491 1327 primo
1522 1250 1819 1311 Macrinus
1842 1269 2143 1331 repugna-

199 1339 319 1405 uit;
350 1342 564 1415 postea
595 1352 744 1395 uero
775 1336 972 1399 missis
1004 1334 1212 1413 legatis
1254 1336 1407 1411 petit
1436 1354 1677 1413 pacem,
1724 1354 1899 1415 quam
1930 1335 2145 1397 libenti

201 1423 404 1483 animo
436 1421 754 1480 interfecto
795 1420 1091 1479 Antonino
1134 1418 1391 1480 Parthus
1434 1416 1744 1481 concessit.
1817 1420 1958 1481 inde
2002 1440 2140 1483 cum
2175 1434 2211 1482 4

121 1522 176 1563 15
205 1525 274 1567 se
303 1504 678 1569 Antiochiam
723 1506 1050 1583 recepisset
1090 1523 1159 1565 ac
1201 1504 1473 1565 luxuriae
1517 1524 1762 1583 operam
1805 1506 2003 1575 daret,
2050 1508 2140 1567 iu-

201 1598 356 1653 stam
391 1608 630 1651 causam
670 1589 1065 1650 interficiendi
1105 1591 1196 1650 sui
1238 1589 1516 1667 praebuit
1559 1591 1846 1651 exercitui
1889 1610 1957 1651 ac
1998 1592 2141 1653 Bas-

199 1677 385 1744 siani,
418 1682 484 1735 ut
511 1672 863 1753 putabatur,
913 1674 1096 1734 filium
1129 1674 1448 1752 sequendi,
1482 1674 1543 1734 id
1576 1682 1665 1735 est
1692 1675 2143 1754 Heliogabalum

201 1762 552 1822 Bassianum
584 1759 842 1829 Varium,
877 1761 978 1838 qui
1006 1766 1214 1837 postea
1262 1765 1351 1819 est
1392 1765 1452 1819 et
1495 1760 1814 1821 Bassianus
1858 1767 1917 1819 et
1959 1763 2139 1822 Anto-

205 1848 384 1905 ninus
416 1842 766 1923 appellatus

121 1948 175 1986 20
333 1930 475 1991 Fuit
505 1928 700 2004 aliqua
731 1928 946 1988 mulier
977 1928 1173 1989 Maesa
1204 1929 1333 1989 siue
1354 1929 1527 1989 Varia
1562 1946 1632 1987 ex
1664 1928 1938 1990 Emisena
1969 1929 2140 1999 urbe,
2177 1930 2217 1992 9

202 2033 380 2076 soror
411 2013 597 2073 Iuliae
627 2014 831 2074 uxoris
864 2014 1077 2074 Seueri
1106 2014 1439 2073 Pertinacis
1468 2013 1613 2085 Afri,
1647 2032 1799 2092 quae
1823 2021 1957 2092 post
1980 2032 2139 2073 mor-

201 2110 326 2160 tem
357 2100 639 2159 Antonini
669 2099 934 2159 Bassiani
966 2117 1038 2158 ex
1071 2096 1257 2159 aulica
1290 2098 1467 2157 domo
1510 2098 1705 2159 fuerat
1749 2097 1992 2176 expulsa
2032 2118 2144 2177 per

201 2185 457 2245 Macrini
502 2182 877 2261 superbiam3
926 2184 1022 2243 cui
1063 2183 1305 2262 quidem
1347 2183 1547 2242 omnia
1595 2184 1890 2243 concessit
1930 2183 2141 2243 Macri-

201 2288 338 2338 nuS,
373 2286 529 2346 quae
561 2268 660 2327 diu
690 2267 789 2327 illa
821 2267 1159 2345 collegerat.
1223 2267 1365 2328 huic
1397 2273 1567 2328 erant
1610 2266 1763 2328 duae
1806 2265 1987 2337 tiliae,
2032 2268 2137 2349 Sy·
2175 2283 2209 2331 >2

125 2370 178 2409 25
205 2356 479 2414 miamira
512 2360 570 2413 et
600 2353 880 2422 Mamaea,
914 2370 1166 2429 quarum
1198 2354 1414 2412 maiori
1443 2352 1599 2412 filius
1632 2359 1762 2411 erat
1789 2352 2142 2431 Heliogaba-

204 2439 316 2500 luS.
385 2437 479 2519 [et
507 2438 773 2498 Bassiani
807 2443 865 2497 et
893 2438 1174 2497 Antonini
1203 2456 1423 2498 nomen
1458 2434 1737 2517 accepit.]
1772 2456 1911 2498 nam
1940 2438 2141 2502 Helio·

203 2523 486 2601 gabalum
527 2522 816 2583 Foenices
861 2528 1081 2583 uocant
1123 2522 1329 2583 solem.
1408 2524 1513 2583 sed
1554 2522 1970 2600 Heliogabalus
2010 2524 2142 2603 pul·
2180 2536 2211 2586 3

205 2608 552 2669 chritudine
601 2626 668 2667 ac
709 2614 937 2667 statura
995 2615 1054 2668 et
1097 2608 1431 2669 sacerdotio
1488 2608 1845 2685 conspicuus
1899 2616 2027 2669 erat
2076 2628 2145 2669 ac

205 2702 383 2754 notus
435 2691 717 2751 omnibus
775 2691 1118 2753 hominihus
1179 2694 1280 2769 qui
1333 2694 1405 2754 ad
1457 2692 1747 2772 templum
1799 2693 2142 2761 ueniebant,

138 2792 185 2831 ³0
211 2776 495 2839 militibus
539 2777 880 2856 praecipue.
958 2777 1054 2837 his
1099 2777 1293 2838 Maesa
1344 2780 1473 2839 siue
1515 2778 1686 2837 Varia
1728 2777 1873 2837 dixit
1912 2778 2143 2837 Bassia·
2180 2790 2215 2838 4

208 2882 352 2924 num
381 2862 571 2922 filium
603 2880 734 2921 esse
764 2863 1074 2930 Antonini,
1121 2862 1281 2939 quod
1310 2863 1595 2941 paulatim
1634 2861 1912 2922 omnibus
1943 2861 2144 2923 militi-

309 3068 340 3115 5
373 3068 672 3129 susceptos
695 3064 799 3113 BP
831 3062 904 3126 (in
929 3066 980 3113 P
1003 3079 1029 3113 s
1063 3067 1263 3114 tertium
1296 3064 1457 3127 εναε.)
1508 3068 1770 3129 suscepto
1804 3064 1951 3115 bello
1982 3064 2052 3114 M
2080 3082 2147 3115 an

212 3134 481 3183 infestos?
630 3135 661 3182 9
699 3131 1066 3197 confugerent
1099 3130 1228 3181 BP¹
1370 3134 1434 3183 15
1468 3132 1806 3182 anthiociam
1829 3132 1933 3181 BP
2065 3134 2147 3183 lu—

213 3203 396 3251 xoriae
423 3200 476 3249 B
617 3202 679 3249 17
706 3201 962 3264 sequenti
983 3200 1088 3249 BP
1207 3199 1267 3249 id
1292 3205 1379 3250 est
1401 3200 1617 3249 uarium
1640 3201 1691 3250 h.
1710 3202 1763 3251 b.
1788 3216 1839 3250 11.
1865 3199 1939 3249 P¹
2083 3203 2147 3251 18

215 3270 338 3333 quia
362 3269 467 3321 BP
606 3272 662 3317 et
685 3268 990 3319 Bassianus
1013 3270 1235 3319 insiticia
1251 3269 1412 3319 habeo
1552 3270 1615 3318 19
1640 3270 1956 3334 appellatus
1982 3272 2067 3318 est
2085 3270 2152 3318 M

310 3339 377 3387 20
401 3337 510 3386 fuit
537 3336 809 3400 quaedam
833 3337 900 3386 M
1007 3336 1292 3386 aemisena
1316 3338 1367 3385 P
1494 3338 1920 3401 24symiamyra
1944 3338 2048 3386 BP

215 3405 278 3454 25
302 3420 512 3454 mamea
537 3404 707 3453 BPM
837 3406 903 3454 26
937 3407 1031 3469 qui
1065 3408 1121 3453 et
1154 3406 1311 3454 Bass.
1338 3404 1405 3453 M
1446 3408 1503 3453 et
1528 3404 1787 3455 Bassiani
1820 3432 1886 3440 -—
1921 3405 2145 3469 accepit

215 3475 352 3522 uncis
373 3474 558 3523 inclusi
579 3470 732 3534 (idem
749 3474 1000 3537 proponit
1023 3471 1383 3534 Mommsenus)
