2517 3884
633 170 1028 229 ALEXANDER
1072 171 1384 229 SEVERVS.
1455 172 1514 230 C.
1544 175 1782 229 41—43.
2053 164 2183 231 259

238 340 363 400 rios
392 337 492 401 uel
524 339 806 400 suffectos
838 341 1083 410 creauit,
1119 358 1191 401 ex
1222 346 1464 399 senatus
1494 340 1789 399 sententia
1831 340 2177 410 nominauit,

238 432 545 503 sumptum
582 442 794 485 eorum
826 420 1203 494 contrahens,
1240 433 1301 486 et
1329 423 1598 485 nundina
1637 424 1834 484 ueteri
1865 442 1938 483 ex
1968 424 2178 485 ordine

236 510 513 571 instituit.
588 507 719 589 [uel
750 509 878 570 dies
919 509 1018 570 uel
1050 508 1372 590 tempora]
1443 515 1794 587 quaestores
1837 509 2178 571 candidatos
2213 520 2246 567 3

238 614 308 655 ex
342 612 450 655 sua
482 596 739 673 pecunia
768 595 945 655 iussit
974 613 1225 655 munera
1256 593 1480 673 populo
1513 594 1674 663 dare,
1709 594 1919 654 sedita
1949 601 2015 655 ut
2041 602 2178 673 post

190 697 214 737 5
238 686 627 759 quaesturam
678 687 997 759 praeturas
1046 682 1390 759 acciperent
1434 688 1492 740 et
1561 678 1778 743 deinde
1833 680 2178 757 prouincias
2275 681 2288 697 “

234 771 539 843 regerent.
584 766 847 825 arcarios
878 783 1025 825 uero
1056 766 1330 833 instituit,
1366 765 1468 841 qui
1497 764 1572 824 de
1602 782 1740 825 arca
1769 765 1898 825 fisci
1929 764 2178 826 ederent
2210 774 2246 823 4

234 867 484 921 munera
518 848 848 927 eademque
876 852 1171 928 parciora.
1234 847 1447 909 habuit
1473 852 1536 909 in
1566 849 1796 919 animo,
1830 856 1897 909 ut
1925 867 2176 911 munera

235 953 345 1014 per
377 940 573 995 totum
606 951 830 995 annum
860 934 1253 1013 dispergeret,
1288 940 1356 993 ut
1384 952 1495 1012 per
1526 935 1765 1012 triginta
1797 934 1925 995 dies
1955 952 2176 997 munus

230 1018 457 1099 populo
492 1018 765 1088 daretur,
812 1019 915 1080 sed
950 1038 1057 1080 cur
1089 1019 1149 1079 id
1179 1036 1301 1079 non
1333 1020 1578 1089 fecerit,
1621 1020 1684 1079 in
1727 1018 1961 1080 occulto
1992 1019 2174 1081 hahe-

162 1123 209 1162 10
232 1113 350 1165 tur.
418 1103 779 1183 Capitolium
808 1106 1065 1183 septimo
1096 1121 1337 1183 quoque
1369 1103 1495 1173 die,
1531 1122 1667 1164 cum
1710 1106 1771 1164 in
1801 1103 1952 1165 urhe
1996 1112 2171 1175 esset,
2211 1118 2245 1169 5

234 1188 537 1259 ascendit,
583 1188 811 1268 templa
855 1190 1282 1265 frequentauit.
1368 1187 1604 1250 Christo
1645 1189 1936 1267 templum
1976 1191 2178 1250 facere
2214 1204 2247 1253 6

235 1274 425 1336 uoluit
456 1292 714 1353 eumque
756 1275 916 1335 inter
954 1274 1101 1335 deos
1146 1276 1442 1353 recipere.
1521 1272 1680 1351 quod
1734 1281 1794 1334 et
1842 1273 2178 1337 Hadrianus

234 1362 528 1438 cogitasse
559 1361 783 1433 fertur,
828 1361 931 1439 qui
971 1358 1194 1439 templa
1234 1360 1298 1420 in
1344 1357 1618 1419 omnihus
1661 1357 2006 1419 ciuitatibus
2047 1362 2177 1421 sine

239 1443 577 1506 simulacris
607 1446 867 1505 iusserat
894 1445 1046 1514 fieri,
1082 1462 1235 1522 quae
1266 1443 1564 1521 hodieque
1608 1443 1830 1505 idcirco
1872 1446 2009 1521 quia
2053 1462 2177 1506 non

161 1546 209 1589 15
231 1528 456 1603 hahent
498 1530 745 1591 numina
789 1529 1073 1591 dicuntur
1118 1529 1434 1599 Hadriani,
1493 1540 1645 1609 quae
1675 1528 1776 1590 ille
1821 1529 1894 1590 ad
1925 1529 2039 1591 hoc
2068 1548 2172 1610 pa·

231 1633 395 1677 rasse
427 1614 771 1682 dicebatur3
806 1614 911 1675 sed
950 1613 1293 1693 prohibitus
1337 1621 1428 1675 est
1458 1614 1530 1675 ab
1572 1616 1624 1675 is
1657 1616 1760 1692 qui
1791 1615 2173 1677 consulentes
2212 1626 2243 1677 ‘1

234 1718 401 1761 sacra
432 1708 829 1779 reppererant
860 1717 1069 1760 omnes
1101 1698 1472 1761 Christianos
1501 1700 1765 1769 futuros,
1811 1702 1861 1760 si
1905 1701 1964 1762 id
1996 1701 2170 1763 fecis-

234 1793 340 1855 set,
377 1792 436 1845 et
465 1784 691 1863 templa
719 1782 953 1862 reliqua
984 1784 1340 1845 deserenda.

331 1938 362 1985 2
388 1936 657 1985 nundinia
681 1935 845 1985 BPM
980 1941 1175 1986 uetera
1200 1936 1419 1986 serdine
1443 1935 1547 1999 BP
1568 1936 1789 1985 sardine
1814 1936 1882 1985 M
1899 1952 1988 1989 em.
2019 1938 2060 1987 G

232 2007 261 2055 3
284 2004 377 2054 uel
404 2003 525 2053 dies
547 2003 642 2053 uel
664 2008 911 2068 ternpore
937 2006 1034 2055 del.
1062 2004 1104 2054 0
1237 2006 1274 2053 4
1297 2003 1514 2054 sedicta
1538 2002 1664 2053 BP¹
1804 2006 1836 2055 5
1861 2003 1988 2053 inde
2013 2004 2082 2053 M

232 2073 261 2121 6
288 2086 429 2136 quae
454 2068 581 2120 B¹P
714 2071 975 2121 sederent
998 2072 1101 2121 BP
1236 2074 1268 2121 9
1293 2071 1508 2121 faceret
1531 2069 1604 2119 B¹
1745 2070 1808 2121 14
1831 2071 1996 2121 hodie
2021 2072 2090 2121 M

232 2140 295 2189 16
326 2140 415 2189 his
430 2137 607 2189 BPM
763 2141 826 2190 17
862 2140 1105 2201 futurOS,
1144 2139 1192 2189 si
1224 2138 1284 2188 id
1309 2138 1568 2201 fecisset,
1605 2142 1661 2187 et
1697 2136 1927 2204 templa]
1967 2140 2176 2202 exhibui

230 2209 537 2273 scripturam
569 2210 782 2257 alterius
810 2208 1039 2270 familiae
1073 2209 1300 2258 codicum
1341 2208 1616 2257 deterioris
1647 2212 1800 2257 notae
1835 2204 1972 2270 (cod.
2025 2208 2174 2273 Reqii

232 2276 479 2327 Lam-ent.
502 2278 576 2340 pl.
604 2278 685 2336 66,
715 2278 784 2325 32
808 2292 853 2328 s,
880 2292 1017 2326 cruc.
1046 2276 1159 2325 XX
1181 2278 1212 2325 6
1244 2274 1530 2325 Vat.1897.
1553 2276 1688 2325 1898
1709 2274 1948 2325 Ambros.
1978 2276 2030 2329 C.
2045 2276 2170 2340 110)

233 2344 293 2394 de
328 2360 429 2411 qua
461 2344 531 2405 cf.
568 2342 835 2393 historiam
868 2346 982 2395 crit.
1016 2346 1198 2407 script.
1232 2343 1283 2393 Ῐι.
1310 2344 1379 2393 Α.
1400 2359 1457 2407 p.
1486 2345 1554 2393 31
1577 2358 1656 2408 sq.
1691 2345 1743 2392 in
1766 2342 1872 2391 BP
1901 2342 2061 2408 (eoec.)
2097 2346 2172 2395 ita

231 2412 388 2462 uerba
410 2427 525 2461 sese
550 2413 843 2475 eoect‘piunt:
870 2426 1058 2462 omnes
1083 2411 1433 2461 Christianos
1457 2411 1676 2461 futuros
1701 2411 1750 2461 si
1771 2410 1830 2460 id
1857 2416 2049 2477 optate
2073 2428 2168 2463 ue-

232 2479 407 2530 nisset
434 2478 503 2541 (c.
530 2482 597 2529 58
608 2478 649 2543 :)
677 2479 991 2529 nominibus
1016 2484 1102 2529 est
1136 2484 1384 2529 ornatus.
1401 2506 1466 2515 —
1506 2477 1680 2543 (Ma-v.
1707 2478 1792 2543 5.·)
1829 2480 1989 2531 modo
2021 2481 2168 2533 fictis

229 2546 589 2613 languoribus
618 2552 941 2612 occupatus.
988 2548 1173 2599 occiso
1197 2546 1572 2613 Heliogabalo
1603 2548 1703 2597 ubi
1738 2548 1970 2613 primum
2005 2550 2169 2601 fecis-

234 2620 335 2665 set.
372 2614 555 2678 (Alex.
582 2614 708 2678 43:)
736 2620 793 2664 et
818 2616 1025 2681 templa
1052 2616 1266 2680 reliqua
1293 2616 1602 2665 deserenda
1627 2644 1694 2651 —
1721 2616 1789 2679 (c.
1818 2620 1881 2667 58
1895 2616 1934 2680 s)
1973 2618 2170 2681 quibus

229 2682 286 2731 in
312 2686 513 2733 senatu
540 2687 597 2732 et
622 2679 771 2747 apud
796 2683 1058 2749 populum
1092 2684 1255 2734 lectis
1290 2684 1446 2733 uario
1473 2688 1719 2749 tempore
1757 2699 1878 2734 cum
1904 2686 2072 2735 etiam
2099 2686 2168 2735 de

231 2750 438 2801 isauria
466 2748 642 2813 (Maae.
672 2750 789 2814 18.·)
818 2752 1069 2801 sentiunt
1106 2756 1161 2801 et
1189 2750 1502 2802 Gordianos
1527 2779 1592 2787 -—
1628 2752 1802 2813 (Mam.
1832 2760 1882 2801 et
1905 2752 2056 2801 Balb.
2081 2753 2166 2817 8:)

230 2818 479 2869 homines
502 2818 765 2883 uulgares
789 2817 965 2883 (Max.
990 2825 1023 2870 5
1032 2818 1073 2883 .·)
1102 2820 1355 2884 conperit
1377 2819 1750 2870 Alexandrum
1774 2820 2079 2884 principem
2102 2848 2168 2856 —

234 2884 297 2949 (c.
323 2886 441 2951 18:)
478 2886 741 2936 Caesaris
774 2888 991 2937 nomine
1028 2892 1437 2952 nuncuparunt.
1498 2886 1673 2950 (Max.
1709 2894 1759 2937 ει
1781 2886 1934 2937 ΒαΙό.
1961 2888 2045 2952 8.·)
2081 2888 2169 2939 his

232 2954 404 3019 gestis
430 2953 839 3019 celebratisque
867 2960 925 3005 et
948 2970 999 3020 q.
1020 2971 1062 3005 s,
1110 2957 1243 3006 idem
1268 2957 1398 3007 ordo
1421 2957 1624 3006 uidetur
1643 2955 1808 3019 fuisse
1831 2957 1884 3005 in
1908 2971 1967 3005 eo
1993 2958 2168 3007 codice

231 3037 299 3073 ex
322 3040 419 3089 quo
444 3024 735 3087 descriptus
757 3031 839 3073 est
860 3025 975 3074 cod.
1008 3024 1290 3075 Vaticanus
1314 3041 1363 3077 n.
1391 3026 1557 3081 5301,
1631 3038 1694 3074 uo
1731 3038 1851 3073 usus
1888 3032 1966 3074 est
1989 3023 2168 3075 Bonus

231 3090 531 3150 Accursius,
564 3092 662 3141 sed
692 3108 727 3141 a
760 3092 1000 3151 librario,
1037 3094 1125 3158 qui
1151 3094 1378 3143 codicem
1408 3093 1542 3142 illum
1623 3094 1875 3143 micanum
1905 3096 2166 3157 eccm-anit,

230 3162 521 3210 coniectura
542 3160 621 3209 ita
643 3166 876 3217 mutatus,
894 3166 956 3209 ⁴ut
978 3161 1114 3211 inter
1138 3161 1301 3211 uerba
1335 3176 1378 3209 c.
1405 3163 1471 3210 15
1498 3159 1730 3226 capitali
1763 3175 1944 3225 poena
1969 3160 2166 3212 affecit

230 3233 278 3275 et
313 3228 544 3293 negotia
582 3231 640 3277 et
684 3242 883 3279 causas
916 3228 1043 3278 haec
1076 3229 1556 3279 intermitterentur:
1594 3228 1778 3279 occiso
1811 3228 2166 3295 heliogabalo

226 3296 321 3345 ubi
345 3296 581 3360 primum
607 3296 839 3347 fecisset
866 3300 923 3345 et
948 3296 1155 3361 templa
1180 3296 1396 3361 reliqua
1421 3296 1742 3347 deserenda.
1769 3297 1828 3345 in
1851 3297 1992 3347 iocis
2016 3325 2082 3333 -
2109 3302 2168 3347 et

228 3364 373 3427 apud
398 3364 664 3430 populum
685 3364 867 3414 lectiS.
932 3366 986 3415 in
1010 3367 1124 3415 cod.
1150 3366 1201 3414 P
1231 3382 1266 3415 a
1287 3381 1435 3415 manu
1467 3367 1664 3415 recenti
1695 3372 1977 3416 atramento
2009 3367 2167 3416 rubro

228 3447 377 3549 theg-31⁸
400 3434 531 3483 ordo
557 3434 609 3483 in
632 3434 857 3498 maryine
879 3434 1194 3499 siqnifz'catus
1218 3441 1312 3484 est.
1363 3435 1464 3483 uid.
1484 3435 1662 3497 praef.
1802 3436 1865 3485 18
1890 3432 2166 3498 rereliqua
2271 3444 2280 3457 ¹

1618 3584 1696 3649 17
1723 3586 1758 3624 ’¹‘

2316 3737 2434 3777 Δ.
2482 3748 2484 3751 ,
