<?xml version="1.0" encoding="UTF-8"?>
<!DOCTYPE html PUBLIC "-//W3C//DTD XHTML 1.0 Transitional//EN"
    "http://www.w3.org/TR/xhtml1/DTD/xhtml1-transitional.dtd">
<html xmlns="http://www.w3.org/1999/xhtml" xml:lang="en" lang="en">
 <head>
  <title>
</title>
<meta http-equiv="Content-Type" content="text/html;charset=utf-8" />
  <meta name='ocr-system' content='tesseract 3.04.00' />
  <meta name='ocr-capabilities' content='ocr_page ocr_carea ocr_par ocr_line ocrx_word'/>
</head>
<body>
  <div class='ocr_page' id='page_1' title='image "./scriptoreshisto02petegoog_0098.png"; bbox 0 0 2517 3884; ppageno 0'>
   <div class='ocr_carea' id='block_1_1' title="bbox 483 169 2042 234">
    <p class='ocr_par' dir='ltr' id='par_1_1' title="bbox 483 169 2042 234">
     <span class='ocr_line' id='line_1_1' title="bbox 483 169 2042 234; baseline 0.004 -6"><span class='ocrx_word' id='word_1_1' title='bbox 483 173 552 229; x_wconf 81' lang='lat' dir='ltr'>M.</span> <span class='ocrx_word' id='word_1_2' title='bbox 599 171 750 228; x_wconf 87' lang='lat' dir='ltr'><strong>ANT.</strong></span> <span class='ocrx_word' id='word_1_3' title='bbox 793 172 1266 230; x_wconf 84' lang='lat' dir='ltr'>PHlLOSOPHVS.</span> <span class='ocrx_word' id='word_1_4' title='bbox 1340 173 1394 228; x_wconf 89' lang='lat' dir='ltr'>C.</span> <span class='ocrx_word' id='word_1_5' title='bbox 1428 176 1662 230; x_wconf 78' lang='grc'>19-22,</span> <span class='ocrx_word' id='word_1_6' title='bbox 1960 169 2042 234; x_wconf 87' lang='grc'>61</span> 
     </span>
    </p>
   </div>
   <div class='ocr_carea' id='block_1_2' title="bbox 63 339 2199 2967">
    <p class='ocr_par' dir='ltr' id='par_1_2' title="bbox 63 339 2135 1519">
     <span class='ocr_line' id='line_1_2' title="bbox 133 339 2025 419; baseline 0.003 -22"><span class='ocrx_word' id='word_1_7' title='bbox 133 339 394 415; x_wconf 80' lang='lat' dir='ltr'><strong>Augustae</strong></span> <span class='ocrx_word' id='word_1_8' title='bbox 426 339 570 400; x_wconf 82' lang='lat' dir='ltr'>tilia.</span> <span class='ocrx_word' id='word_1_9' title='bbox 651 339 754 400; x_wconf 92' lang='lat' dir='ltr'>sed</span> <span class='ocrx_word' id='word_1_10' title='bbox 786 339 894 400; x_wconf 87' lang='lat' dir='ltr'>has</span> <span class='ocrx_word' id='word_1_11' title='bbox 923 342 1158 419; x_wconf 80' lang='lat' dir='ltr'><strong>nuptias</strong></span> <span class='ocrx_word' id='word_1_12' title='bbox 1202 347 1262 400; x_wconf 88' lang='lat' dir='ltr'>et</span> <span class='ocrx_word' id='word_1_13' title='bbox 1292 340 1574 402; x_wconf 87' lang='lat' dir='ltr'>Faustina</span> <span class='ocrx_word' id='word_1_14' title='bbox 1618 348 1674 402; x_wconf 91' lang='lat' dir='ltr'>et</span> <span class='ocrx_word' id='word_1_15' title='bbox 1715 341 1843 419; x_wconf 85' lang='lat' dir='ltr'>ipsa</span> <span class='ocrx_word' id='word_1_16' title='bbox 1874 358 2025 418; x_wconf 90' lang='lat' dir='ltr'>quae</span> 
     </span>
     <span class='ocr_line' id='line_1_3' title="bbox 132 422 999 487; baseline 0.005 -4"><span class='ocrx_word' id='word_1_17' title='bbox 132 422 347 484; x_wconf 88' lang='lat' dir='ltr'>dabatur</span> <span class='ocrx_word' id='word_1_18' title='bbox 375 425 608 484; x_wconf 79' lang='lat' dir='ltr'>inuitae</span> <span class='ocrx_word' id='word_1_19' title='bbox 639 424 999 487; x_wconf 88' lang='lat' dir='ltr'>habuerunt.</span> 
     </span>
     <span class='ocr_line' id='line_1_4' title="bbox 229 507 2135 589; baseline 0.002 -20"><span class='ocrx_word' id='word_1_20' title='bbox 229 509 367 570; x_wconf 88' lang='lat' dir='ltr'>Cum</span> <span class='ocrx_word' id='word_1_21' title='bbox 399 510 600 570; x_wconf 82' lang='lat' dir='ltr'><strong>Mauri</strong></span> <span class='ocrx_word' id='word_1_22' title='bbox 630 509 948 588; x_wconf 80' lang='lat' dir='ltr'>Hispanias</span> <span class='ocrx_word' id='word_1_23' title='bbox 976 527 1166 588; x_wconf 85' lang='lat' dir='ltr'>prope</span> <span class='ocrx_word' id='word_1_24' title='bbox 1197 527 1407 571; x_wconf 88' lang='lat' dir='ltr'>omnes</span> <span class='ocrx_word' id='word_1_25' title='bbox 1440 516 1760 579; x_wconf 87' lang='lat' dir='ltr'>uastarent,</span> <span class='ocrx_word' id='word_1_26' title='bbox 1794 527 1895 572; x_wconf 89' lang='lat' dir='ltr'>res</span> <span class='ocrx_word' id='word_1_27' title='bbox 1925 529 2035 589; x_wconf 89' lang='lat' dir='ltr'>per</span> <span class='ocrx_word' id='word_1_28' title='bbox 2052 507 2135 572; x_wconf 82' lang='lat'>21</span> 
     </span>
     <span class='ocr_line' id='line_1_5' title="bbox 130 592 2105 675; baseline 0.004 -25"><span class='ocrx_word' id='word_1_29' title='bbox 130 592 320 670; x_wconf 79' lang='lat' dir='ltr'>legatos</span> <span class='ocrx_word' id='word_1_30' title='bbox 352 593 514 654; x_wconf 92' lang='lat' dir='ltr'>bene</span> <span class='ocrx_word' id='word_1_31' title='bbox 545 601 750 672; x_wconf 81' lang='lat' dir='ltr'>gestae</span> <span class='ocrx_word' id='word_1_32' title='bbox 784 601 942 655; x_wconf 87' lang='lat' dir='ltr'>sunt.</span> <span class='ocrx_word' id='word_1_33' title='bbox 994 603 1051 654; x_wconf 92' lang='lat' dir='ltr'>et</span> <span class='ocrx_word' id='word_1_34' title='bbox 1091 613 1228 656; x_wconf 87' lang='lat' dir='ltr'>cum</span> <span class='ocrx_word' id='word_1_35' title='bbox 1269 613 1380 674; x_wconf 86' lang='lat' dir='ltr'>per</span> <span class='ocrx_word' id='word_1_36' title='bbox 1411 595 1741 675; x_wconf 86' lang='lat' dir='ltr'>Aegyptum</span> <span class='ocrx_word' id='word_1_37' title='bbox 1772 595 2035 656; x_wconf 88' lang='lat' dir='ltr'>Bucolici</span> <span class='ocrx_word' id='word_1_38' title='bbox 2071 610 2105 658; x_wconf 83' lang='lat'>2</span> 
     </span>
     <span class='ocr_line' id='line_1_6' title="bbox 91 679 2034 758; baseline 0.004 -26"><span class='ocrx_word' id='word_1_39' title='bbox 91 679 311 740; x_wconf 72' lang='lat' dir='ltr'>smilites</span> <span class='ocrx_word' id='word_1_40' title='bbox 341 681 556 758; x_wconf 87' lang='lat' dir='ltr'>grauia</span> <span class='ocrx_word' id='word_1_41' title='bbox 589 679 775 740; x_wconf 90' lang='lat' dir='ltr'>multa</span> <span class='ocrx_word' id='word_1_42' title='bbox 807 680 1118 748; x_wconf 80' lang='lat' dir='ltr'><strong>fecissent,</strong></span> <span class='ocrx_word' id='word_1_43' title='bbox 1163 697 1274 758; x_wconf 82' lang='lat' dir='ltr'>per</span> <span class='ocrx_word' id='word_1_44' title='bbox 1298 679 1585 740; x_wconf 73' lang='lat' dir='ltr'>Auidium</span> <span class='ocrx_word' id='word_1_45' title='bbox 1629 680 1893 740; x_wconf 88' lang='lat' dir='ltr'>Cassium</span> <span class='ocrx_word' id='word_1_46' title='bbox 1936 699 2034 742; x_wconf 90' lang='lat' dir='ltr'>re-</span> 
     </span>
     <span class='ocr_line' id='line_1_7' title="bbox 125 763 2109 844; baseline 0.004 -24"><span class='ocrx_word' id='word_1_47' title='bbox 125 765 253 824; x_wconf 85' lang='lat' dir='ltr'><strong>tunsi</strong></span> <span class='ocrx_word' id='word_1_48' title='bbox 279 771 442 833; x_wconf 88' lang='lat' dir='ltr'>sunt,</span> <span class='ocrx_word' id='word_1_49' title='bbox 479 766 588 841; x_wconf 90' lang='lat' dir='ltr'>qui</span> <span class='ocrx_word' id='word_1_50' title='bbox 619 771 826 844; x_wconf 85' lang='lat' dir='ltr'>postea</span> <span class='ocrx_word' id='word_1_51' title='bbox 857 763 1229 842; x_wconf 77' lang='lat' dir='ltr'>tyrannidem</span> <span class='ocrx_word' id='word_1_52' title='bbox 1262 766 1530 843; x_wconf 87' lang='lat' dir='ltr'>arripuit.</span> <span class='ocrx_word' id='word_1_53' title='bbox 1566 765 1690 825; x_wconf 85' lang='lat' dir='ltr'>Sub</span> <span class='ocrx_word' id='word_1_54' title='bbox 1720 767 1865 843; x_wconf 89' lang='lat' dir='ltr'>ipsis</span> <span class='ocrx_word' id='word_1_55' title='bbox 1894 783 2033 844; x_wconf 89' lang='lat' dir='ltr'>pro·</span> <span class='ocrx_word' id='word_1_56' title='bbox 2077 779 2109 827; x_wconf 87' lang='lat'><strong>3</strong></span> 
     </span>
     <span class='ocr_line' id='line_1_8' title="bbox 122 848 2035 928; baseline 0.001 -21"><span class='ocrx_word' id='word_1_57' title='bbox 122 849 364 910; x_wconf 81' lang='lat' dir='ltr'>fectionis</span> <span class='ocrx_word' id='word_1_58' title='bbox 396 848 624 910; x_wconf 90' lang='lat' dir='ltr'>diebus</span> <span class='ocrx_word' id='word_1_59' title='bbox 652 851 716 909; x_wconf 90' lang='lat' dir='ltr'>in</span> <span class='ocrx_word' id='word_1_60' title='bbox 757 867 998 910; x_wconf 90' lang='lat' dir='ltr'>secessu</span> <span class='ocrx_word' id='word_1_61' title='bbox 1028 849 1419 910; x_wconf 86' lang='lat' dir='ltr'>Praenestino</span> <span class='ocrx_word' id='word_1_62' title='bbox 1465 867 1647 928; x_wconf 83' lang='lat' dir='ltr'>agens</span> <span class='ocrx_word' id='word_1_63' title='bbox 1676 849 1891 919; x_wconf 85' lang='lat' dir='ltr'>filium,</span> <span class='ocrx_word' id='word_1_64' title='bbox 1927 869 2035 910; x_wconf 92' lang='lat' dir='ltr'>no-</span> 
     </span>
     <span class='ocr_line' id='line_1_9' title="bbox 120 934 2037 1015; baseline 0.001 -23"><span class='ocrx_word' id='word_1_65' title='bbox 120 936 252 994; x_wconf 88' lang='lat' dir='ltr'>mine</span> <span class='ocrx_word' id='word_1_66' title='bbox 292 936 530 996; x_wconf 87' lang='lat' dir='ltr'>Verum</span> <span class='ocrx_word' id='word_1_67' title='bbox 563 934 900 1003; x_wconf 84' lang='lat' dir='ltr'>Caesarem,</span> <span class='ocrx_word' id='word_1_68' title='bbox 947 941 1154 994; x_wconf 87' lang='lat' dir='ltr'>execto</span> <span class='ocrx_word' id='word_1_69' title='bbox 1199 934 1311 995; x_wconf 90' lang='lat' dir='ltr'>suh</span> <span class='ocrx_word' id='word_1_70' title='bbox 1354 953 1499 994; x_wconf 87' lang='lat' dir='ltr'>aure</span> <span class='ocrx_word' id='word_1_71' title='bbox 1541 935 1753 996; x_wconf 88' lang='lat' dir='ltr'>tubere</span> <span class='ocrx_word' id='word_1_72' title='bbox 1796 943 2037 1015; x_wconf 85' lang='lat' dir='ltr'>septen-</span> 
     </span>
     <span class='ocr_line' id='line_1_10' title="bbox 121 1017 2107 1098; baseline 0.002 -20"><span class='ocrx_word' id='word_1_73' title='bbox 121 1036 230 1078; x_wconf 81' lang='lat' dir='ltr'>nem</span> <span class='ocrx_word' id='word_1_74' title='bbox 259 1021 480 1080; x_wconf 88' lang='lat' dir='ltr'>amisit.</span> <span class='ocrx_word' id='word_1_75' title='bbox 533 1037 716 1098; x_wconf 90' lang='lat' dir='ltr'>quem</span> <span class='ocrx_word' id='word_1_76' title='bbox 747 1037 867 1079; x_wconf 90' lang='lat' dir='ltr'>non</span> <span class='ocrx_word' id='word_1_77' title='bbox 907 1017 1042 1098; x_wconf 90' lang='lat' dir='ltr'>plus</span> <span class='ocrx_word' id='word_1_78' title='bbox 1074 1021 1339 1098; x_wconf 90' lang='lat' dir='ltr'>quinque</span> <span class='ocrx_word' id='word_1_79' title='bbox 1370 1018 1585 1080; x_wconf 89' lang='lat' dir='ltr'>diebus</span> <span class='ocrx_word' id='word_1_80' title='bbox 1615 1019 1768 1080; x_wconf 85' lang='lat' dir='ltr'>luxit</span> <span class='ocrx_word' id='word_1_81' title='bbox 1798 1020 2035 1080; x_wconf 89' lang='lat' dir='ltr'>consul·</span> <span class='ocrx_word' id='word_1_82' title='bbox 2071 1033 2107 1082; x_wconf 84' lang='lat'>4</span> 
     </span>
     <span class='ocr_line' id='line_1_11' title="bbox 63 1102 2037 1184; baseline 0.005 -28"><span class='ocrx_word' id='word_1_83' title='bbox 63 1111 302 1181; x_wconf 70' lang='lat' dir='ltr'>musque</span> <span class='ocrx_word' id='word_1_84' title='bbox 345 1106 534 1165; x_wconf 87' lang='lat' dir='ltr'>etiam</span> <span class='ocrx_word' id='word_1_85' title='bbox 582 1103 814 1164; x_wconf 88' lang='lat' dir='ltr'>medios</span> <span class='ocrx_word' id='word_1_86' title='bbox 874 1104 1102 1165; x_wconf 88' lang='lat' dir='ltr'>actibus</span> <span class='ocrx_word' id='word_1_87' title='bbox 1161 1102 1415 1183; x_wconf 89' lang='lat' dir='ltr'>publicis</span> <span class='ocrx_word' id='word_1_88' title='bbox 1460 1103 1738 1165; x_wconf 80' lang='lat' dir='ltr'><strong>reddidit.</strong></span> <span class='ocrx_word' id='word_1_89' title='bbox 1800 1112 1858 1164; x_wconf 92' lang='lat' dir='ltr'>et</span> <span class='ocrx_word' id='word_1_90' title='bbox 1898 1107 2037 1184; x_wconf 90' lang='lat' dir='ltr'>quia</span> 
     </span>
     <span class='ocr_line' id='line_1_12' title="bbox 119 1187 2105 1268; baseline 0.003 -23"><span class='ocrx_word' id='word_1_91' title='bbox 119 1187 215 1247; x_wconf 88' lang='lat' dir='ltr'>ludi</span> <span class='ocrx_word' id='word_1_92' title='bbox 239 1189 406 1250; x_wconf 88' lang='lat' dir='ltr'>Iouis</span> <span class='ocrx_word' id='word_1_93' title='bbox 439 1189 668 1268; x_wconf 85' lang='lat' dir='ltr'>Optimi</span> <span class='ocrx_word' id='word_1_94' title='bbox 698 1189 935 1250; x_wconf 84' lang='lat' dir='ltr'>Maximi</span> <span class='ocrx_word' id='word_1_95' title='bbox 981 1196 1181 1258; x_wconf 87' lang='lat' dir='ltr'>erant,</span> <span class='ocrx_word' id='word_1_96' title='bbox 1228 1188 1598 1268; x_wconf 85' lang='lat' dir='ltr'>interpellari</span> <span class='ocrx_word' id='word_1_97' title='bbox 1646 1207 1749 1249; x_wconf 88' lang='lat' dir='ltr'>eos</span> <span class='ocrx_word' id='word_1_98' title='bbox 1794 1189 2034 1268; x_wconf 88' lang='lat' dir='ltr'>publico</span> <span class='ocrx_word' id='word_1_99' title='bbox 2072 1202 2105 1250; x_wconf 86' lang='lat'>5</span> 
     </span>
     <span class='ocr_line' id='line_1_13' title="bbox 116 1272 2035 1351; baseline 0.002 -21"><span class='ocrx_word' id='word_1_100' title='bbox 116 1272 252 1334; x_wconf 89' lang='lat' dir='ltr'>luctu</span> <span class='ocrx_word' id='word_1_101' title='bbox 279 1273 482 1334; x_wconf 84' lang='lat' dir='ltr'>noluit</span> <span class='ocrx_word' id='word_1_102' title='bbox 523 1276 855 1351; x_wconf 88' lang='lat' dir='ltr'>iussitque,</span> <span class='ocrx_word' id='word_1_103' title='bbox 899 1280 965 1333; x_wconf 92' lang='lat' dir='ltr'>ut</span> <span class='ocrx_word' id='word_1_104' title='bbox 1004 1280 1232 1334; x_wconf 82' lang='lat' dir='ltr'>statuae</span> <span class='ocrx_word' id='word_1_105' title='bbox 1275 1273 1687 1334; x_wconf 88' lang='lat' dir='ltr'>tantummodo</span> <span class='ocrx_word' id='word_1_106' title='bbox 1720 1273 1845 1334; x_wconf 87' lang='lat' dir='ltr'>filio</span> <span class='ocrx_word' id='word_1_107' title='bbox 1875 1293 2035 1333; x_wconf 90' lang='lat' dir='ltr'>mor-</span> 
     </span>
     <span class='ocr_line' id='line_1_14' title="bbox 119 1358 2035 1437; baseline 0.002 -22"><span class='ocrx_word' id='word_1_108' title='bbox 119 1365 197 1417; x_wconf 88' lang='lat' dir='ltr'>tuo</span> <span class='ocrx_word' id='word_1_109' title='bbox 225 1359 729 1427; x_wconf 83' lang='lat' dir='ltr'><strong>decernerentur,</strong></span> <span class='ocrx_word' id='word_1_110' title='bbox 767 1366 825 1417; x_wconf 90' lang='lat' dir='ltr'>et</span> <span class='ocrx_word' id='word_1_111' title='bbox 854 1359 1050 1436; x_wconf 84' lang='lat' dir='ltr'>imago</span> <span class='ocrx_word' id='word_1_112' title='bbox 1101 1377 1278 1420; x_wconf 86' lang='lat' dir='ltr'>aurea</span> <span class='ocrx_word' id='word_1_113' title='bbox 1323 1358 1695 1419; x_wconf 81' lang='lat' dir='ltr'>circensibus</span> <span class='ocrx_word' id='word_1_114' title='bbox 1724 1377 1834 1437; x_wconf 87' lang='lat' dir='ltr'>per</span> <span class='ocrx_word' id='word_1_115' title='bbox 1865 1376 2035 1437; x_wconf 90' lang='lat' dir='ltr'>pom-</span> 
     </span>
     <span class='ocr_line' id='line_1_15' title="bbox 115 1442 2036 1519; baseline 0.001 -17"><span class='ocrx_word' id='word_1_116' title='bbox 115 1461 226 1519; x_wconf 89' lang='lat' dir='ltr'>pam</span> <span class='ocrx_word' id='word_1_117' title='bbox 253 1443 532 1513; x_wconf 81' lang='lat' dir='ltr'>serenda,</span> <span class='ocrx_word' id='word_1_118' title='bbox 581 1450 639 1502; x_wconf 92' lang='lat' dir='ltr'>et</span> <span class='ocrx_word' id='word_1_119' title='bbox 678 1450 745 1503; x_wconf 89' lang='lat' dir='ltr'>ut</span> <span class='ocrx_word' id='word_1_120' title='bbox 787 1442 985 1502; x_wconf 88' lang='lat' dir='ltr'>saliari</span> <span class='ocrx_word' id='word_1_121' title='bbox 1029 1445 1279 1503; x_wconf 87' lang='lat' dir='ltr'>carmini</span> <span class='ocrx_word' id='word_1_122' title='bbox 1322 1462 1541 1504; x_wconf 91' lang='lat' dir='ltr'>nomen</span> <span class='ocrx_word' id='word_1_123' title='bbox 1574 1445 1702 1504; x_wconf 90' lang='lat' dir='ltr'>eius</span> <span class='ocrx_word' id='word_1_124' title='bbox 1732 1445 2036 1504; x_wconf 90' lang='lat' dir='ltr'>inserere·</span> 
     </span>
    </p>

    <p class='ocr_par' dir='ltr' id='par_1_3' title="bbox 65 1527 2151 1948">
     <span class='ocr_line' id='line_1_16' title="bbox 65 1527 2107 1607; baseline 0.005 -27"><span class='ocrx_word' id='word_1_125' title='bbox 65 1541 98 1580; x_wconf 82' lang='lat'>15</span> <span class='ocrx_word' id='word_1_126' title='bbox 118 1539 206 1587; x_wconf 82' lang='lat' dir='ltr'>tur.</span> <span class='ocrx_word' id='word_1_127' title='bbox 236 1530 506 1590; x_wconf 80' lang='lat' dir='ltr'>instante</span> <span class='ocrx_word' id='word_1_128' title='bbox 535 1545 681 1588; x_wconf 87' lang='lat' dir='ltr'>sane</span> <span class='ocrx_word' id='word_1_129' title='bbox 715 1527 908 1589; x_wconf 86' lang='lat' dir='ltr'>adhuc</span> <span class='ocrx_word' id='word_1_130' title='bbox 939 1527 1276 1607; x_wconf 88' lang='lat' dir='ltr'>pestilentia</span> <span class='ocrx_word' id='word_1_131' title='bbox 1320 1537 1379 1588; x_wconf 89' lang='lat' dir='ltr'>et</span> <span class='ocrx_word' id='word_1_132' title='bbox 1409 1527 1659 1589; x_wconf 89' lang='lat' dir='ltr'>deorum</span> <span class='ocrx_word' id='word_1_133' title='bbox 1690 1528 1915 1590; x_wconf 87' lang='lat' dir='ltr'>cultum</span> <span class='ocrx_word' id='word_1_134' title='bbox 1948 1527 2035 1588; x_wconf 90' lang='lat' dir='ltr'>di-</span> <span class='ocrx_word' id='word_1_135' title='bbox 2075 1541 2107 1590; x_wconf 83' lang='lat'>6</span> 
     </span>
     <span class='ocr_line' id='line_1_17' title="bbox 117 1611 2035 1692; baseline 0.002 -22"><span class='ocrx_word' id='word_1_136' title='bbox 117 1611 492 1690; x_wconf 85' lang='lat' dir='ltr'>ligentissime</span> <span class='ocrx_word' id='word_1_137' title='bbox 520 1614 787 1674; x_wconf 89' lang='lat' dir='ltr'>restituit</span> <span class='ocrx_word' id='word_1_138' title='bbox 819 1622 877 1674; x_wconf 89' lang='lat' dir='ltr'>et</span> <span class='ocrx_word' id='word_1_139' title='bbox 908 1631 1149 1682; x_wconf 78' lang='lat' dir='ltr'>seruoS,</span> <span class='ocrx_word' id='word_1_140' title='bbox 1195 1613 1698 1692; x_wconf 87' lang='lat' dir='ltr'>quemadmodum</span> <span class='ocrx_word' id='word_1_141' title='bbox 1730 1613 1887 1674; x_wconf 86' lang='lat' dir='ltr'>bello</span> <span class='ocrx_word' id='word_1_142' title='bbox 1922 1613 2035 1674; x_wconf 86' lang='lat' dir='ltr'>Pu-</span> 
     </span>
     <span class='ocr_line' id='line_1_18' title="bbox 117 1696 2037 1777; baseline 0.002 -22"><span class='ocrx_word' id='word_1_143' title='bbox 117 1700 225 1758; x_wconf 87' lang='lat' dir='ltr'>nico</span> <span class='ocrx_word' id='word_1_144' title='bbox 253 1699 485 1760; x_wconf 83' lang='lat' dir='ltr'>factum</span> <span class='ocrx_word' id='word_1_145' title='bbox 516 1699 748 1767; x_wconf 85' lang='lat' dir='ltr'>fuerat,</span> <span class='ocrx_word' id='word_1_146' title='bbox 785 1697 857 1757; x_wconf 91' lang='lat' dir='ltr'>ad</span> <span class='ocrx_word' id='word_1_147' title='bbox 889 1697 1160 1758; x_wconf 87' lang='lat' dir='ltr'>militiam</span> <span class='ocrx_word' id='word_1_148' title='bbox 1191 1701 1445 1777; x_wconf 85' lang='lat' dir='ltr'>parauit,</span> <span class='ocrx_word' id='word_1_149' title='bbox 1481 1696 1629 1777; x_wconf 89' lang='lat' dir='ltr'>quos</span> <span class='ocrx_word' id='word_1_150' title='bbox 1662 1699 2037 1760; x_wconf 89' lang='lat' dir='ltr'>uoluntarios</span> 
     </span>
     <span class='ocr_line' id='line_1_19' title="bbox 121 1781 2107 1863; baseline 0.002 -23"><span class='ocrx_word' id='word_1_151' title='bbox 121 1783 368 1863; x_wconf 82' lang='lat' dir='ltr'>exemplo</span> <span class='ocrx_word' id='word_1_152' title='bbox 410 1783 704 1843; x_wconf 87' lang='lat' dir='ltr'>uolonum</span> <span class='ocrx_word' id='word_1_153' title='bbox 748 1781 1084 1861; x_wconf 88' lang='lat' dir='ltr'>appellauit.</span> <span class='ocrx_word' id='word_1_154' title='bbox 1163 1785 1417 1843; x_wconf 87' lang='lat' dir='ltr'>armauit</span> <span class='ocrx_word' id='word_1_155' title='bbox 1448 1785 1622 1845; x_wconf 89' lang='lat' dir='ltr'>etiam</span> <span class='ocrx_word' id='word_1_156' title='bbox 1652 1783 2031 1862; x_wconf 84' lang='lat' dir='ltr'>gladiatores,</span> <span class='ocrx_word' id='word_1_157' title='bbox 2080 1796 2107 1844; x_wconf 79' lang='lat'>7</span> 
     </span>
     <span class='ocr_line' id='line_1_20' title="bbox 119 1866 2151 1948; baseline 0.001 -22"><span class='ocrx_word' id='word_1_158' title='bbox 119 1883 240 1942; x_wconf 83' lang='lat' dir='ltr'>quos</span> <span class='ocrx_word' id='word_1_159' title='bbox 297 1868 717 1948; x_wconf 90' lang='lat' dir='ltr'>obsequentes</span> <span class='ocrx_word' id='word_1_160' title='bbox 777 1866 1116 1946; x_wconf 87' lang='lat' dir='ltr'>appellauit.</span> <span class='ocrx_word' id='word_1_161' title='bbox 1151 1867 1423 1928; x_wconf 90' lang='lat' dir='ltr'>latrones</span> <span class='ocrx_word' id='word_1_162' title='bbox 1484 1869 1661 1928; x_wconf 89' lang='lat' dir='ltr'>etiam</span> <span class='ocrx_word' id='word_1_163' title='bbox 1708 1868 2037 1929; x_wconf 87' lang='lat' dir='ltr'>Dalmatiae</span> <span class='ocrx_word' id='word_1_164' title='bbox 2144 1914 2151 1920; x_wconf 89' lang='lat'><strong>.</strong></span> 
     </span>
    </p>

    <p class='ocr_par' dir='ltr' id='par_1_4' title="bbox 65 1952 2111 2362">
     <span class='ocr_line' id='line_1_21' title="bbox 65 1952 2040 2029; baseline 0.002 -20"><span class='ocrx_word' id='word_1_165' title='bbox 65 1959 272 2029; x_wconf 53' lang='lat' dir='ltr'>satque</span> <span class='ocrx_word' id='word_1_166' title='bbox 303 1953 645 2014; x_wconf 88' lang='lat' dir='ltr'>Dardaniae</span> <span class='ocrx_word' id='word_1_167' title='bbox 684 1952 902 2013; x_wconf 88' lang='lat' dir='ltr'>milites</span> <span class='ocrx_word' id='word_1_168' title='bbox 932 1953 1092 2012; x_wconf 84' lang='lat' dir='ltr'>fecit.</span> <span class='ocrx_word' id='word_1_169' title='bbox 1127 1955 1381 2014; x_wconf 85' lang='lat' dir='ltr'>armauit</span> <span class='ocrx_word' id='word_1_170' title='bbox 1413 1961 1473 2013; x_wconf 92' lang='lat' dir='ltr'>et</span> <span class='ocrx_word' id='word_1_171' title='bbox 1503 1954 1843 2014; x_wconf 80' lang='lat' dir='ltr'>DiocmitaS.</span> <span class='ocrx_word' id='word_1_172' title='bbox 1895 1954 2040 2013; x_wconf 91' lang='lat' dir='ltr'>emit</span> 
     </span>
     <span class='ocr_line' id='line_1_22' title="bbox 120 2034 2111 2117; baseline 0.002 -23"><span class='ocrx_word' id='word_1_173' title='bbox 120 2045 164 2095; x_wconf 78' lang='lat' dir='ltr'>et</span> <span class='ocrx_word' id='word_1_174' title='bbox 197 2039 642 2100; x_wconf 86' lang='lat' dir='ltr'>Germanorum</span> <span class='ocrx_word' id='word_1_175' title='bbox 684 2037 901 2098; x_wconf 82' lang='lat' dir='ltr'>auxilia</span> <span class='ocrx_word' id='word_1_176' title='bbox 943 2044 1150 2097; x_wconf 88' lang='lat' dir='ltr'>contra</span> <span class='ocrx_word' id='word_1_177' title='bbox 1211 2034 1559 2098; x_wconf 77' lang='lat' dir='ltr'>Germanos,</span> <span class='ocrx_word' id='word_1_178' title='bbox 1642 2039 1803 2097; x_wconf 89' lang='lat' dir='ltr'>omni</span> <span class='ocrx_word' id='word_1_179' title='bbox 1861 2055 2037 2117; x_wconf 89' lang='lat' dir='ltr'>prae·</span> <span class='ocrx_word' id='word_1_180' title='bbox 2078 2049 2111 2097; x_wconf 86' lang='lat'>8</span> 
     </span>
     <span class='ocr_line' id='line_1_23' title="bbox 119 2121 2039 2201; baseline 0.001 -22"><span class='ocrx_word' id='word_1_181' title='bbox 119 2129 262 2183; x_wconf 83' lang='lat' dir='ltr'>terea</span> <span class='ocrx_word' id='word_1_182' title='bbox 289 2121 603 2201; x_wconf 85' lang='lat' dir='ltr'>diligentia</span> <span class='ocrx_word' id='word_1_183' title='bbox 631 2124 869 2201; x_wconf 89' lang='lat' dir='ltr'>parauit</span> <span class='ocrx_word' id='word_1_184' title='bbox 897 2121 1160 2200; x_wconf 84' lang='lat' dir='ltr'>legiones</span> <span class='ocrx_word' id='word_1_185' title='bbox 1191 2122 1263 2182; x_wconf 92' lang='lat' dir='ltr'>ad</span> <span class='ocrx_word' id='word_1_186' title='bbox 1280 2122 1698 2183; x_wconf 87' lang='lat' dir='ltr'>Germanicum</span> <span class='ocrx_word' id='word_1_187' title='bbox 1723 2129 1781 2180; x_wconf 92' lang='lat' dir='ltr'>et</span> <span class='ocrx_word' id='word_1_188' title='bbox 1810 2122 2039 2182; x_wconf 86' lang='lat' dir='ltr'>Marco-</span> 
     </span>
     <span class='ocr_line' id='line_1_24' title="bbox 121 2205 2109 2286; baseline 0.002 -23"><span class='ocrx_word' id='word_1_189' title='bbox 121 2210 439 2269; x_wconf 87' lang='lat' dir='ltr'>mannicum</span> <span class='ocrx_word' id='word_1_190' title='bbox 474 2206 720 2268; x_wconf 89' lang='lat' dir='ltr'>hellum.</span> <span class='ocrx_word' id='word_1_191' title='bbox 785 2215 872 2277; x_wconf 90' lang='lat' dir='ltr'>et,</span> <span class='ocrx_word' id='word_1_192' title='bbox 907 2226 982 2268; x_wconf 91' lang='lat' dir='ltr'>ne</span> <span class='ocrx_word' id='word_1_193' title='bbox 1015 2206 1485 2286; x_wconf 88' lang='lat' dir='ltr'>prouincialibus</span> <span class='ocrx_word' id='word_1_194' title='bbox 1529 2215 1687 2266; x_wconf 91' lang='lat' dir='ltr'>esset</span> <span class='ocrx_word' id='word_1_195' title='bbox 1730 2205 2034 2275; x_wconf 78' lang='lat' dir='ltr'>molestuS,</span> <span class='ocrx_word' id='word_1_196' title='bbox 2078 2219 2109 2267; x_wconf 89' lang='lat'>9</span> 
     </span>
     <span class='ocr_line' id='line_1_25' title="bbox 125 2290 2042 2362; baseline 0.002 -14"><span class='ocrx_word' id='word_1_197' title='bbox 125 2294 436 2352; x_wconf 85' lang='lat' dir='ltr'>auctionem</span> <span class='ocrx_word' id='word_1_198' title='bbox 467 2310 675 2352; x_wconf 90' lang='lat' dir='ltr'>rerum</span> <span class='ocrx_word' id='word_1_199' title='bbox 706 2291 1050 2359; x_wconf 86' lang='lat' dir='ltr'>aulicarum,</span> <span class='ocrx_word' id='word_1_200' title='bbox 1086 2299 1154 2352; x_wconf 90' lang='lat' dir='ltr'>ut</span> <span class='ocrx_word' id='word_1_201' title='bbox 1184 2293 1459 2362; x_wconf 82' lang='lat' dir='ltr'>diximuS,</span> <span class='ocrx_word' id='word_1_202' title='bbox 1488 2293 1637 2352; x_wconf 81' lang='lat' dir='ltr'>fecit</span> <span class='ocrx_word' id='word_1_203' title='bbox 1664 2293 1727 2350; x_wconf 91' lang='lat' dir='ltr'>in</span> <span class='ocrx_word' id='word_1_204' title='bbox 1757 2291 1887 2351; x_wconf 84' lang='lat' dir='ltr'>foro</span> <span class='ocrx_word' id='word_1_205' title='bbox 1913 2290 2042 2351; x_wconf 89' lang='lat' dir='ltr'>diui</span> 
     </span>
    </p>

    <p class='ocr_par' dir='ltr' id='par_1_5' title="bbox 64 2374 2147 2706">
     <span class='ocr_line' id='line_1_26' title="bbox 64 2374 2041 2457; baseline 0.002 -24"><span class='ocrx_word' id='word_1_206' title='bbox 64 2386 106 2425; x_wconf 79' lang='lat'>2⁵</span> <span class='ocrx_word' id='word_1_207' title='bbox 125 2374 372 2448; x_wconf 84' lang='lat' dir='ltr'>Traiani,</span> <span class='ocrx_word' id='word_1_208' title='bbox 422 2380 489 2438; x_wconf 89' lang='lat' dir='ltr'>in</span> <span class='ocrx_word' id='word_1_209' title='bbox 535 2395 652 2456; x_wconf 86' lang='lat' dir='ltr'>qua</span> <span class='ocrx_word' id='word_1_210' title='bbox 698 2385 938 2456; x_wconf 86' lang='lat' dir='ltr'>praeter</span> <span class='ocrx_word' id='word_1_211' title='bbox 977 2384 1176 2438; x_wconf 88' lang='lat' dir='ltr'>uestes</span> <span class='ocrx_word' id='word_1_212' title='bbox 1221 2384 1279 2437; x_wconf 88' lang='lat' dir='ltr'>et</span> <span class='ocrx_word' id='word_1_213' title='bbox 1320 2377 1542 2457; x_wconf 81' lang='lat' dir='ltr'>poeula</span> <span class='ocrx_word' id='word_1_214' title='bbox 1564 2385 1625 2436; x_wconf 91' lang='lat' dir='ltr'>et</span> <span class='ocrx_word' id='word_1_215' title='bbox 1655 2395 1797 2438; x_wconf 86' lang='lat' dir='ltr'>uasa</span> <span class='ocrx_word' id='word_1_216' title='bbox 1858 2395 2041 2436; x_wconf 88' lang='lat' dir='ltr'>aurea</span> 
     </span>
     <span class='ocr_line' id='line_1_27' title="bbox 122 2461 2035 2541; baseline 0.003 -24"><span class='ocrx_word' id='word_1_217' title='bbox 122 2463 280 2522; x_wconf 84' lang='lat' dir='ltr'>etiam</span> <span class='ocrx_word' id='word_1_218' title='bbox 331 2464 506 2541; x_wconf 87' lang='lat' dir='ltr'>signa</span> <span class='ocrx_word' id='word_1_219' title='bbox 537 2481 676 2522; x_wconf 90' lang='lat' dir='ltr'>cum</span> <span class='ocrx_word' id='word_1_220' title='bbox 705 2461 920 2523; x_wconf 86' lang='lat' dir='ltr'>tabulis</span> <span class='ocrx_word' id='word_1_221' title='bbox 977 2479 1331 2540; x_wconf 88' lang='lat' dir='ltr'>magnorum</span> <span class='ocrx_word' id='word_1_222' title='bbox 1392 2462 1683 2522; x_wconf 86' lang='lat' dir='ltr'>artificum</span> <span class='ocrx_word' id='word_1_223' title='bbox 1748 2461 2035 2522; x_wconf 88' lang='lat' dir='ltr'>uendidit.</span> 
     </span>
     <span class='ocr_line' id='line_1_28' title="bbox 119 2543 2147 2625; baseline 0.002 -21"><span class='ocrx_word' id='word_1_224' title='bbox 119 2543 558 2608; x_wconf 84' lang='lat' dir='ltr'>Marcomannos</span> <span class='ocrx_word' id='word_1_225' title='bbox 598 2549 664 2606; x_wconf 90' lang='lat' dir='ltr'>in</span> <span class='ocrx_word' id='word_1_226' title='bbox 695 2548 827 2625; x_wconf 83' lang='lat' dir='ltr'>ipso</span> <span class='ocrx_word' id='word_1_227' title='bbox 858 2549 1112 2608; x_wconf 88' lang='lat' dir='ltr'>transitu</span> <span class='ocrx_word' id='word_1_228' title='bbox 1129 2547 1381 2608; x_wconf 89' lang='lat' dir='ltr'>Danuuii</span> <span class='ocrx_word' id='word_1_229' title='bbox 1414 2546 1638 2608; x_wconf 89' lang='lat' dir='ltr'>deleuit</span> <span class='ocrx_word' id='word_1_230' title='bbox 1669 2551 1727 2606; x_wconf 83' lang='lat' dir='ltr'>et&#39;</span> <span class='ocrx_word' id='word_1_231' title='bbox 1756 2547 2037 2625; x_wconf 83' lang='lat' dir='ltr'>praedam</span> <span class='ocrx_word' id='word_1_232' title='bbox 2086 2559 2147 2608; x_wconf 91' lang='lat'>10</span> 
     </span>
     <span class='ocr_line' id='line_1_29' title="bbox 121 2631 1803 2706; baseline 0.003 -18"><span class='ocrx_word' id='word_1_233' title='bbox 121 2631 575 2705; x_wconf 84' lang='lat' dir='ltr'>prouincialibus</span> <span class='ocrx_word' id='word_1_234' title='bbox 605 2631 883 2692; x_wconf 85' lang='lat' dir='ltr'>reddidit.</span> <span class='ocrx_word' id='word_1_235' title='bbox 1792 2697 1803 2706; x_wconf 65' lang='grc'><em>,</em></span> 
     </span>
    </p>

    <p class='ocr_par' dir='ltr' id='par_1_6' title="bbox 65 2712 2199 2967">
     <span class='ocr_line' id='line_1_30' title="bbox 235 2712 2145 2796; baseline -0.001 -19"><span class='ocrx_word' id='word_1_236' title='bbox 235 2716 458 2778; x_wconf 84' lang='lat' dir='ltr'>Gentes</span> <span class='ocrx_word' id='word_1_237' title='bbox 491 2735 700 2777; x_wconf 87' lang='lat' dir='ltr'>omnes</span> <span class='ocrx_word' id='word_1_238' title='bbox 733 2716 806 2777; x_wconf 89' lang='lat' dir='ltr'>ab</span> <span class='ocrx_word' id='word_1_239' title='bbox 837 2716 1056 2796; x_wconf 80' lang='lat' dir='ltr'>Illyrici</span> <span class='ocrx_word' id='word_1_240' title='bbox 1088 2715 1277 2777; x_wconf 90' lang='lat' dir='ltr'>limite</span> <span class='ocrx_word' id='word_1_241' title='bbox 1310 2732 1499 2792; x_wconf 91' lang='lat' dir='ltr'>usque</span> <span class='ocrx_word' id='word_1_242' title='bbox 1531 2717 1593 2775; x_wconf 90' lang='lat' dir='ltr'>in</span> <span class='ocrx_word' id='word_1_243' title='bbox 1614 2715 1863 2776; x_wconf 89' lang='lat' dir='ltr'>Galliam</span> <span class='ocrx_word' id='word_1_244' title='bbox 1896 2734 2037 2775; x_wconf 86' lang='lat' dir='ltr'>oon·</span> <span class='ocrx_word' id='word_1_245' title='bbox 2058 2712 2145 2776; x_wconf 79' lang='lat'>22</span> 
     </span>
     <span class='ocr_line' id='line_1_31' title="bbox 65 2799 2040 2876; baseline 0.001 -19"><span class='ocrx_word' id='word_1_246' title='bbox 65 2809 102 2849; x_wconf 74' lang='lat'>³⁴³</span> <span class='ocrx_word' id='word_1_247' title='bbox 123 2801 510 2876; x_wconf 85' lang='lat' dir='ltr'>spirauerant,</span> <span class='ocrx_word' id='word_1_248' title='bbox 586 2808 652 2862; x_wconf 88' lang='lat' dir='ltr'>ut</span> <span class='ocrx_word' id='word_1_249' title='bbox 709 2802 1111 2863; x_wconf 87' lang='lat' dir='ltr'>Marcomanni</span> <span class='ocrx_word' id='word_1_250' title='bbox 1171 2802 1441 2861; x_wconf 85' lang='lat' dir='ltr'>Varistae</span> <span class='ocrx_word' id='word_1_251' title='bbox 1501 2799 1911 2861; x_wconf 86' lang='lat' dir='ltr'>Hermunduri</span> <span class='ocrx_word' id='word_1_252' title='bbox 1982 2806 2040 2859; x_wconf 90' lang='lat' dir='ltr'>et</span> 
     </span>
     <span class='ocr_line' id='line_1_32' title="bbox 127 2883 2199 2967; baseline 0 -22"><span class='ocrx_word' id='word_1_253' title='bbox 127 2883 299 2953; x_wconf 84' lang='lat' dir='ltr'>Quadi</span> <span class='ocrx_word' id='word_1_254' title='bbox 320 2887 506 2948; x_wconf 87' lang='lat' dir='ltr'>Sueui</span> <span class='ocrx_word' id='word_1_255' title='bbox 539 2885 847 2948; x_wconf 85' lang='lat' dir='ltr'>Sarmatae</span> <span class='ocrx_word' id='word_1_256' title='bbox 875 2887 1198 2964; x_wconf 88' lang='lat' dir='ltr'>Lacringes</span> <span class='ocrx_word' id='word_1_257' title='bbox 1231 2892 1291 2946; x_wconf 88' lang='lat' dir='ltr'>et</span> <span class='ocrx_word' id='word_1_258' title='bbox 1321 2886 1504 2947; x_wconf 90' lang='lat' dir='ltr'>Burei</span> <span class='ocrx_word' id='word_1_259' title='bbox 1519 2885 1880 2961; x_wconf 88' lang='lat' dir='ltr'>Vandalique</span> <span class='ocrx_word' id='word_1_260' title='bbox 1905 2902 2041 2945; x_wconf 85' lang='lat' dir='ltr'>cum</span> <span class='ocrx_word' id='word_1_261' title='bbox 2076 2962 2081 2967; x_wconf 29' lang='grc'><strong>,</strong></span> <span class='ocrx_word' id='word_1_262' title='bbox 2189 2901 2199 2906; x_wconf 64' lang='grc'><strong>“</strong></span> 
     </span>
    </p>
   </div>
   <div class='ocr_carea' id='block_1_3' title="bbox 129 3086 2051 3566">
    <p class='ocr_par' dir='ltr' id='par_1_7' title="bbox 129 3086 2051 3566">
     <span class='ocr_line' id='line_1_33' title="bbox 213 3086 2051 3140; baseline 0.001 -4"><span class='ocrx_word' id='word_1_263' title='bbox 213 3091 240 3136; x_wconf 89' lang='grc'>1</span> <span class='ocrx_word' id='word_1_264' title='bbox 263 3087 410 3140; x_wconf 79' lang='lat' dir='ltr'>filiae</span> <span class='ocrx_word' id='word_1_265' title='bbox 435 3087 513 3138; x_wconf 76' lang='grc' dir='ltr'>Βι</span> <span class='ocrx_word' id='word_1_266' title='bbox 652 3091 684 3140; x_wconf 85' lang='grc'><strong>3</strong></span> <span class='ocrx_word' id='word_1_267' title='bbox 709 3089 831 3138; x_wconf 86' lang='lat' dir='ltr'>auri</span> <span class='ocrx_word' id='word_1_268' title='bbox 852 3089 903 3138; x_wconf 90' lang='lat' dir='ltr'><em>B</em></span> <span class='ocrx_word' id='word_1_269' title='bbox 1043 3089 1319 3139; x_wconf 84' lang='lat' dir='ltr'>fastarent</span> <span class='ocrx_word' id='word_1_270' title='bbox 1345 3087 1396 3137; x_wconf 87' lang='lat' dir='ltr'><em>B</em></span> <span class='ocrx_word' id='word_1_271' title='bbox 1532 3089 1567 3136; x_wconf 86' lang='lat'>4</span> <span class='ocrx_word' id='word_1_272' title='bbox 1588 3086 1857 3138; x_wconf 89' lang='lat' dir='ltr'>bucolicis</span> <span class='ocrx_word' id='word_1_273' title='bbox 1884 3087 2051 3138; x_wconf 87' lang='lat' dir='ltr'>BPM</span> 
     </span>
     <span class='ocr_line' id='line_1_34' title="bbox 215 3153 2045 3222; baseline -0.001 -17"><span class='ocrx_word' id='word_1_274' title='bbox 215 3159 244 3205; x_wconf 90' lang='lat'>5</span> <span class='ocrx_word' id='word_1_275' title='bbox 265 3158 490 3208; x_wconf 81' lang='lat' dir='ltr'>audium</span> <span class='ocrx_word' id='word_1_276' title='bbox 514 3155 639 3207; x_wconf 87' lang='lat' dir='ltr'>BP¹</span> <span class='ocrx_word' id='word_1_277' title='bbox 789 3161 818 3207; x_wconf 80' lang='lat'>7</span> <span class='ocrx_word' id='word_1_278' title='bbox 855 3172 1078 3208; x_wconf 83' lang='lat' dir='ltr'>secesso</span> <span class='ocrx_word' id='word_1_279' title='bbox 1101 3157 1153 3206; x_wconf 89' lang='lat' dir='ltr'><em>B</em></span> <span class='ocrx_word' id='word_1_280' title='bbox 1302 3156 1659 3222; x_wconf 82' lang='lat' dir='ltr'>praegestino</span> <span class='ocrx_word' id='word_1_281' title='bbox 1685 3153 1755 3204; x_wconf 79' lang='grc' dir='ltr'>Β1</span> <span class='ocrx_word' id='word_1_282' title='bbox 1895 3157 1925 3206; x_wconf 86' lang='grc'>8</span> <span class='ocrx_word' id='word_1_283' title='bbox 1960 3160 2045 3205; x_wconf 86' lang='lat' dir='ltr'>tu·</span> 
     </span>
     <span class='ocr_line' id='line_1_35' title="bbox 135 3220 2049 3289; baseline 0.003 -20"><span class='ocrx_word' id='word_1_284' title='bbox 135 3220 292 3274; x_wconf 83' lang='lat' dir='ltr'>berem</span> <span class='ocrx_word' id='word_1_285' title='bbox 315 3225 438 3276; x_wconf 80' lang='lat' dir='ltr'>BP¹</span> <span class='ocrx_word' id='word_1_286' title='bbox 580 3229 612 3276; x_wconf 82' lang='lat'>9</span> <span class='ocrx_word' id='word_1_287' title='bbox 649 3225 1076 3289; x_wconf 79' lang='lat' dir='ltr'>consolatusque</span> <span class='ocrx_word' id='word_1_288' title='bbox 1103 3225 1271 3274; x_wconf 86' lang='lat' dir='ltr'>etiam</span> <span class='ocrx_word' id='word_1_289' title='bbox 1296 3224 1540 3274; x_wconf 73' lang='lat' dir='ltr'>medicos</span> <span class='ocrx_word' id='word_1_290' title='bbox 1564 3225 1783 3274; x_wconf 82' lang='lat' dir='ltr'>actibus</span> <span class='ocrx_word' id='word_1_291' title='bbox 1810 3224 2049 3288; x_wconf 81' lang='lat' dir='ltr'>publicis</span> 
     </span>
     <span class='ocr_line' id='line_1_36' title="bbox 135 3291 2051 3357; baseline 0.002 -19"><span class='ocrx_word' id='word_1_292' title='bbox 135 3291 345 3344; x_wconf 80' lang='lat' dir='ltr'>reddidit</span> <span class='ocrx_word' id='word_1_293' title='bbox 368 3295 542 3344; x_wconf 84' lang='lat' dir='ltr'>BPM</span> <span class='ocrx_word' id='word_1_294' title='bbox 563 3311 657 3346; x_wconf 83' lang='lat' dir='ltr'>em.</span> <span class='ocrx_word' id='word_1_295' title='bbox 683 3295 893 3357; x_wconf 80' lang='lat' dir='ltr'>Lipsius</span> <span class='ocrx_word' id='word_1_296' title='bbox 1011 3295 1071 3343; x_wconf 91' lang='lat'>11</span> <span class='ocrx_word' id='word_1_297' title='bbox 1110 3292 1351 3343; x_wconf 87' lang='lat' dir='ltr'>ludiouis</span> <span class='ocrx_word' id='word_1_298' title='bbox 1374 3291 1449 3341; x_wconf 80' lang='lat' dir='ltr'>B¹</span> <span class='ocrx_word' id='word_1_299' title='bbox 1575 3295 1637 3342; x_wconf 83' lang='lat'>14</span> <span class='ocrx_word' id='word_1_300' title='bbox 1664 3291 1852 3342; x_wconf 79' lang='lat' dir='ltr'>salarii</span> <span class='ocrx_word' id='word_1_301' title='bbox 1885 3291 2051 3341; x_wconf 83' lang='lat' dir='ltr'>BPM</span> 
     </span>
     <span class='ocr_line' id='line_1_37' title="bbox 211 3358 2046 3428; baseline -0.001 -18"><span class='ocrx_word' id='word_1_302' title='bbox 211 3363 271 3413; x_wconf 82' lang='lat'>20</span> <span class='ocrx_word' id='word_1_303' title='bbox 293 3360 613 3428; x_wconf 81' lang='lat' dir='ltr'>diocmitas]</span> <span class='ocrx_word' id='word_1_304' title='bbox 652 3363 818 3411; x_wconf 82' lang='lat' dir='ltr'>mitas</span> <span class='ocrx_word' id='word_1_305' title='bbox 851 3364 904 3412; x_wconf 84' lang='lat' dir='ltr'>in</span> <span class='ocrx_word' id='word_1_306' title='bbox 927 3362 977 3410; x_wconf 91' lang='lat' dir='ltr'><em>P</em></span> <span class='ocrx_word' id='word_1_307' title='bbox 1007 3365 1056 3410; x_wconf 83' lang='lat' dir='ltr'>in</span> <span class='ocrx_word' id='word_1_308' title='bbox 1079 3377 1188 3412; x_wconf 73' lang='lat' dir='ltr'>ras.</span> <span class='ocrx_word' id='word_1_309' title='bbox 1348 3362 1415 3410; x_wconf 81' lang='lat'>24</span> <span class='ocrx_word' id='word_1_310' title='bbox 1446 3360 1703 3409; x_wconf 85' lang='lat' dir='ltr'>auctione</span> <span class='ocrx_word' id='word_1_311' title='bbox 1737 3358 1841 3409; x_wconf 90' lang='lat' dir='ltr'>BP</span> <span class='ocrx_word' id='word_1_312' title='bbox 1984 3361 2046 3410; x_wconf 82' lang='lat'>31</span> 
     </span>
     <span class='ocr_line' id='line_1_38' title="bbox 129 3425 2048 3499; baseline -0.001 -21"><span class='ocrx_word' id='word_1_313' title='bbox 129 3425 238 3478; x_wconf 87' lang='lat' dir='ltr'>Buri</span> <span class='ocrx_word' id='word_1_314' title='bbox 277 3435 406 3499; x_wconf 63' lang='lat' dir='ltr'>uolql</span> <span class='ocrx_word' id='word_1_315' title='bbox 455 3431 720 3496; x_wconf 78' lang='lat' dir='ltr'>probante</span> <span class='ocrx_word' id='word_1_316' title='bbox 755 3429 1137 3493; x_wconf 77' lang='lat' dir='ltr'>Muellenlzoffio</span> <span class='ocrx_word' id='word_1_317' title='bbox 1174 3431 1225 3478; x_wconf 81' lang='lat' dir='ltr'>in</span> <span class='ocrx_word' id='word_1_318' title='bbox 1251 3430 1459 3492; x_wconf 79' lang='lat' dir='ltr'>Haupti</span> <span class='ocrx_word' id='word_1_319' title='bbox 1487 3431 1656 3478; x_wconf 82' lang='lat' dir='ltr'>annal.</span> <span class='ocrx_word' id='word_1_320' title='bbox 1693 3430 1851 3492; x_wconf 79' lang='lat' dir='ltr'>antiq.</span> <span class='ocrx_word' id='word_1_321' title='bbox 1882 3426 2048 3476; x_wconf 81' lang='lat' dir='ltr'>Germ.</span> 
     </span>
     <span class='ocr_line' id='line_1_39' title="bbox 134 3493 2051 3566; baseline -0.003 -21"><span class='ocrx_word' id='word_1_322' title='bbox 134 3493 300 3548; x_wconf 89' lang='lat' dir='ltr'><em>VIIII</em></span> <span class='ocrx_word' id='word_1_323' title='bbox 310 3519 371 3566; x_wconf 82' lang='lat' dir='ltr'>p.</span> <span class='ocrx_word' id='word_1_324' title='bbox 398 3503 509 3550; x_wconf 82' lang='lat'>131</span> <span class='ocrx_word' id='word_1_325' title='bbox 532 3515 650 3566; x_wconf 73' lang='lat' dir='ltr'>sqq.</span> <span class='ocrx_word' id='word_1_326' title='bbox 683 3525 692 3532; x_wconf 92' lang='lat'>·</span> <span class='ocrx_word' id='word_1_327' title='bbox 790 3498 849 3548; x_wconf 89' lang='lat' dir='ltr'>hi</span> <span class='ocrx_word' id='word_1_328' title='bbox 873 3497 1080 3561; x_wconf 82' lang='lat' dir='ltr'>aliique</span> <span class='ocrx_word' id='word_1_329' title='bbox 1117 3496 1301 3546; x_wconf 89' lang='lat' dir='ltr'>BPM</span> <span class='ocrx_word' id='word_1_330' title='bbox 1337 3494 1687 3560; x_wconf 82' lang='lat' dir='ltr'>Vandalique</span> <span class='ocrx_word' id='word_1_331' title='bbox 1716 3498 2051 3547; x_wconf 68' lang='lat' dir='ltr'>Mommsenus</span> 
     </span>
    </p>
   </div>
   <div class='ocr_carea' id='block_1_4' title="bbox 1987 3673 2111 3734">
    <p class='ocr_par' dir='ltr' id='par_1_8' title="bbox 1987 3673 2111 3734">
     <span class='ocr_line' id='line_1_40' title="bbox 1987 3673 2111 3734; baseline 0 0"><span class='ocrx_word' id='word_1_332' title='bbox 1987 3673 2111 3734; x_wconf 52' lang='grc' dir='ltr'>-ει</span> 
     </span>
    </p>
   </div>
  </div>
 </body>
</html>
