2517 3884
447 192 536 256 60
1134 197 1288 254 IVLII
1331 197 1698 254 CAPl'l'OLlNl

390 377 422 424 9
461 363 832 434 dimittimus,
866 364 1188 425 reddamus
1219 372 1278 423 et
1310 364 1573 424 dotem.“
1634 363 1741 424 dos
1785 371 1979 424 autem
2023 363 2163 441 quid
2204 363 2394 425 habe·
2478 431 2480 436 A

451 450 627 511 hatur
660 451 774 509 nisi
805 451 1142 528 imperium,
1179 448 1336 526 quod
1368 447 1465 509 ille
1498 449 1571 509 ab
1602 467 1812 510 socero
1835 449 2073 510 uolente
2088 449 2395 510 Hadriano

355 546 422 594 10
459 535 770 613 adoptatus
801 535 1152 613 acceperat?
1218 539 1444 593 tantum
1500 529 1644 594 sane
1690 533 1850 594 ualet
1898 534 2042 595 boni
2098 536 2396 614 principis

457 623 576 680 uita
609 620 888 680 sanctitas
933 618 1325 698 tranquillitas
1366 621 1555 698 pietas
1608 626 1675 679 ut
1722 621 1850 679 eius
1904 621 2123 680 famam
2167 618 2395 680 nullius
2479 677 2480 682 ,

355 718 419 764 11
459 705 717 783 proximi
753 703 1060 764 decoloret
1097 703 1339 764 inuidia.
1401 703 1655 783 denique
1684 705 2011 773 Antonino,
2074 723 2208 764 cum
2248 723 2394 765 suos
2446 721 2480 762 5⁴

459 807 662 850 mores
691 806 948 866 semper„
966 795 1196 850 teneret
1241 805 1436 866 neque
1466 788 1712 850 alicuius
1753 790 2225 850 insusurratione
2257 808 2392 850 mu-

355 890 416 938 12
457 880 706 942 taretur,
740 891 862 933 non
895 873 1086 934 obfuit
1113 873 1402 951 gladiator
1434 873 1606 942 filius,
1638 892 1791 933 uxor
1820 874 2087 934 infamis:
2123 873 2397 950 deusque
2479 905 2480 908 ¹

460 959 638 1019 etiam
671 976 829 1018 nunc
859 957 1142 1027 hahetur,
1178 967 1244 1019 ut
1277 958 1449 1019 uobis
1478 960 1661 1037 ipsis,
1691 960 2089 1019 sacratissime
2128 960 2392 1038 impera·
2479 987 2480 1006 2

453 1051 552 1104 tor
585 1042 968 1112 Diocletiane,
1004 1052 1064 1104 et
1097 1062 1337 1122 semper
1364 1045 1562 1104 uisum
1612 1051 1701 1103 est
1732 1049 1791 1103 et
1817 1043 2087 1112 uidetur,
2122 1045 2223 1120 qui
2256 1061 2396 1104 eum

455 1129 620 1188 inter
651 1129 900 1188 numina
928 1135 1129 1189 uestra
1162 1146 1281 1188 non
1312 1135 1380 1188 ut
1409 1135 1643 1188 ceteros
1686 1127 1788 1188 sed
1835 1127 2176 1207 specialiter
2204 1146 2391 1189 uene·
2423 1125 2480 1186 10³

455 1213 674 1274 ramini
707 1231 776 1272 ac
805 1230 986 1292 saepe
1017 1213 1242 1282 dicitis,
1305 1231 1413 1274 uos
1452 1214 1573 1272 uita
1619 1220 1677 1272 et
1723 1213 2036 1274 clementia
2075 1213 2223 1274 tales
2258 1231 2396 1274 esse
2479 1241 2480 1282 3

459 1315 684 1376 cupere
725 1296 914 1376 qualis
959 1290 1071 1358 fuit
1101 1297 1367 1367 Marem,
1416 1298 1646 1358 etiamsi
1676 1296 2051 1376 philosophia
2082 1316 2193 1358 nec
2222 1297 2395 1359 Plato
2479 1307 2480 1310 ’

459 1400 592 1443 esse
625 1384 834 1460 possit,
871 1383 921 1441 si
951 1389 1293 1442 reuertatur
1334 1383 1397 1442 in
1440 1383 1639 1442 uitam.
1692 1390 1751 1443 et
1782 1382 2024 1459 quidem
2070 1382 2218 1443 haec
2251 1383 2391 1443 hre—
2479 1381 2480 1428 ἶ

455 1469 614 1526 uiter
647 1473 707 1526 et
737 1472 1038 1544 congeste.
2478 1471 2480 1512 ἐ

347 1549 437 1615 20
541 1619 555 1627 „
585 1548 701 1610 Sed
717 1549 1224 1611 MarcoAntonino
1253 1549 1405 1612 haee
1434 1558 1573 1611 sunt
1600 1560 1764 1628 gesta
1796 1559 1931 1629 post
1951 1553 2227 1612 fratrem:
2265 1553 2389 1630 pri·
2418 1545 2480 1610 15³

457 1653 620 1695 mum
651 1653 870 1712 corpus
903 1637 1028 1696 eius
1058 1635 1309 1696 Romam
1353 1634 1672 1696 deuectum
1715 1643 1805 1696 est
1837 1644 1896 1696 et
1924 1636 2170 1697 inlatum
2200 1638 2391 1698 maio·
2478 1659 2480 1716 3

387 1732 420 1780 2
457 1728 589 1779 r'um
637 1718 990 1798 sepulchris.
1043 1719 1231 1780 diuini
1271 1719 1413 1782 inde
1454 1719 1716 1781 honores
1758 1721 2003 1782 decreti.
2072 1721 2209 1782 dein
2254 1737 2393 1782 cum
2479 1719 2480 1744 ³

456 1805 680 1881 gratias
712 1811 917 1882 ageret
947 1807 1194 1874 senatui,
1229 1804 1387 1882 quod
1417 1805 1664 1866 fratrem
1696 1813 2124 1875 consecrasset,
2160 1805 2393 1866 occulte

457 1888 735 1957 ostendit,
788 1891 986 1950 omnia
1017 1888 1231 1950 bellica
1275 1889 1521 1950 consilia
1562 1908 1666 1950 sua
1708 1891 1909 1960 fuisse,
1954 1890 2169 1970 quibus
2212 1907 2389 1969 supe·

388 1988 420 2035 3
455 1975 571 2034 rati
605 1973 976 2034 suntParthi.
1013 1974 1237 2035 addidit
1266 1982 1577 2053 praeterea
1595 1975 1901 2051 quaedam,
1937 1975 2153 2052 quibus
2184 1983 2387 2035 osten·
2418 1967 2480 2052 20}

459 2057 565 2127 dit,
602 2077 763 2119 nunc
795 2059 1032 2120 demum
1063 2077 1128 2120 se
1160 2061 1330 2136 quasi
1361 2078 1391 2120 a
1422 2061 1717 2138 principio
1759 2066 2025 2120 acturum
2070 2078 2200 2120 esse
2264 2078 2390 2120 rem

387 2157 424 2204 4
459 2142 763 2223 publicam
811 2152 1009 2204 amoto
1051 2163 1122 2204 eo
1165 2146 1265 2224 qui
1314 2145 1623 2205 remissior
1662 2143 1999 2205 uidebatur.
2077 2162 2188 2204 nec
2219 2144 2395 2204 aliter

459 2235 700 2288 senatus
732 2231 976 2307 accepit,
1024 2245 1200 2305 quam
1230 2229 1465 2290 Marcus
1498 2229 1760 2297 dixerat,
1807 2234 1873 2289 ut
1910 2228 2222 2297 uideretur
2254 2247 2392 2306 gra·
2479 2225 2480 2280 ἐ

387 2327 420 2374 5
461 2313 572 2371 tias
605 2329 800 2388 agere,
833 2313 990 2390 quod
1021 2311 1209 2372 Verus
1242 2315 1597 2373 excessisset
1641 2314 1779 2372 uita.
1856 2312 2131 2372 omnibus
2172 2314 2393 2374 deinde

461 2395 772 2455 sororibus
817 2403 877 2455 et
907 2395 1200 2470 adfinibus
1234 2403 1293 2457 et
1323 2396 1527 2457 liberis
1569 2397 1715 2457 iuris
1748 2403 1807 2456 et
1835 2396 2081 2456 honoris
2114 2402 2173 2456 et
2200 2414 2387 2475 pecu·
2416 2411 2480 2456 251

462 2480 596 2539 niae
627 2479 952 2557 plurimum
985 2480 1213 2540 detulit.
1278 2488 1405 2541 erat
1448 2481 1605 2540 enim
1652 2481 1844 2540 famae
1875 2498 2018 2540 suae
2048 2483 2389 2543 curiosissi-
2479 2519 2480 2560 3

459 2581 594 2624 mus
625 2565 944 2640 requirens
977 2563 1048 2623 ad
1101 2583 1340 2634 uerum,
1404 2565 1545 2641 quid
1594 2566 1843 2642 quisque
1896 2565 1969 2625 de
2021 2584 2087 2626 se
2139 2565 2386 2636 diceret,
2478 2569 2480 2582 ⁴

389 2663 422 2712 6
461 2648 784 2707 emendans
815 2666 964 2726 quae
994 2647 1150 2709 hene
1179 2648 1545 2728 reprehensa
1575 2648 1945 2712 uiderentur.
1994 2650 2391 2712 Proficiscens
2479 2669 2480 2672 ¹

460 2732 531 2792 ad
565 2731 788 2792 bellum
833 2731 1253 2793 Germanicum
1294 2733 1475 2794 filiam
1520 2751 1684 2794 suam
1731 2753 1853 2795 non
1896 2734 2148 2796 decurso
2188 2736 2389 2797 luctus

462 2824 733 2896 tempore
791 2817 1131 2894 grandaeuo
1193 2820 1408 2895 equitis
1448 2819 1700 2879 Romani
1758 2819 1879 2879 filio
1925 2819 2166 2881 Claudio
2210 2820 2385 2881 Pom·
2412 2833 2480 2892 3⁰i

389 2918 421 2966 7
457 2903 672 2981 peiano
706 2900 866 2962 dedit
914 2918 1136 2978 genere
1175 2902 1563 2964 Antiochensi
1609 2922 1718 2964 nec
1758 2907 1900 2966 satis
1942 2900 2143 2966 nobili.
2210 2922 2388 2982 quem

457 2994 666 3064 postea
692 2986 792 3047 bis
823 2986 1129 3048 consulem
1161 2988 1333 3058 lecit,
1378 3007 1513 3048 eum
1543 2988 1661 3050 filia
1693 2991 1819 3050 eius
1848 2993 2108 3067 Augusta
2139 2997 2299 3051 esset
2332 2997 2391 3049 et

556 3238 587 3286 2
622 3236 732 3286 nisi
757 3253 850 3289 om.
877 3237 999 3288 ΒΡ1
1161 3241 1190 3290 7
1225 3239 1372 3290 filius
1398 3240 1711 3291 commodus
1736 3257 1873 3291 uxor
1898 3241 2145 3292 faustine,
2170 3241 2247 3292 Ρ8

453 3304 594 3354 deus
615 3312 790 3368 usque
816 3306 881 3356 M
1013 3309 1044 3357 8
1077 3307 1189 3372 ipsi
1210 3307 1373 3359 BPM
1512 3311 1574 3359 13
1609 3309 1918 3359 reueratori
1939 3309 2060 3358 uita
2084 3310 2249 3360 BPM
2478 3327 2480 3360 2

455 3375 518 3423 17
543 3373 601 3422 in
624 3373 676 3422 B
700 3373 760 3437 in
785 3377 834 3424 P
851 3372 981 3423 inde
1011 3375 1098 3424 Gr.
1240 3377 1305 3426 18
1330 3379 1556 3426 senatus
1578 3375 1683 3424 BP
1782 3376 1966 3426 oculte
1991 3379 2043 3426 P
2174 3380 2239 3428 26
2265 3379 2385 3445 plu·
2479 3435 2480 3438 Ἴ

451 3441 646 3490 rimum
671 3443 815 3492 deest
837 3443 888 3490 in
912 3439 981 3491 P¹
1119 3444 1184 3492 29
1210 3443 1447 3494 decursu
1470 3440 1592 3493 BP¹
1727 3443 1883 3494 luctu
1907 3442 1975 3494 P¹
2108 3447 2175 3506 31
2204 3447 2383 3498 antio·
2478 3465 2480 3474 ¹

456 3509 610 3564 censi
633 3508 685 3558 B
709 3513 760 3560 in
783 3511 834 3559 P
854 3509 874 3556 i
897 3511 1108 3559 alterum
1130 3511 1182 3560 in
1205 3527 1313 3562 ras.
