<?xml version="1.0" encoding="UTF-8"?>
<!DOCTYPE html PUBLIC "-//W3C//DTD XHTML 1.0 Transitional//EN"
    "http://www.w3.org/TR/xhtml1/DTD/xhtml1-transitional.dtd">
<html xmlns="http://www.w3.org/1999/xhtml" xml:lang="en" lang="en">
 <head>
  <title>
</title>
<meta http-equiv="Content-Type" content="text/html;charset=utf-8" />
  <meta name='ocr-system' content='tesseract 3.04.00' />
  <meta name='ocr-capabilities' content='ocr_page ocr_carea ocr_par ocr_line ocrx_word'/>
</head>
<body>
  <div class='ocr_page' id='page_1' title='image "./scriptoreshisto02petegoog_0181.png"; bbox 0 0 2517 3884; ppageno 0'>
   <div class='ocr_carea' id='block_1_1' title="bbox 670 990 1990 1278">
    <p class='ocr_par' dir='ltr' id='par_1_1' title="bbox 670 990 1990 1278">
     <span class='ocr_line' id='line_1_1' title="bbox 670 990 1990 1104; baseline -0.001 -7"><span class='ocrx_word' id='word_1_1' title='bbox 670 990 1178 1104; x_wconf 83' lang='lat' dir='ltr'><strong>PESCEN</strong></span> <span class='ocrx_word' id='word_1_2' title='bbox 1181 999 1275 1096; x_wconf 91' lang='lat' dir='ltr'>N</span> <span class='ocrx_word' id='word_1_3' title='bbox 1276 997 1476 1098; x_wconf 83' lang='lat' dir='ltr'><strong>IVS</strong></span> <span class='ocrx_word' id='word_1_4' title='bbox 1564 999 1990 1096; x_wconf 83' lang='lat' dir='ltr'>NIGER</span> 
     </span>
     <span class='ocr_line' id='line_1_2' title="bbox 913 1201 1769 1278; baseline -0.002 0"><span class='ocrx_word' id='word_1_5' title='bbox 913 1203 1158 1278; x_wconf 72' lang='grc' dir='ltr'><strong>ΛΕΜ</strong></span> <span class='ocrx_word' id='word_1_6' title='bbox 1212 1201 1769 1278; x_wconf 82' lang='lat' dir='ltr'><strong>SPARTIANI</strong></span> 
     </span>
    </p>
   </div>
   <div class='ocr_carea' id='block_1_2' title="bbox 193 1472 2393 3170">
    <p class='ocr_par' dir='ltr' id='par_1_2' title="bbox 273 1472 2390 1723">
     <span class='ocr_line' id='line_1_3' title="bbox 273 1472 2311 1555; baseline -0.001 -15"><span class='ocrx_word' id='word_1_7' title='bbox 273 1472 336 1540; x_wconf 77' lang='grc'><strong>’1</strong></span> <span class='ocrx_word' id='word_1_8' title='bbox 498 1479 723 1539; x_wconf 84' lang='lat' dir='ltr'><strong>Rarum</strong></span> <span class='ocrx_word' id='word_1_9' title='bbox 756 1484 931 1553; x_wconf 84' lang='lat' dir='ltr'><strong>atque</strong></span> <span class='ocrx_word' id='word_1_10' title='bbox 976 1476 1214 1537; x_wconf 82' lang='lat' dir='ltr'><strong>difficile</strong></span> <span class='ocrx_word' id='word_1_11' title='bbox 1257 1484 1373 1546; x_wconf 92' lang='lat' dir='ltr'><strong>est,</strong></span> <span class='ocrx_word' id='word_1_12' title='bbox 1416 1484 1498 1546; x_wconf 89' lang='lat' dir='ltr'><strong>ut,</strong></span> <span class='ocrx_word' id='word_1_13' title='bbox 1546 1494 1695 1554; x_wconf 90' lang='lat' dir='ltr'><strong>quos</strong></span> <span class='ocrx_word' id='word_1_14' title='bbox 1736 1484 2024 1555; x_wconf 85' lang='lat' dir='ltr'><strong>tyrannos</strong></span> <span class='ocrx_word' id='word_1_15' title='bbox 2057 1475 2311 1538; x_wconf 89' lang='lat' dir='ltr'><strong>aliorum</strong></span> 
     </span>
     <span class='ocr_line' id='line_1_4' title="bbox 369 1561 2309 1639; baseline 0.001 -16"><span class='ocrx_word' id='word_1_16' title='bbox 369 1564 623 1623; x_wconf 87' lang='lat' dir='ltr'><strong>uictoria</strong></span> <span class='ocrx_word' id='word_1_17' title='bbox 664 1563 902 1629; x_wconf 82' lang='lat' dir='ltr'><strong>fecerit,</strong></span> <span class='ocrx_word' id='word_1_18' title='bbox 967 1561 1122 1620; x_wconf 92' lang='lat' dir='ltr'><strong>bene</strong></span> <span class='ocrx_word' id='word_1_19' title='bbox 1166 1563 1481 1622; x_wconf 81' lang='lat' dir='ltr'><strong>mittantur</strong></span> <span class='ocrx_word' id='word_1_20' title='bbox 1526 1563 1589 1621; x_wconf 92' lang='lat' dir='ltr'><strong>in</strong></span> <span class='ocrx_word' id='word_1_21' title='bbox 1630 1561 1889 1632; x_wconf 83' lang='lat' dir='ltr'><strong>litteras,</strong></span> <span class='ocrx_word' id='word_1_22' title='bbox 1954 1570 2129 1639; x_wconf 87' lang='lat' dir='ltr'><strong>atque</strong></span> <span class='ocrx_word' id='word_1_23' title='bbox 2168 1562 2309 1624; x_wconf 90' lang='lat' dir='ltr'><strong>ideo</strong></span> 
     </span>
     <span class='ocr_line' id='line_1_5' title="bbox 371 1645 2390 1723; baseline 0 -15"><span class='ocrx_word' id='word_1_24' title='bbox 371 1649 472 1708; x_wconf 84' lang='lat' dir='ltr'><strong>uix</strong></span> <span class='ocrx_word' id='word_1_25' title='bbox 514 1649 712 1707; x_wconf 88' lang='lat' dir='ltr'><strong>omnia</strong></span> <span class='ocrx_word' id='word_1_26' title='bbox 744 1645 817 1705; x_wconf 91' lang='lat' dir='ltr'><strong>de</strong></span> <span class='ocrx_word' id='word_1_27' title='bbox 859 1645 953 1706; x_wconf 93' lang='lat' dir='ltr'><strong>his</strong></span> <span class='ocrx_word' id='word_1_28' title='bbox 993 1645 1170 1723; x_wconf 84' lang='lat' dir='ltr'><strong>plene</strong></span> <span class='ocrx_word' id='word_1_29' title='bbox 1222 1647 1288 1706; x_wconf 90' lang='lat' dir='ltr'><strong>in</strong></span> <span class='ocrx_word' id='word_1_30' title='bbox 1328 1646 1730 1706; x_wconf 85' lang='lat' dir='ltr'><strong>monumentis</strong></span> <span class='ocrx_word' id='word_1_31' title='bbox 1774 1654 1949 1723; x_wconf 90' lang='lat' dir='ltr'><strong>atque</strong></span> <span class='ocrx_word' id='word_1_32' title='bbox 1993 1647 2308 1708; x_wconf 81' lang='lat' dir='ltr'><strong>annalibus</strong></span> <span class='ocrx_word' id='word_1_33' title='bbox 2364 1661 2390 1701; x_wconf 89' lang='lat'><strong>5</strong></span> 
     </span>
    </p>

    <p class='ocr_par' dir='ltr' id='par_1_3' title="bbox 301 1731 2392 2151">
     <span class='ocr_line' id='line_1_6' title="bbox 301 1731 2308 1810; baseline -0.001 -16"><span class='ocrx_word' id='word_1_34' title='bbox 301 1749 334 1795; x_wconf 82' lang='lat'><strong>2</strong></span> <span class='ocrx_word' id='word_1_35' title='bbox 371 1731 685 1792; x_wconf 87' lang='lat' dir='ltr'><strong>habentur.</strong></span> <span class='ocrx_word' id='word_1_36' title='bbox 760 1732 1023 1810; x_wconf 89' lang='lat' dir='ltr'><strong>primum</strong></span> <span class='ocrx_word' id='word_1_37' title='bbox 1055 1732 1236 1800; x_wconf 92' lang='lat' dir='ltr'><strong>enim,</strong></span> <span class='ocrx_word' id='word_1_38' title='bbox 1276 1747 1425 1807; x_wconf 88' lang='lat' dir='ltr'><strong>quae</strong></span> <span class='ocrx_word' id='word_1_39' title='bbox 1456 1747 1669 1807; x_wconf 85' lang='lat' dir='ltr'><strong>magna</strong></span> <span class='ocrx_word' id='word_1_40' title='bbox 1704 1738 1839 1791; x_wconf 89' lang='lat' dir='ltr'><strong>sunt</strong></span> <span class='ocrx_word' id='word_1_41' title='bbox 1869 1733 1932 1790; x_wconf 94' lang='lat' dir='ltr'><strong>in</strong></span> <span class='ocrx_word' id='word_1_42' title='bbox 1967 1749 2172 1790; x_wconf 90' lang='lat' dir='ltr'><strong>eorum</strong></span> <span class='ocrx_word' id='word_1_43' title='bbox 2196 1731 2308 1792; x_wconf 88' lang='lat' dir='ltr'><strong>ho-</strong></span> 
     </span>
     <span class='ocr_line' id='line_1_7' title="bbox 369 1814 2327 1896; baseline -0.001 -18"><span class='ocrx_word' id='word_1_44' title='bbox 369 1835 600 1885; x_wconf 83' lang='lat' dir='ltr'><strong>norem,</strong></span> <span class='ocrx_word' id='word_1_45' title='bbox 637 1815 710 1876; x_wconf 89' lang='lat' dir='ltr'><strong>ab</strong></span> <span class='ocrx_word' id='word_1_46' title='bbox 741 1814 1135 1894; x_wconf 85' lang='lat' dir='ltr'><strong>scriptoribus</strong></span> <span class='ocrx_word' id='word_1_47' title='bbox 1177 1815 1609 1893; x_wconf 88' lang='lat' dir='ltr'><strong>deprauantur,</strong></span> <span class='ocrx_word' id='word_1_48' title='bbox 1657 1815 1871 1876; x_wconf 91' lang='lat' dir='ltr'><strong>deinde</strong></span> <span class='ocrx_word' id='word_1_49' title='bbox 1912 1814 2024 1876; x_wconf 90' lang='lat' dir='ltr'><strong>alia</strong></span> <span class='ocrx_word' id='word_1_50' title='bbox 2066 1819 2327 1896; x_wconf 86' lang='lat' dir='ltr'><strong>suppri-&#39;</strong></span> 
     </span>
     <span class='ocr_line' id='line_1_8' title="bbox 370 1899 2309 1980; baseline 0.001 -18"><span class='ocrx_word' id='word_1_51' title='bbox 370 1909 631 1970; x_wconf 88' lang='lat' dir='ltr'><strong>muntur,</strong></span> <span class='ocrx_word' id='word_1_52' title='bbox 663 1908 973 1980; x_wconf 88' lang='lat' dir='ltr'><strong>postremo</strong></span> <span class='ocrx_word' id='word_1_53' title='bbox 1004 1901 1134 1960; x_wconf 81' lang='lat' dir='ltr'><strong>non&#39;</strong></span> <span class='ocrx_word' id='word_1_54' title='bbox 1167 1901 1382 1978; x_wconf 86' lang='lat' dir='ltr'><strong>niagna</strong></span> <span class='ocrx_word' id='word_1_55' title='bbox 1414 1899 1718 1978; x_wconf 86' lang='lat' dir='ltr'><strong>diligentia</strong></span> <span class='ocrx_word' id='word_1_56' title='bbox 1750 1902 1810 1960; x_wconf 89' lang='lat' dir='ltr'><strong>in</strong></span> <span class='ocrx_word' id='word_1_57' title='bbox 1844 1919 2053 1961; x_wconf 88' lang='lat' dir='ltr'><strong>eorum</strong></span> <span class='ocrx_word' id='word_1_58' title='bbox 2083 1919 2309 1980; x_wconf 86' lang='lat' dir='ltr'><strong>genere</strong></span> 
     </span>
     <span class='ocr_line' id='line_1_9' title="bbox 373 1985 2305 2065; baseline 0 -17"><span class='ocrx_word' id='word_1_59' title='bbox 373 2007 442 2048; x_wconf 88' lang='lat' dir='ltr'><strong>ac</strong></span> <span class='ocrx_word' id='word_1_60' title='bbox 474 1989 601 2048; x_wconf 90' lang='lat' dir='ltr'><strong>uita</strong></span> <span class='ocrx_word' id='word_1_61' title='bbox 632 1987 979 2065; x_wconf 88' lang='lat' dir='ltr'><strong>requiritur,</strong></span> <span class='ocrx_word' id='word_1_62' title='bbox 1027 2005 1162 2046; x_wconf 86' lang='lat' dir='ltr'><strong>cum</strong></span> <span class='ocrx_word' id='word_1_63' title='bbox 1195 1987 1339 2046; x_wconf 88' lang='lat' dir='ltr'><strong>satis</strong></span> <span class='ocrx_word' id='word_1_64' title='bbox 1385 1988 1461 2046; x_wconf 91' lang='lat' dir='ltr'><strong>sit</strong></span> <span class='ocrx_word' id='word_1_65' title='bbox 1492 1985 1797 2046; x_wconf 83' lang='lat' dir='ltr'><strong>audaciam</strong></span> <span class='ocrx_word' id='word_1_66' title='bbox 1829 2005 2059 2047; x_wconf 89' lang='lat' dir='ltr'><strong>eorum·</strong></span> <span class='ocrx_word' id='word_1_67' title='bbox 2090 1995 2147 2048; x_wconf 90' lang='lat' dir='ltr'><strong>et</strong></span> <span class='ocrx_word' id='word_1_68' title='bbox 2178 1987 2305 2048; x_wconf 90' lang='lat' dir='ltr'><strong>bel·</strong></span> 
     </span>
     <span class='ocr_line' id='line_1_10' title="bbox 369 2072 2392 2151; baseline -0 -18"><span class='ocrx_word' id='word_1_69' title='bbox 369 2073 508 2138; x_wconf 91' lang='lat' dir='ltr'><strong>lum,</strong></span> <span class='ocrx_word' id='word_1_70' title='bbox 540 2075 602 2132; x_wconf 93' lang='lat' dir='ltr'><strong>in</strong></span> <span class='ocrx_word' id='word_1_71' title='bbox 635 2089 752 2149; x_wconf 90' lang='lat' dir='ltr'><strong>quo</strong></span> <span class='ocrx_word' id='word_1_72' title='bbox 781 2073 924 2132; x_wconf 88' lang='lat' dir='ltr'><strong>uicti</strong></span> <span class='ocrx_word' id='word_1_73' title='bbox 954 2072 1194 2140; x_wconf 85' lang='lat' dir='ltr'><strong>fuerint,</strong></span> <span class='ocrx_word' id='word_1_74' title='bbox 1229 2090 1299 2131; x_wconf 90' lang='lat' dir='ltr'><strong>ac</strong></span> <span class='ocrx_word' id='word_1_75' title='bbox 1328 2089 1586 2151; x_wconf 88' lang='lat' dir='ltr'><strong>poenam</strong></span> <span class='ocrx_word' id='word_1_76' title='bbox 1614 2073 1911 2150; x_wconf 84' lang='lat' dir='ltr'><strong>proferre.</strong></span> <span class='ocrx_word' id='word_1_77' title='bbox 2338 2087 2392 2126; x_wconf 83' lang='lat'><strong>10</strong></span> 
     </span>
    </p>

    <p class='ocr_par' dir='ltr' id='par_1_4' title="bbox 303 2155 2311 2488">
     <span class='ocr_line' id='line_1_11' title="bbox 303 2155 2308 2236; baseline -0.002 -14"><span class='ocrx_word' id='word_1_78' title='bbox 303 2175 336 2222; x_wconf 89' lang='lat'><strong>3</strong></span> <span class='ocrx_word' id='word_1_79' title='bbox 499 2159 864 2218; x_wconf 84' lang='lat' dir='ltr'><strong>Pescennius</strong></span> <span class='ocrx_word' id='word_1_80' title='bbox 900 2174 1044 2235; x_wconf 86' lang='lat' dir='ltr'><strong>ergo</strong></span> <span class='ocrx_word' id='word_1_81' title='bbox 1074 2157 1287 2235; x_wconf 83' lang='lat' dir='ltr'><strong>Niger,</strong></span> <span class='ocrx_word' id='word_1_82' title='bbox 1350 2165 1415 2218; x_wconf 90' lang='lat' dir='ltr'><strong>ut</strong></span> <span class='ocrx_word' id='word_1_83' title='bbox 1456 2155 1555 2216; x_wconf 91' lang='lat' dir='ltr'><strong>alii</strong></span> <span class='ocrx_word' id='word_1_84' title='bbox 1584 2157 1855 2227; x_wconf 87' lang='lat' dir='ltr'><strong>tradunt,</strong></span> <span class='ocrx_word' id='word_1_85' title='bbox 1919 2157 2171 2218; x_wconf 86' lang='lat' dir='ltr'><strong>modicis</strong></span> <span class='ocrx_word' id='word_1_86' title='bbox 2202 2177 2308 2236; x_wconf 90' lang='lat' dir='ltr'><strong>pa·</strong></span> 
     </span>
     <span class='ocr_line' id='line_1_12' title="bbox 372 2241 2306 2321; baseline 0 -19"><span class='ocrx_word' id='word_1_87' title='bbox 372 2243 662 2312; x_wconf 75' lang='lat' dir='ltr'><strong>rentibUS,</strong></span> <span class='ocrx_word' id='word_1_88' title='bbox 685 2251 751 2302; x_wconf 89' lang='lat' dir='ltr'><strong>ut</strong></span> <span class='ocrx_word' id='word_1_89' title='bbox 774 2241 891 2311; x_wconf 89' lang='lat' dir='ltr'><strong>alii,</strong></span> <span class='ocrx_word' id='word_1_90' title='bbox 920 2241 1416 2302; x_wconf 83' lang='lat' dir='ltr'><strong>nobilibussuisse</strong></span> <span class='ocrx_word' id='word_1_91' title='bbox 1442 2242 1676 2312; x_wconf 92' lang='lat' dir='ltr'><strong>dicitur,</strong></span> <span class='ocrx_word' id='word_1_92' title='bbox 1701 2251 1871 2321; x_wconf 88' lang='lat' dir='ltr'><strong>patre</strong></span> <span class='ocrx_word' id='word_1_93' title='bbox 1886 2244 2075 2303; x_wconf 81' lang='lat' dir='ltr'><strong>Annio</strong></span> <span class='ocrx_word' id='word_1_94' title='bbox 2090 2243 2306 2312; x_wconf 90' lang='lat' dir='ltr'><strong>Fusco,</strong></span> 
     </span>
     <span class='ocr_line' id='line_1_13' title="bbox 372 2326 2311 2405; baseline -0.001 -18"><span class='ocrx_word' id='word_1_95' title='bbox 372 2334 564 2387; x_wconf 89' lang='lat' dir='ltr'><strong>matre</strong></span> <span class='ocrx_word' id='word_1_96' title='bbox 607 2326 976 2405; x_wconf 86' lang='lat' dir='ltr'><strong>Lampridia,</strong></span> <span class='ocrx_word' id='word_1_97' title='bbox 1041 2346 1152 2387; x_wconf 89' lang='lat' dir='ltr'><strong>auo</strong></span> <span class='ocrx_word' id='word_1_98' title='bbox 1195 2335 1473 2387; x_wconf 88' lang='lat' dir='ltr'><strong>curatore</strong></span> <span class='ocrx_word' id='word_1_99' title='bbox 1502 2328 1747 2403; x_wconf 82' lang='lat' dir='ltr'><strong>Aquini,</strong></span> <span class='ocrx_word' id='word_1_100' title='bbox 1812 2345 1884 2386; x_wconf 90' lang='lat' dir='ltr'><strong>ex</strong></span> <span class='ocrx_word' id='word_1_101' title='bbox 1926 2343 2038 2403; x_wconf 88' lang='lat' dir='ltr'><strong>qua</strong></span> <span class='ocrx_word' id='word_1_102' title='bbox 2081 2327 2311 2386; x_wconf 85' lang='lat' dir='ltr'><strong>familia</strong></span> 
     </span>
     <span class='ocr_line' id='line_1_14' title="bbox 375 2410 2305 2488; baseline -0.001 -17"><span class='ocrx_word' id='word_1_103' title='bbox 375 2412 668 2488; x_wconf 86' lang='lat' dir='ltr'><strong>originem</strong></span> <span class='ocrx_word' id='word_1_104' title='bbox 702 2410 980 2478; x_wconf 88' lang='lat' dir='ltr'><strong>ducebat;</strong></span> <span class='ocrx_word' id='word_1_105' title='bbox 1033 2411 1189 2487; x_wconf 90' lang='lat' dir='ltr'><strong>quod</strong></span> <span class='ocrx_word' id='word_1_106' title='bbox 1222 2411 1462 2488; x_wconf 88' lang='lat' dir='ltr'><strong>quidem</strong></span> <span class='ocrx_word' id='word_1_107' title='bbox 1505 2411 1747 2470; x_wconf 89' lang='lat' dir='ltr'><strong>dubium</strong></span> <span class='ocrx_word' id='word_1_108' title='bbox 1791 2412 1963 2471; x_wconf 89' lang='lat' dir='ltr'><strong>etiam</strong></span> <span class='ocrx_word' id='word_1_109' title='bbox 2008 2427 2167 2469; x_wconf 88' lang='lat' dir='ltr'><strong>nunc</strong></span> <span class='ocrx_word' id='word_1_110' title='bbox 2197 2410 2305 2469; x_wconf 84' lang='lat' dir='ltr'><strong>ha-</strong></span> 
     </span>
    </p>

    <p class='ocr_par' dir='ltr' id='par_1_5' title="bbox 303 2493 2393 2658">
     <span class='ocr_line' id='line_1_15' title="bbox 303 2493 2393 2566; baseline -0.005 -7"><span class='ocrx_word' id='word_1_111' title='bbox 303 2513 338 2559; x_wconf 84' lang='lat'>4</span> <span class='ocrx_word' id='word_1_112' title='bbox 374 2496 565 2555; x_wconf 89' lang='lat' dir='ltr'><strong>betur.</strong></span> <span class='ocrx_word' id='word_1_113' title='bbox 644 2495 754 2554; x_wconf 92' lang='lat' dir='ltr'><strong>Hic</strong></span> <span class='ocrx_word' id='word_1_114' title='bbox 798 2494 1064 2555; x_wconf 87' lang='lat' dir='ltr'><strong>eruditus</strong></span> <span class='ocrx_word' id='word_1_115' title='bbox 1107 2495 1491 2555; x_wconf 88' lang='lat' dir='ltr'><strong>mediocriter</strong></span> <span class='ocrx_word' id='word_1_116' title='bbox 1520 2493 1768 2563; x_wconf 86' lang='lat' dir='ltr'><strong>litteris,</strong></span> <span class='ocrx_word' id='word_1_117' title='bbox 1802 2493 2069 2553; x_wconf 90' lang='lat' dir='ltr'><strong>moribus</strong></span> <span class='ocrx_word' id='word_1_118' title='bbox 2112 2494 2305 2566; x_wconf 86' lang='lat' dir='ltr'><strong>ferox,</strong></span> <span class='ocrx_word' id='word_1_119' title='bbox 2340 2511 2393 2550; x_wconf 84' lang='lat'><strong>15</strong></span> 
     </span>
     <span class='ocr_line' id='line_1_16' title="bbox 375 2577 2311 2658; baseline 0.002 -20"><span class='ocrx_word' id='word_1_120' title='bbox 375 2579 592 2638; x_wconf 89' lang='lat' dir='ltr'><strong>diuitiis</strong></span> <span class='ocrx_word' id='word_1_121' title='bbox 632 2577 996 2648; x_wconf 90' lang='lat' dir='ltr'><strong>inmodicus,</strong></span> <span class='ocrx_word' id='word_1_122' title='bbox 1059 2580 1179 2638; x_wconf 88' lang='lat' dir='ltr'><strong>uita</strong></span> <span class='ocrx_word' id='word_1_123' title='bbox 1237 2598 1486 2658; x_wconf 86' lang='lat' dir='ltr'><strong>parcus,</strong></span> <span class='ocrx_word' id='word_1_124' title='bbox 1549 2578 1809 2638; x_wconf 87' lang='lat' dir='ltr'><strong>libidinis</strong></span> <span class='ocrx_word' id='word_1_125' title='bbox 1864 2577 2187 2640; x_wconf 81' lang='lat' dir='ltr'><strong>effrenatae</strong></span> <span class='ocrx_word' id='word_1_126' title='bbox 2234 2582 2311 2642; x_wconf 90' lang='lat' dir='ltr'><strong>ad</strong></span> 
     </span>
    </p>

    <p class='ocr_par' dir='ltr' id='par_1_6' title="bbox 304 2663 2311 2828">
     <span class='ocr_line' id='line_1_17' title="bbox 304 2663 2309 2742; baseline 0.001 -18"><span class='ocrx_word' id='word_1_127' title='bbox 304 2683 338 2732; x_wconf 86' lang='lat'>5</span> <span class='ocrx_word' id='word_1_128' title='bbox 376 2682 551 2725; x_wconf 91' lang='lat' dir='ltr'><strong>omne</strong></span> <span class='ocrx_word' id='word_1_129' title='bbox 582 2681 770 2741; x_wconf 82' lang='lat' dir='ltr'><strong>genus</strong></span> <span class='ocrx_word' id='word_1_130' title='bbox 803 2663 1206 2742; x_wconf 85' lang='lat' dir='ltr'><strong>cupiditatum,</strong></span> <span class='ocrx_word' id='word_1_131' title='bbox 1252 2664 1493 2724; x_wconf 89' lang='lat' dir='ltr'><strong>ordines</strong></span> <span class='ocrx_word' id='word_1_132' title='bbox 1524 2663 1624 2722; x_wconf 88' lang='lat' dir='ltr'><strong>diu</strong></span> <span class='ocrx_word' id='word_1_133' title='bbox 1656 2663 1819 2723; x_wconf 87' lang='lat' dir='ltr'><strong>duxit</strong></span> <span class='ocrx_word' id='word_1_134' title='bbox 1847 2663 2167 2742; x_wconf 89' lang='lat' dir='ltr'><strong>multisque</strong></span> <span class='ocrx_word' id='word_1_135' title='bbox 2200 2666 2309 2726; x_wconf 89' lang='lat' dir='ltr'><strong>du-</strong></span> 
     </span>
     <span class='ocr_line' id='line_1_18' title="bbox 377 2749 2311 2828; baseline 0.001 -18"><span class='ocrx_word' id='word_1_136' title='bbox 377 2749 604 2810; x_wconf 84' lang='lat' dir='ltr'><strong>catibus</strong></span> <span class='ocrx_word' id='word_1_137' title='bbox 633 2749 924 2828; x_wconf 89' lang='lat' dir='ltr'><strong>peruenit,</strong></span> <span class='ocrx_word' id='word_1_138' title='bbox 958 2755 1024 2808; x_wconf 91' lang='lat' dir='ltr'><strong>ut</strong></span> <span class='ocrx_word' id='word_1_139' title='bbox 1055 2749 1347 2809; x_wconf 81' lang='lat' dir='ltr'><strong>exercitus</strong></span> <span class='ocrx_word' id='word_1_140' title='bbox 1379 2749 1656 2828; x_wconf 85' lang='lat' dir='ltr'><strong>Syriacos</strong></span> <span class='ocrx_word' id='word_1_141' title='bbox 1686 2750 1856 2809; x_wconf 86' lang='lat' dir='ltr'><strong>iussu</strong></span> <span class='ocrx_word' id='word_1_142' title='bbox 1870 2749 2180 2810; x_wconf 88' lang='lat' dir='ltr'><strong>Commodi</strong></span> <span class='ocrx_word' id='word_1_143' title='bbox 2208 2771 2311 2811; x_wconf 91' lang='lat' dir='ltr'><strong>re-</strong></span> 
     </span>
    </p>

    <p class='ocr_par' dir='ltr' id='par_1_7' title="bbox 193 2809 2388 2990">
     <span class='ocr_line' id='line_1_19' title="bbox 193 2809 2305 2914; baseline 0 -18"><span class='ocrx_word' id='word_1_144' title='bbox 193 2809 242 2883; x_wconf 49' lang='lat'><strong>“3</strong></span> <span class='ocrx_word' id='word_1_145' title='bbox 375 2842 563 2914; x_wconf 89' lang='lat' dir='ltr'><strong>geret,</strong></span> <span class='ocrx_word' id='word_1_146' title='bbox 599 2833 881 2912; x_wconf 78' lang='lat' dir='ltr'><strong>suffragio</strong></span> <span class='ocrx_word' id='word_1_147' title='bbox 911 2835 1166 2894; x_wconf 87' lang='lat' dir='ltr'><strong>maxime</strong></span> <span class='ocrx_word' id='word_1_148' title='bbox 1197 2834 1453 2895; x_wconf 87' lang='lat' dir='ltr'><strong>athletae</strong></span> <span class='ocrx_word' id='word_1_149' title='bbox 1486 2835 1585 2911; x_wconf 88' lang='lat' dir='ltr'><strong>qui</strong></span> <span class='ocrx_word' id='word_1_150' title='bbox 1608 2834 1997 2895; x_wconf 90' lang='lat' dir='ltr'><strong>Commodum</strong></span> <span class='ocrx_word' id='word_1_151' title='bbox 2030 2842 2305 2914; x_wconf 87' lang='lat' dir='ltr'><strong>strangu-</strong></span> 
     </span>
     <span class='ocr_line' id='line_1_20' title="bbox 376 2918 2388 2990; baseline -0.002 -10"><span class='ocrx_word' id='word_1_152' title='bbox 376 2921 534 2990; x_wconf 86' lang='lat' dir='ltr'><strong>lauit,</strong></span> <span class='ocrx_word' id='word_1_153' title='bbox 569 2928 636 2981; x_wconf 91' lang='lat' dir='ltr'><strong>ut</strong></span> <span class='ocrx_word' id='word_1_154' title='bbox 667 2919 863 2980; x_wconf 89' lang='lat' dir='ltr'><strong>omnia</strong></span> <span class='ocrx_word' id='word_1_155' title='bbox 893 2927 1036 2980; x_wconf 88' lang='lat' dir='ltr'><strong>tunc</strong></span> <span class='ocrx_word' id='word_1_156' title='bbox 1065 2918 1306 2980; x_wconf 86' lang='lat' dir='ltr'><strong>fiebant.</strong></span> <span class='ocrx_word' id='word_1_157' title='bbox 2336 2939 2388 2977; x_wconf 81' lang='lat'><strong>20</strong></span> 
     </span>
    </p>

    <p class='ocr_par' dir='ltr' id='par_1_8' title="bbox 303 3004 2311 3084">
     <span class='ocr_line' id='line_1_21' title="bbox 303 3004 2311 3084; baseline 0 -19"><span class='ocrx_word' id='word_1_158' title='bbox 303 3014 345 3077; x_wconf 78' lang='lat'>2</span> <span class='ocrx_word' id='word_1_159' title='bbox 499 3005 559 3065; x_wconf 91' lang='lat' dir='ltr'><strong>Is</strong></span> <span class='ocrx_word' id='word_1_160' title='bbox 589 3013 906 3084; x_wconf 87' lang='lat' dir='ltr'><strong>postquam</strong></span> <span class='ocrx_word' id='word_1_161' title='bbox 938 3007 1228 3084; x_wconf 90' lang='lat' dir='ltr'><strong>comperit</strong></span> <span class='ocrx_word' id='word_1_162' title='bbox 1270 3006 1534 3067; x_wconf 90' lang='lat' dir='ltr'><strong>occisum</strong></span> <span class='ocrx_word' id='word_1_163' title='bbox 1566 3005 1982 3075; x_wconf 90' lang='lat' dir='ltr'><strong>Commodum,</strong></span> <span class='ocrx_word' id='word_1_164' title='bbox 2015 3004 2311 3067; x_wconf 89' lang='lat' dir='ltr'><strong>Iulianum</strong></span> 
     </span>
    </p>

    <p class='ocr_par' dir='ltr' id='par_1_9' title="bbox 376 3089 2307 3170">
     <span class='ocr_line' id='line_1_22' title="bbox 376 3089 2307 3170; baseline 0.002 -22"><span class='ocrx_word' id='word_1_165' title='bbox 376 3089 802 3169; x_wconf 88' lang='lat' dir='ltr'><strong>imperatorem</strong></span> <span class='ocrx_word' id='word_1_166' title='bbox 833 3090 1196 3170; x_wconf 90' lang='lat' dir='ltr'><strong>appellatum</strong></span> <span class='ocrx_word' id='word_1_167' title='bbox 1221 3091 1595 3170; x_wconf 89' lang='lat' dir='ltr'><strong>eundemque</strong></span> <span class='ocrx_word' id='word_1_168' title='bbox 1624 3091 1791 3152; x_wconf 90' lang='lat' dir='ltr'><strong>iussu</strong></span> <span class='ocrx_word' id='word_1_169' title='bbox 1802 3090 2012 3151; x_wconf 91' lang='lat' dir='ltr'><strong>Seueri</strong></span> <span class='ocrx_word' id='word_1_170' title='bbox 2044 3097 2104 3151; x_wconf 93' lang='lat' dir='ltr'><strong>et</strong></span> <span class='ocrx_word' id='word_1_171' title='bbox 2132 3110 2307 3152; x_wconf 87' lang='lat' dir='ltr'><strong>sena-</strong></span> 
     </span>
    </p>
   </div>
   <div class='ocr_carea' id='block_1_3' title="bbox 2512 1341 2515 1903">
    <p class='ocr_par' dir='ltr' id='par_1_10' title="bbox 2512 1341 2515 1903">
     <span class='ocr_line' id='line_1_23' title="bbox 2512 1341 2515 1903; baseline 0 0"><span class='ocrx_word' id='word_1_172' title='bbox 2512 1341 2515 1903; x_wconf 95' lang='lat' dir='ltr'><strong> </strong></span> 
     </span>
    </p>
   </div>
   <div class='ocr_carea' id='block_1_4' title="bbox 2511 2217 2513 2717">
    <p class='ocr_par' dir='ltr' id='par_1_11' title="bbox 2511 2217 2513 2717">
     <span class='ocr_line' id='line_1_24' title="bbox 2511 2217 2513 2717; baseline 0 0"><span class='ocrx_word' id='word_1_173' title='bbox 2511 2217 2513 2717; x_wconf 95' lang='lat' dir='ltr'><strong> </strong></span> 
     </span>
    </p>
   </div>
   <div class='ocr_carea' id='block_1_5' title="bbox 374 3304 2510 3582">
    <p class='ocr_par' dir='ltr' id='par_1_12' title="bbox 374 3304 2510 3444">
     <span class='ocr_line' id='line_1_25' title="bbox 457 3304 2510 3376; baseline 0.002 -18"><span class='ocrx_word' id='word_1_174' title='bbox 457 3304 506 3358; x_wconf 82' lang='lat'><strong>‘1</strong></span> <span class='ocrx_word' id='word_1_175' title='bbox 533 3307 733 3375; x_wconf 80' lang='lat' dir='ltr'><strong>incipit</strong></span> <span class='ocrx_word' id='word_1_176' title='bbox 759 3312 1094 3375; x_wconf 82' lang='lat' dir='ltr'><strong>pescennius</strong></span> <span class='ocrx_word' id='word_1_177' title='bbox 1117 3311 1277 3375; x_wconf 82' lang='lat' dir='ltr'><strong>niger</strong></span> <span class='ocrx_word' id='word_1_178' title='bbox 1298 3311 1403 3361; x_wconf 91' lang='lat' dir='ltr'><strong>BP</strong></span> <span class='ocrx_word' id='word_1_179' title='bbox 1432 3311 1567 3362; x_wconf 90' lang='lat' dir='ltr'><strong>helii</strong></span> <span class='ocrx_word' id='word_1_180' title='bbox 1593 3311 1868 3376; x_wconf 82' lang='lat' dir='ltr'><strong>spartiani</strong></span> <span class='ocrx_word' id='word_1_181' title='bbox 1892 3313 2013 3364; x_wconf 86' lang='lat' dir='ltr'><strong>add.</strong></span> <span class='ocrx_word' id='word_1_182' title='bbox 2038 3309 2113 3361; x_wconf 82' lang='lat' dir='ltr'><strong>P³</strong></span> <span class='ocrx_word' id='word_1_183' title='bbox 2144 3310 2313 3375; x_wconf 84' lang='lat' dir='ltr'><strong>Spar·</strong></span> <span class='ocrx_word' id='word_1_184' title='bbox 2509 3351 2510 3362; x_wconf 65' lang='grc'>,</span> 
     </span>
     <span class='ocr_line' id='line_1_26' title="bbox 374 3376 2309 3444; baseline 0.001 -18"><span class='ocrx_word' id='word_1_185' title='bbox 374 3376 517 3427; x_wconf 85' lang='lat' dir='ltr'><strong>tiani</strong></span> <span class='ocrx_word' id='word_1_186' title='bbox 539 3377 883 3428; x_wconf 81' lang='lat' dir='ltr'><strong>Pescennius</strong></span> <span class='ocrx_word' id='word_1_187' title='bbox 918 3379 1092 3443; x_wconf 87' lang='lat' dir='ltr'><strong>Niger</strong></span> <span class='ocrx_word' id='word_1_188' title='bbox 1113 3379 1174 3428; x_wconf 94' lang='lat' dir='ltr'><em>M</em></span> <span class='ocrx_word' id='word_1_189' title='bbox 1312 3382 1344 3430; x_wconf 87' lang='lat'><strong>3</strong></span> <span class='ocrx_word' id='word_1_190' title='bbox 1370 3379 1516 3443; x_wconf 89' lang='lat' dir='ltr'><strong>quod</strong></span> <span class='ocrx_word' id='word_1_191' title='bbox 1540 3379 1643 3428; x_wconf 91' lang='lat' dir='ltr'><strong>BP</strong></span> <span class='ocrx_word' id='word_1_192' title='bbox 1778 3382 1806 3430; x_wconf 76' lang='lat'><strong>&#39;1</strong></span> <span class='ocrx_word' id='word_1_193' title='bbox 1834 3379 2309 3444; x_wconf 81' lang='lat' dir='ltr'><strong>subprimunturB</strong></span> 
     </span>
    </p>

    <p class='ocr_par' dir='ltr' id='par_1_13' title="bbox 477 3445 2316 3512">
     <span class='ocr_line' id='line_1_27' title="bbox 477 3445 2316 3512; baseline 0.002 -18"><span class='ocrx_word' id='word_1_194' title='bbox 477 3447 509 3495; x_wconf 88' lang='grc'>8</span> <span class='ocrx_word' id='word_1_195' title='bbox 535 3461 739 3510; x_wconf 85' lang='lat' dir='ltr'><strong>genera</strong></span> <span class='ocrx_word' id='word_1_196' title='bbox 761 3446 866 3496; x_wconf 82' lang='lat' dir='ltr'><strong>BP</strong></span> <span class='ocrx_word' id='word_1_197' title='bbox 886 3447 1174 3512; x_wconf 86' lang='lat' dir='ltr'><strong>generatio</strong></span> <span class='ocrx_word' id='word_1_198' title='bbox 1197 3447 1263 3496; x_wconf 91' lang='lat' dir='ltr'><em>M</em></span> <span class='ocrx_word' id='word_1_199' title='bbox 1396 3450 1427 3496; x_wconf 88' lang='lat'>9</span> <span class='ocrx_word' id='word_1_200' title='bbox 1452 3445 1766 3510; x_wconf 81' lang='lat' dir='ltr'><strong>requiretur</strong></span> <span class='ocrx_word' id='word_1_201' title='bbox 1788 3447 1891 3496; x_wconf 91' lang='lat' dir='ltr'><strong>BP</strong></span> <span class='ocrx_word' id='word_1_202' title='bbox 1910 3447 2224 3511; x_wconf 80' lang='lat' dir='ltr'><strong>requiratur</strong></span> <span class='ocrx_word' id='word_1_203' title='bbox 2247 3447 2316 3497; x_wconf 89' lang='lat' dir='ltr'><em>M</em></span> 
     </span>
    </p>

    <p class='ocr_par' dir='ltr' id='par_1_14' title="bbox 479 3513 2265 3582">
     <span class='ocr_line' id='line_1_28' title="bbox 479 3513 2265 3582; baseline 0.001 -19"><span class='ocrx_word' id='word_1_204' title='bbox 479 3515 544 3564; x_wconf 88' lang='grc'><strong>10</strong></span> <span class='ocrx_word' id='word_1_205' title='bbox 567 3514 792 3565; x_wconf 80' lang='lat' dir='ltr'><strong>fuerunt</strong></span> <span class='ocrx_word' id='word_1_206' title='bbox 815 3513 888 3564; x_wconf 90' lang='lat' dir='ltr'><strong>B¹</strong></span> <span class='ocrx_word' id='word_1_207' title='bbox 1030 3517 1093 3566; x_wconf 87' lang='lat'><strong>13</strong></span> <span class='ocrx_word' id='word_1_208' title='bbox 1116 3513 1410 3582; x_wconf 83' lang='lat' dir='ltr'><strong>lampidria</strong></span> <span class='ocrx_word' id='word_1_209' title='bbox 1434 3514 1486 3564; x_wconf 92' lang='lat' dir='ltr'><em>B</em></span> <span class='ocrx_word' id='word_1_210' title='bbox 1626 3517 1689 3565; x_wconf 85' lang='lat'><strong>19</strong></span> <span class='ocrx_word' id='word_1_211' title='bbox 1715 3515 2089 3581; x_wconf 81' lang='lat' dir='ltr'><strong>strangulabit</strong></span> <span class='ocrx_word' id='word_1_212' title='bbox 2111 3513 2265 3565; x_wconf 84' lang='lat' dir='ltr'><em>B¹P²</em></span> 
     </span>
    </p>
   </div>
  </div>
 </body>
</html>
