2517 3884
809 183 1122 244 SEVERVS.
1209 183 1267 246 C.
1310 187 1553 244 15-18.
2024 181 2147 249 137

196 369 336 413 eum
370 351 688 426 consulem
719 351 1083 432 designauit,
1131 359 1192 414 et
1219 353 1423 416 statim
1463 353 1529 414 in
1560 351 1730 433 Syria
1773 351 2141 418 consulatum
2175 347 2251 444 ἐξ

195 439 488 500 inierunt.
566 446 707 518 post
746 437 864 500 hoc
906 437 1044 500 dato
1086 438 1387 519 stipendio
1430 437 1823 502 cumulatiore
1853 440 2142 503 militibus
2176 455 2213 504 9

197 523 626 586 Alexandriam
655 525 823 603 petit.

331 608 403 670 In
432 609 657 670 itinere
687 609 1040 670 Palaestinis
1081 608 1340 688 plurima
1366 610 1500 672 iura
1528 610 1815 672 fundauit.
1893 611 2145 674 Iudaeos
2167 609 2246 675 17

152 707 178 750 5
203 693 338 756 fieri
369 693 483 756 sub
525 695 698 774 graui
734 713 932 776 poena
973 697 1180 758 uetuit.
1256 694 1418 757 idem
1460 697 1635 757 etiam
1680 695 1756 756 de
1797 694 2147 759 Christianis

203 781 418 842 sanxit.
505 779 721 840 deinde
762 780 1182 842 Alexandrinis
1220 781 1317 842 ius
1366 780 1749 843 buleutarum
1794 780 1984 853 dedit,
2044 784 2147 862 qui
2181 792 2213 841 2

204 867 336 926 sine
365 864 611 945 publico
644 865 893 928 consilio
925 867 1006 927 ita
1036 873 1102 928 ut
1130 864 1240 926 sub
1266 865 1511 944 regibus
1535 873 1672 928 ante
1694 865 1997 938 uiuehant,
2024 885 2146 928 uno

203 951 404 1011 iudice
451 953 738 1022 contenti,
771 968 946 1028 quem
987 951 1206 1012 Caesar
1246 950 1532 1012 dedisset.
1607 950 1793 1014 multa
1833 959 2145 1032 praeterea
2184 963 2216 1014 3
2263 989 2317 1074 λ,

203 1034 304 1096 his
332 1037 466 1098 iura
507 1039 777 1098 mutauit.
855 1036 1174 1098 iucundam
1225 1035 1344 1097 sibi
1402 1038 1949 1116 peregrinationem
1993 1037 2147 1100 hanc
2180 1048 2216 1098 4

14 1107 17 1114 ’
130 1135 180 1176 10
205 1129 462 1201 propter
506 1120 862 1201 religionem
905 1121 1004 1182 dei
1046 1122 1349 1201 Sarapidis
1371 1130 1442 1183 -et
1469 1129 1720 1202 propter
1745 1140 1952 1184 rerum
1994 1125 2145 1184 anti-

205 1223 460 1284 quarum
495 1208 900 1286 cognitionem
932 1214 991 1268 et
1033 1213 1287 1286 propter
1316 1208 1644 1268 nouitatem
1678 1207 2019 1268 animalium
2048 1207 2149 1269 uel

203 1290 479 1353 locorum
509 1293 714 1364 fuisse,
744 1293 1004 1354 Seuerus
1033 1293 1166 1371 ipse
1194 1300 1404 1370 postea
1428 1309 1668 1370 semper
1699 1291 1975 1353 ostendit.
2009 1309 2148 1353 nam

207 1384 268 1436 et
296 1377 556 1438 Memfim
614 1385 674 1438 et
733 1377 1115 1456 Memnonem
1170 1384 1230 1437 et
1271 1376 1599 1456 piramides
1644 1383 1702 1438 et
1744 1375 2149 1456 labyrinthum

207 1461 529 1540 diligenter
557 1463 840 1543 inspexit.

14 1527 19 1596 L
129 1559 180 1602 15
338 1548 414 1608 Et
460 1549 744 1626 quoniam
772 1548 1016 1626 longum
1061 1553 1151 1608 est
1191 1549 1427 1608 minora
1456 1549 1761 1626 persequi,
1805 1546 1981 1609 huius
2022 1565 2146 1608 ma·
2186 1556 2219 1607 5

207 1633 428 1710 gnifica
457 1632 592 1694 illa:
628 1632 788 1710 quod
820 1634 978 1693 uicto
1013 1639 1073 1692 et
1117 1633 1317 1693 occiso
1348 1631 1575 1694 Iuliano
1603 1634 2017 1712 praetorianas
2050 1651 2149 1692 co-

205 1717 418 1779 hortes
447 1719 872 1786 exauctorauit,
908 1719 1283 1780 Pertinacem
1330 1723 1540 1778 contra
1580 1716 1951 1781 uoluntatem
1992 1717 2149 1778 mili-

207 1810 336 1863 tum
365 1805 432 1863 in
467 1802 613 1864 deos
644 1803 893 1873 rettulit,
930 1802 1113 1864 Saluii
1155 1802 1366 1864 Iuliani
1397 1801 1640 1863 decreta
1678 1803 1855 1863 iussit
1886 1802 2145 1871 aboleri;

207 1888 370 1965 quod
399 1907 522 1948 non
554 1890 858 1968 optinuit>
897 1888 1153 1964 denique
1181 1894 1645 1965 cognomentum
1667 1887 1998 1948 Pertinacis
2026 1905 2149 1949 non
2186 1895 2218 1945 6

131 1987 182 2028 20
209 1980 330 2034 tam
365 1991 438 2034 ex
471 1991 578 2034 sua
619 1972 924 2034 uoluntate
978 1979 1156 2052 atque
1209 1991 1448 2033 morum
1497 1974 1861 2052 parsimonia
1910 1972 2150 2032 uidetur

207 2057 508 2120 habuisse.
565 2075 703 2119 nam
735 2066 795 2119 et
822 2059 1050 2119 infinita
1080 2056 1407 2119 multorum
1438 2057 1619 2117 caede
1650 2056 1950 2117 crudelior
1981 2055 2146 2116 habi·
2185 2066 2216 2116 ’1

205 2151 302 2204 tus
335 2151 415 2214 et,
448 2161 585 2204 cum
629 2144 870 2222 quidam
911 2161 985 2203 ex
1016 2141 1290 2204 hostibus
1332 2140 1525 2201 eidem
1566 2159 1631 2201 se
1662 2140 2012 2220 suppliciter
2043 2158 2149 2220 op-

210 2227 447 2290 tulisset
469 2228 836 2307 dixissetque
859 2227 1006 2288 ille*
1023 2229 1054 2264 ’¹'
1070 2225 1227 2304 quod
1251 2227 1519 2288 facturus
1543 2233 1720 2296 esset,
1735 2243 1857 2294 non
1884 2233 1975 2286 est
1996 2223 2145 2285 mol·
2256 2253 2262 2266 ι

208 2311 350 2374 litus
381 2322 504 2374 tam
533 2313 832 2394 prudente
863 2313 1022 2374 dicto
1053 2319 1112 2374 et
1137 2312 1397 2373 interfici
1427 2328 1565 2372 eum
1593 2312 1786 2372 iussit.
1835 2311 1943 2372 fuit
1971 2328 2146 2391 prae·
2184 2321 2217 2371 8

134 2411 184 2452 2⁵
207 2405 376 2459 terea
407 2397 796 2460 delendarum
827 2398 1077 2478 cupidus
1105 2398 1449 2462 factionum.
1510 2414 1704 2477 prope
1746 2414 1780 2457 a
1808 2395 1974 2458 nullo
2006 2413 2148 2458 con-

205 2500 424 2562 gressu
455 2485 764 2558 depressus
811 2485 930 2544 nisi
959 2485 1172 2546 uictor.
1248 2482 1573 2545 Persarum
1613 2499 1821 2560 regem
1849 2481 2150 2560 Abgarum
2172 2476 2252 2542 18

209 2569 466 2646 subegit.
543 2568 769 2630 Arabas
809 2570 874 2630 in
907 2568 1201 2629 dicionem
1242 2569 1489 2648 accepit.
1566 2567 1903 2630 Adiabenos
1945 2569 2009 2628 in
2036 2568 2147 2628 tri-

307 2773 342 2822 4
376 2769 676 2836 palestinis
707 2770 810 2820 BP
966 2769 1244 2821 fundicuit
1276 2769 1379 2819 BP
1536 2772 1569 2821 5
1604 2785 1838 2836 poenam
1869 2768 1920 2818 B
2082 2767 2150 2817 de

208 2840 381 2890 etiam
403 2837 478 2888 B¹
639 2837 922 2889 cristianis
945 2839 996 2888 P
1151 2839 1184 2888 6
1209 2838 1432 2888 sancxit
1456 2838 1510 2886 B
1668 2840 1700 2889 8
1726 2851 1888 2902 quem
1910 2851 2004 2886 om.
2029 2833 2154 2884 BP1

208 2909 329 2960 add.
354 2904 428 2956 1²⁸
566 2906 722 2958 dedit
745 2904 818 2956 B²
967 2907 1028 2956 11
1053 2905 1200 2958 bello
1226 2921 1415 2956 eorum
1435 2905 1605 2956 BPM
1738 2907 1801 2955 13
1825 2917 2153 2954 nemnonem

207 2973 280 3024 B¹
329 3028 333 3034 ,
424 2975 486 3026 15
512 2974 777 3024 minorem
799 2971 870 3023 Ρ1
1009 2976 1093 3026 18·
1111 2974 1283 3024 saluti
1303 2974 1408 3023 BP
1543 2975 1607 3024 19
1642 2975 2059 3038 cog-uomentem
2081 2969 2151 3020 P*

333 3045 402 3094 20
427 3057 592 3107 quam
613 3041 783 3092 BPM
809 3057 877 3092 ac
911 3058 1120 3093 morum
1149 3041 1196 3092 S
1223 3046 1393 3106 atque
1426 3056 1637 3092 morum
1665 3041 1858 3104 scripsi
2025 3052 2152 3104 pas-

208 3110 446 3161 simonia
470 3107 614 3159 B¹P¹
719 3111 785 3160 22
812 3109 1218 3178 optulissetque
1244 3109 1481 3160 dixisset
1502 3108 1673 3158 BPM
1770 3109 1837 3158 23
1860 3105 1945 3156 illi
1972 3105 2015 3156 0
2028 3112 2155 3178 pose

208 3176 304 3228 ille
330 3181 564 3228 lacunam
583 3179 874 3242 significant·
904 3179 1037 3228 Itane
1064 3179 1182 3242 fere
1205 3179 1509 3228 sententiam
1536 3177 1701 3240 fuisse
1735 3181 1881 3226 ratus
1915 3189 1977 3224 se
2011 3174 2154 3224 nihil

209 3245 362 3296 aliud
388 3246 594 3297 fecisse
621 3258 785 3311 quam
809 3245 956 3310 quod
978 3247 1101 3312 ipse
1128 3243 1243 3310 (τῖε.
1267 3244 1514 3309 Seuerus)
1540 3244 1793 3296 facturus
1818 3243 2042 3294 fuisset.
2080 3243 2151 3305 cf.

207 3314 342 3364 Aur.
378 3314 515 3366 Vict.
545 3313 693 3364 Caes.
720 3317 806 3372 20,
833 3317 897 3362 11
923 3313 1072 3380 quid,
1099 3328 1327 3379 quaeso,
1354 3314 1589 3377 facereS,
1617 3313 1667 3363 si
1690 3317 1753 3362 tu
1778 3313 1969 3362 esses?
2016 3313 2150 3374 uoly.

208 3382 341 3446 quid
365 3386 429 3432 tu
453 3382 708 3433 facturus
732 3383 829 3432 es?
991 3387 1078 3432 est
1099 3381 1203 3431 BP
1223 3384 1376 3432 esset
1398 3381 1467 3432 M
1630 3382 1700 3432 24
1724 3384 1781 3430 et
1804 3378 1986 3429 addidi

207 3450 275 3499 26
301 3449 588 3516 digressus
613 3451 734 3500 add.
767 3449 810 3499 0
831 3465 901 3500 eae
927 3449 1060 3504 Aur.
1093 3450 1228 3502 Vict.
1259 3447 1406 3502 Caes.
1431 3452 1518 3510 20,
1542 3451 1611 3500 14
1749 3449 1815 3500 27
1853 3446 2154 3498 dictionem

207 3517 272 3568 M
407 3517 718 3570 adiuuenas
740 3515 908 3568 BPM
