2517 3884
748 987 998 1074 AELI
1053 985 1654 1064 SPARTIANI·

619 1195 682 1293 S
781 1197 865 1292 E
953 1196 1046 1293 V
1132 1197 1216 1292 E
1314 1195 1410 1290 R
1496 1194 1589 1291 V
1676 1194 1751 1311 S-

326 1468 660 1530 Interfecto
689 1467 860 1529 Didio
903 1467 1130 1529 Iuliano
1165 1468 1431 1528 Seuerus
1472 1469 1669 1529 Africa
1713 1465 2002 1528 oriundus
2030 1467 2145 1526 im·
2183 1461 2215 1524 1

201 1557 441 1635 perium
483 1555 760 1634 optinuit.
825 1555 920 1614 cui
952 1555 1160 1614 ciuitas
1193 1552 1393 1634 Lepti,
1446 1565 1617 1633 pater
1661 1553 1838 1622 Geta,
1882 1553 2146 1612 maiores
2182 1562 2212 1609 2

151 1661 178 1700 5
209 1642 448 1722 equites
473 1637 740 1702 *Romani
791 1646 932 1700 ante
993 1641 1293 1700 ciuitatem
1338 1638 1615 1700 omnibus
1652 1638 1894 1706 *datam;
1954 1645 2145 1698 mater

207 1725 416 1786 Fuluia
463 1725 596 1794 Pia,
643 1725 843 1804 patrui
871 1725 1110 1785 Marcus
1139 1727 1299 1804 Aper
1342 1731 1402 1784 et
1446 1722 2143 1794 Seuerus,consu1ares‚

209 1825 357 1872 auus
387 1807 696 1872 maternus
723 1810 942 1879 Macer,
975 1817 1267 1889 paternus
1296 1807 1545 1871 Fuluius
1575 1809 1713 1869 Pius
1743 1810 1930 1869 fuere.
2008 1808 2143 1888 Ipse
2181 1817 2211 1864 3

205 1905 382 1956 natus
415 1903 505 1956 est
535 1895 752 1958 Erucio
785 1894 956 1956 Claro
989 1895 1084 1970 bis
1117 1900 1175 1955 et
1207 1894 1435 1955 Seuero
1468 1911 1663 1955 conss
1698 1893 1772 1954 v1
1804 1893 1940 1954 idus
1969 1895 2207 1972 Apri-a

209 1981 318 2042 leS.
393 1984 456 2042 in
487 1982 682 2061 prima
708 1981 986 2059 pueritia,
1021 1982 1369 2059 priusquam
1399 1978 1625 2039 Latinis
1653 1980 2019 2055 Graecisque
2050 1978 2143 2037 lit·
2181 1987 2215 2034 4

137 2088 184 2126 ιο
210 2068 360 2128 teris
395 2065 779 2135 inhaeretur,
816 2065 1030 2143 quibus
1063 2065 1501 2126 eruditissimus
1530 2066 1672 2133 fuit,
1706 2063 1933 2124 nullum
1966 2061 2147 2141 alium

208 2155 368 2213 inter
410 2169 632 2232 pueros
691 2150 896 2211 ludum
927 2152 1043 2211 nisi
1089 2150 1163 2210 ad
1201 2149 1431 2210 iudices
1476 2151 1773 2218 exercuit,
1838 2165 1971 2208 cum
2016 2149 2145 2226 ipse

211 2237 495 2317 praelatis
525 2237 783 2298 fascibus
815 2255 882 2296 ac
915 2234 1226 2296 securibus
1270 2234 1481 2295 ordine
1528 2251 1856 2313 puerorum
1889 2233 2143 2292 circum-

211 2329 404 2384 stante
437 2322 676 2400 sederet
707 2339 776 2382 ac
815 2321 1126 2382 iudicaret.
1205 2327 1418 2380 octauo
1459 2319 1691 2380 decimo
1722 2337 1879 2380 anno
1910 2317 2145 2398 publice
2182 2325 2213 2374 5

211 2407 585 2469 declamauit.
662 2414 872 2487 postea
903 2406 1236 2467 studiorum
1268 2408 1446 2466 caiisa
1463 2405 1712 2466 Romam
1746 2406 1927 2474 uenit,
1961 2404 2146 2464 latum

137 2510 186 2552 15
211 2493 446 2556 clauum
480 2511 513 2554 a
543 2493 680 2553 diuo
711 2493 912 2554 Marco
955 2492 1102 2570 petit
1149 2498 1208 2552 et
1238 2493 1485 2570 accepit,
1518 2491 1761 2551 fauente
1792 2490 1905 2552 sibi
1950 2489 2145 2569 Septi-

209 2580 334 2640 mi'o
366 2579 595 2640 Seuero
642 2577 821 2638 adfini
851 2596 978 2647 suo,
1035 2577 1128 2638 bis
1171 2579 1291 2637 iam
1334 2575 1649 2638 consulari.
1728 2594 1863 2636 cum
1894 2575 2147 2636 Romam
2182 2586 2213 2633 6

209 2666 494 2734 uenisset,
529 2663 828 2742 hospitem
857 2671 1108 2724 nanctus
1141 2664 1241 2740 qui
1270 2662 1556 2723 Hadriani
1594 2664 1779 2724 uitam
1820 2663 2143 2739 imperato-

210 2753 362 2810 riam
393 2747 604 2810 eadem
633 2748 780 2809 hora
813 2747 1058 2826 legeret,
1093 2748 1253 2825 quod
1283 2749 1397 2810 sibi
1425 2766 1602 2808 omen
1630 2749 1864 2809 futurae
1895 2745 2142 2806 felicita-

211 2838 288 2896 tis
321 2836 592 2914 arripuit.
671 2832 878 2894 habuit
910 2841 974 2893 et
1012 2832 1169 2894 aliud
1213 2852 1389 2894 omen
1418 2834 1670 2912 imperii.
1736 2851 1871 2892 cum
1901 2838 2145 2908 rogatus
2184 2843 2211 2890 7

143 2939 189 2978 20
214 2921 286 2981 ad
319 2937 530 2981 cenam
559 2921 1010 2998 imperatoriam
1030 2918 1307 2998 palliatus
1330 2920 1612 2986 uenisset,
1647 2919 1747 2994 qui
1776 2922 2021 3002 togatus·
2038 2934 2141 2976 ue-

211 3008 346 3066 nire
367 3004 678 3075 debuerat,
713 3011 914 3082 togam
936 3004 1388 3084 praesidiariam
1418 3005 1609 3082 ipsius
1636 3003 2015 3080 imperatoris
2046 3019 2141 3062 ac·

213 3093 392 3171 cepit.
459 3090 670 3152 eadem
699 3097 875 3150 nocte
917 3091 1254 3159 somniauit,
1299 3087 1473 3169 lupae
1516 3107 1581 3148 se
1612 3087 1892 3149 uberibus
1933 3096 1998 3148 ut
2027 3087 2141 3148 Re·
2180 3101 2212 3148 8

2248 1887 2322 1922 898

2251 1947 2319 1982 146

315 3247 342 3294 1
376 3243 582 3310 incipit
615 3243 726 3293 aeli
760 3243 1034 3308 spartiani
1067 3256 1297 3292 seuerus
1320 3242 1426 3291 BP
1487 3241 1635 3296 Aelii
1658 3239 1945 3306 Spartiani'
1976 3241 2146 3292 Seue-

211 3327 306 3364 rus
325 3313 397 3363 M
529 3314 562 3361 6
583 3327 888 3377 magnaper
909 3311 1078 3361 BPM
1093 3312 1344 3376 Agrippa
1368 3311 1436 3360 M
1453 3312 1675 3362 Marcus
1697 3311 1847 3374 Aper
1868 3311 2058 3374 scripsi

213 3381 244 3430 8
265 3381 361 3432 id'.
382 3380 526 3447 apri'.
551 3379 616 3430 B
626 3381 712 3431 III
733 3380 816 3430 Id.
845 3381 886 3430 G
1011 3381 1072 3429 11
1101 3395 1224 3430 eum
1246 3376 1367 3428 BP¹
1490 3381 1553 3429 12
1580 3379 2001 3429 circumstantes
2025 3375 2147 3427 BP¹

313 3453 378 3501 13
405 3452 606 3514 punice
634 3449 888 3512 Surinyar
912 3449 975 3498 de
1001 3448 1167 3499 autob.
1189 3465 1246 3512 p.
1274 3450 1341 3498 48
1448 3450 1512 3497 14
1536 3446 1870 3496 adclamauit
1894 3445 2062 3496 BPM

213 3520 276 3570 15
299 3519 540 3584 septimo
563 3517 616 3568 B
753 3518 816 3568 17
841 3521 1080 3568 nanctus
1102 3517 1153 3565 P
1393 3541 1401 3546 -
