2517 3884
812 154 1125 214 snvmws.
1215 154 1271 212 c,
1320 133 1563 212 18-20,
2028 153 2154 218 139

193 321 487 384 Antonini
517 339 745 382 nomen
785 323 1069 401 inposuit.
1147 321 1368 382 inlatus
1400 321 1721 401 sepulchro
1752 323 1936 384 Marci
1966 325 2147 389 Anto·
2184 337 2217 385 3

192 407 348 476 nini,
399 423 586 484 quem
630 425 704 467 ex
735 406 1012 468 omnibus
1042 406 1510 486 imperatoribus
1539 413 1771 468 tantum
1812 409 2022 479 coluit,
2084 419 2151 473 ut

197 499 254 551 et
283 491 693 554 Commodum
721 493 784 552 in
815 492 988 554 diuos
1016 493 1276 554 referret
1306 500 1365 554 et
1393 495 1676 555 Antonini
1706 512 1927 555 nomen
1958 497 2147 556 omni-

48 589 52 628 ἐ
194 575 306 636 hus
350 577 652 657 deinceps
697 578 867 656 quasi
908 579 1156 656 Augusti
1199 577 1664 640 adscribendum
1694 587 1969 658 putaret·
2012 582 2143 660 ipse
2179 591 2213 639 4

46 629 50 686 Ι
143 675 172 716 5
197 680 226 721 a
268 671 493 725 senatu
525 663 840 742 agentibus
880 662 1108 732 liberis,
1138 665 1239 740 qui
1271 665 1327 723 ei
1355 663 2002 744 funus-amplissimum
2044 685 2145 726 ex-

193 746 552 818 hibuerunt,
583 751 743 810 inter
774 748 944 809 diuos
977 756 1070 808 est
1099 747 1342 809 relatus.

323 833 534 912 Opera
576 833 816 914 publica
856 834 1180 912 praecipua
1231 835 1359 894 eius
1405 841 1607 895 extant
1639 835 2045 914 Septizonium
2090 845 2149 897 et
2184 847 2217 898 5

193 917 480 980 thermae
511 919 890 980 Seuerianae.
939 918 1341 996 eiusdemque*
1372 920 1551 980 etiam
1581 921 1794 980 ianuae
1824 922 1889 981 in
1921 921 2144 984 Trans-

195 1003 464 1064 tiberina
495 1005 742 1082 regione
789 1005 862 1065 ad
904 1012 1141 1083 portam
1179 1004 1445 1065 nominis
1490 1005 1609 1074 sui,
1658 1022 1909 1082 quarum
1952 1008 2147 1068 forma

40 1135 41 1157 ἦ
125 1102 172 1142 10
193 1089 572 1150 intercidens
605 1091 805 1150 statim
834 1107 1008 1150 usum
1039 1088 1345 1168 publicum
1372 1089 1601 1150 inuidit.
1651 1090 1939 1152 Iudicium
1972 1092 2045 1152 de
2078 1111 2150 1153 eo
2187 1102 2217 1152 6

38 1166 45 1254 ξ
195 1182 336 1252 post
367 1183 627 1235 mortem
660 1192 940 1252 magnum
971 1176 1239 1235 omnium
1268 1175 1396 1244 fuit,
1433 1176 1691 1236 maxime
1716 1175 1875 1252 quod
1907 1177 2007 1236 diu
2038 1195 2151 1238 nec

40 1261 42 1264 ’
200 1277 232 1318 a
260 1259 404 1320 filiis
433 1262 560 1320 eius
584 1260 730 1321 boni
753 1259 972 1339 aliquid
996 1261 1086 1320 rei
1104 1278 1164 1338 p.
1183 1261 1368 1329 uenit,
1405 1267 1465 1320 et
1486 1268 1695 1339 postea
1726 1260 2152 1322 inuadentibus

198 1344 406 1404 multis
437 1363 568 1405 rem
597 1365 659 1426 p.
691 1364 792 1408 res
823 1345 1090 1405 Romana
1120 1343 1527 1425 praedonibus
1561 1345 1820 1424 direptui
1848 1347 1975 1406 fuit.
2041 1347 2150 1407 Hic
2189 1357 2221 1408 7

198 1437 324 1490 tam
361 1433 591 1508 exiguis
621 1430 888 1491 uestibus
919 1448 1064 1491 usus
1097 1438 1188 1490 est
1216 1438 1283 1491 ut.
1312 1431 1415 1490 uix
1448 1435 1507 1490 et
1536 1432 1734 1491 tunica
1767 1433 1895 1491 eius
1927 1430 2151 1508 aliquid

38 1529 39 1558 ³
119 1531 178 1572 -15
201 1533 510 1595 purpurae
551 1515 838 1585 haberet,
905 1510 1039 1575 cu'rn
1089 1514 1247 1576 hirta
1302 1513 1571 1594 clamyde
1613 1534 1856 1577 umeros
1897 1516 2146 1580 uelaret.

204 1600 321 1661 cibi
354 1603 764 1680 parcissimus,
798 1600 1114 1678 leguminis
1157 1602 1337 1678 patrii
1378 1600 1617 1670 auiduS‚
1662 1603 1789 1662 uini
1831 1601 2149 1679 aliquando
2186 1609 2219 1661 8

206 1686 478 1765 cupiduS‚
513 1688 714 1747 carnis
747 1687 1094 1764 frequenter
1124 1687 1393 1762 ignarus,
1464 1687 1596 1764 ipse
1628 1685 1885 1747 decorus
1914 1686 2147 1765 ingens,
2187 1696 2221 1746 9

203 1773 504 1850 promissa
535 1771 742 1841 barba,
779 1789 926 1831 cano
959 1772 1154 1848 capite
1189 1779 1247 1831 et
1280 1772 1499 1849 crispe,
1552 1771 1720 1831 uultu
1751 1772 2151 1842 reuerendus,

208 1875 465 1934 canorus
495 1875 665 1926 uoce,
703 1855 809 1916 sed
849 1856 1057 1916 Afrum
1101 1855 1382 1932 quiddam
1422 1872 1613 1934 usque
1658 1856 1731 1915 ad
1778 1865 2150 1918 senectutem

133 1961 184 2000 20
209 1960 450 2002 sonans.
530 1961 597 2002 ac
627 1940 878 2001 multum
917 1947 1054 2019 post
1095 1951 1356 2002 mortem
1396 1947 1625 2000 amatus
1656 1940 1754 2000 uel
1784 1941 2009 2001 inuidia
2043 1942 2146 2002 de·
2188 1948 2255 2000 10

206 2029 398 2105 posita
428 2026 526 2088 uel
559 2025 924 2086 crudelitatis
955 2033 1134 2086 metu,
1390 2085 1409 2097 ,

333 2111 582 2190 Legisse
613 2130 710 2172 me
741 2110 898 2190 apud
928 2109 1165 2171 Helium
1179 2109 1449 2170 Maurum
1480 2107 1827 2186 Phlegontis
1860 2108 2150 2169 Hadriani
2168 2101 2255 2168 20

208 2195 487 2257 libertum
529 2198 804 2266 memini,
854 2196 1208 2274 Septimium
1251 2194 1544 2254 Seuerum
1584 2191 2147 2263 inmoderatissime,

211 2301 344 2343 cum
373 2291 732 2352 moreretur,
766 2281 1076 2350 laetatum,
1113 2279 1272 2357 quod
1317 2279 1467 2339 duos
1497 2279 1831 2341 Antoninos
1871 2281 2006 2358 pari
2036 2281 2147 2340 im-

36 2351 39 2426 ἶ
139 2386 186 2427 25
208 2369 378 2446 perio
410 2369 502 2428 rei
537 2387 596 2446 p.
632 2367 1020 2444 relinqueret,
1057 2364 1334 2443 exemplo
1366 2364 1482 2434 Pii,
1520 2364 1621 2441 qui
1653 2361 1872 2423 Verum
1906 2372 1964 2424 et
1994 2364 2148 2426 Mar-

209 2471 343 2513 cum
372 2454 706 2514 Antoninos
735 2470 846 2532 per
877 2451 1260 2530 adoptionem
1302 2449 1453 2510 filios
1483 2451 1575 2510 rei
1604 2467 1662 2528 p.
1710 2448 1987 2528 reliquid,
2038 2449 2154 2511 hoc
2189 2451 2222 2502 2

209 2539 422 2599 melius
455 2537 612 2615 quod
642 2537 744 2598 ille
774 2537 928 2597 filios
972 2555 1082 2616 per
1115 2535 1515 2614 adoptionem,
1549 2533 1648 2594 hic
1677 2551 1791 2614 per
1820 2552 1886 2594 se
1917 2537 2154 2612 genitos

209 2631 480 2684 rectores
510 2623 816 2684 Romanae
847 2623 938 2682 rei
961 2641 1017 2700 p.
1055 2621 1251 2683 daret:
1286 2622 1650 2683 Antoninum
1672 2619 2151 2681 scilicetBassia-

209 2712 368 2777 num,
403 2726 582 2787 quem
623 2726 696 2767 ex
739 2708 946 2786 priore
991 2707 1369 2768 matrimonio
1414 2712 1783 2784 susceperat,
1820 2712 1879 2764 et
1922 2703 2151 2773 Getam,

144 2811 189 2851 30
213 2810 382 2868 quem
413 2793 487 2853 de
516 2792 663 2854 Iulia
702 2799 1009 2870 genuerat.
1087 2791 1194 2852 sed
1264 2791 1433 2852 illum
1476 2789 1728 2851 multum
1768 2806 1913 2866 spes
1982 2788 2151 2850 fefel-
2189 2793 2221 2843 3

313 2947 342 2994 1
368 2941 652 3009 inlegatus
676 2944 780 2994 BP
937 2947 968 2994 3
996 2943 1157 2994 diuus
1181 2941 1252 2991 B¹
1282 2941 1483 3006 diuosss
1508 2941 1559 2990 B
1720 2938 1937 2989 refefet
1968 2939 2023 2988 B

214 3013 466 3064 omnibus
493 3013 758 3077 deinceps
785 3012 1038 3062 omnibus
1061 3010 1112 3059 B
1133 3011 1260 3074 fort.
1290 3010 1641 3060 nominibus?
1782 3010 1815 3058 4
1838 3008 1949 3072 ipsi
1973 3008 2041 3057 M

217 3083 246 3130 5
268 3081 570 3145 liberisque
594 3080 764 3130 BPM
785 3097 875 3131 em.
903 3079 945 3129 S
1081 3079 1200 3128 eius
1225 3077 1369 3127 B²M
1504 3076 1811 3126 exhibitum
1836 3075 1945 3125 fuit
1970 3075 2039 3126 M

216 3151 246 3198 7
269 3149 570 3214 praecipue
595 3148 764 3198 BPM
784 3163 874 3200 em.
899 3145 942 3197 S
1064 3147 1096 3196 8
1121 3147 1240 3196 eius
1268 3145 1507 3209 denique
1530 3145 1648 3194 PM
1762 3145 1893 3194 iane
1917 3143 1969 3194 B
1992 3144 2158 3194 ianae

217 3217 265 3265 P
305 3217 471 3267 ianus
505 3217 573 3266 M
616 3216 741 3266 Iani
775 3243 839 3252 —
886 3229 1113 3279 quorum
1147 3213 1188 3264 Ο
1232 3214 1436 3264 ianuae
1478 3213 1615 3278 Eyn.
1672 3212 1909 3264 balneae
1954 3211 2161 3262 Becker

219 3291 320 3338 ant.
343 3301 470 3336 rom.
497 3283 538 3334 I
554 3301 610 3348 p.
635 3286 743 3334 213
883 3285 948 3333 14
972 3287 1161 3332 tamen
1184 3281 1236 3332 B
1262 3297 1377 3332 exc.
1404 3281 1485 3331 M-
1608 3281 1822 3346 exiguis
1846 3280 2008 3329 BPM
2028 3281 2159 3343 fort.

221 3351 492 3403 exilibus?
631 3351 776 3403 uixit
798 3351 902 3401 BP
922 3352 1018 3400 uix
1043 3350 1110 3400 M
1129 3366 1222 3402 em.
1249 3349 1291 3400 S
1430 3350 1493 3400 15
1516 3364 1705 3399 umero
1728 3349 1832 3397 BP
1943 3346 2161 3396 ualeret

221 3418 382 3470 BPM
481 3422 548 3471 18
571 3419 897 3470 referendus
921 3417 993 3468 Βι
1099 3420 1163 3467 22
1188 3413 1461 3482 Maurum]
1490 3419 1543 3468 in
1566 3417 1617 3466 P
1634 3419 1783 3481 prius
1806 3431 1842 3464 u
1877 3417 1929 3464 in
1951 3431 2060 3466 ras,

221 3487 533 3554 29quidem
556 3487 660 3538 BP
681 3504 775 3538 om.
803 3487 865 3538 M
889 3503 980 3540 em.
1006 3485 1142 3552 Eqn.
1231 3487 1300 3536 30
1326 3499 1488 3548 quem
1511 3501 1606 3540 om.
1631 3484 1795 3534 BPM
1816 3484 1943 3533 add.
1968 3482 2161 3546 Eynat.
