2517 3884
406 165 497 229 44
1116 169 1246 225 IVLI
1291 168 1662 230 CAPITOLlNl

418 338 662 400 dianum
696 356 831 399 esse
864 332 1123 416 natum]
1170 344 1229 397 at
1269 343 1660 416 posteaquam
1702 337 1967 397 constitit
1995 335 2158 416 apud
2191 344 2374 399 nete·-

418 441 600 484 ranos
632 439 891 502 quoque,
926 421 1115 483 solum
1133 420 1502 483 Gordianum
1532 423 1850 500 imperare,
1881 423 2040 481 inter
2070 420 2380 501 populum

420 517 481 571 et
510 508 731 571 milites
761 526 829 569 ac
860 513 1181 568 ueteranos
1210 524 1325 585 pax
1357 505 1640 567 roborata
1671 512 1791 577 est,
1834 512 1895 566 et
1922 505 2023 567 hic
2051 508 2190 569 finis
2221 506 2380 568 belli

416 595 688 655 intestini
719 594 849 661 fuit,
900 610 1037 653 cum
1071 599 1228 653 esset
1258 589 1492 653 delatus
1525 590 1827 653 Gordiano
1858 610 2052 671 puero
2083 591 2378 654 consula·

346 690 380 738 2
418 685 535 740 tuS.
614 677 724 739 sed
748 676 1037 738 indicium
1080 695 1201 737 non
1242 676 1344 737 diu
1387 678 1738 756 imperaturi
1770 676 2060 738 Gordiani
2099 676 2220 737 hoc
2251 678 2378 739 fuit
2433 690 2456 731 ⁵

418 762 580 844 quod
613 762 854 842 eclipsis
885 761 1030 823 solis
1060 762 1211 823 facta
1256 769 1380 831 est,
1442 769 1510 822 ut
1550 780 1670 821 nox
1715 762 2099 832 crederetur,
2165 780 2382 840 neque

338 859 383 908 ’3
419 851 551 910 sine
580 846 909 909 luminibus
954 848 1221 909 accensis
1254 836 1573 927 quicquam
1617 848 1712 925 agi
1741 854 1964 927 posset.
2041 854 2185 927 post
2215 846 2382 909 haec

420 944 620 994 tamen
652 932 1065 1012 uoluptatibus
1108 940 1166 993 et
1196 931 1427 993 deliciis
1469 931 1726 1012 populus
1756 932 2068 995 Romanus
2099 935 2378 1001 uacauit,

422 1025 489 1079 ut
520 1036 587 1081 ea
604 1034 773 1096 *quae
803 1020 1041 1079 fuerant
1070 1035 1283 1097 aspere
1313 1024 1480 1095 gesta
1509 1019 1825 1095 mitigaret.

214 1094 385 1189 2234
551 1104 811 1165 Venusto
865 1111 922 1164 et
975 1101 1195 1164 Sabino
1242 1120 1438 1163 conss,
1493 1103 1640 1164 inita
1693 1108 1786 1164 est
1836 1103 2015 1164 factio
2057 1104 2122 1164 in
2165 1104 2382 1165 Africa
2411 1119 2462 1156 10

422 1194 629 1249 contra
673 1188 1040 1250 Gordianum
1093 1188 1338 1249 tertium
1390 1187 1542 1249 duce
1585 1186 1934 1257 Sabiniano;
1990 1206 2172 1268 quem
2216 1188 2379 1249 Gor-

420 1274 636 1335 dianus
674 1292 790 1353 per
825 1273 1164 1353 praesidem
1195 1272 1596 1333 Mauretaniae
1629 1271 1944 1334 obsessum
1975 1291 2009 1333 a
2040 1275 2382 1335 coniuratis

418 1360 503 1420 ita
546 1360 847 1438 oppressit
888 1366 955 1419 ut
995 1357 1066 1419 ad
1112 1376 1249 1419 eum
1294 1357 1650 1418 tradendum
1694 1357 2114 1436 Carthaginem
2155 1376 2380 1419 omnes

420 1445 703 1504 uenirent
728 1451 787 1504 et
809 1444 1061 1503 crimina
1084 1442 1439 1504 confitentes
1465 1449 1525 1503 et
1539 1443 1773 1504 ueniam
1802 1442 2134 1504 sceleribus
2153 1452 2375 1523 postu·

212 1520 385 1614 235
419 1528 632 1589 lanteS.
680 1528 842 1589 finita
881 1529 1065 1606 igitur
1112 1526 1513 1589 sollicitudine
1554 1529 1617 1587 in
1659 1528 1857 1589 Africa
1895 1528 2204 1590 Gordiano
2248 1530 2376 1590 iam
2407 1546 2458 1584 15

420 1615 642 1674 iterum
676 1620 735 1673 et
763 1613 1126 1691 Pompeiano
1169 1630 1368 1673 conss
1415 1610 1635 1674 bellum
1662 1612 1974 1676 Persicum
2005 1619 2220 1674 natum
2253 1624 2369 1675 est.

352 1708 385 1757 6
422 1696 661 1777 quando
706 1703 766 1758 et
808 1696 1164 1758 adulescens
1208 1696 1574 1767 Gordianus,
1627 1699 1975 1777 priusquam
2021 1699 2096 1760 ad
2139 1698 2376 1761 bellum

418 1783 929 1861 proficisceretur,
966 1790 1024 1843 et
1052 1782 1221 1842 duxit
1252 1800 1501 1843 uxorem
1533 1780 1713 1843 filiam
1731 1783 2008 1853 Misithei,
2035 1783 2376 1845 doctissimi

423 1868 557 1938 uiri,
592 1884 771 1946 quem
798 1884 975 1930 causa
1001 1866 1377 1945 eloquentiae
1400 1867 1642 1945 dignum
1665 1868 1972 1947 parentela
1997 1886 2106 1943 sua
2129 1863 2376 1949 putauit

350 1963 383 2013 7
423 1961 483 2014 et
514 1954 882 2032 praesectum
926 1954 1124 2014 statim
1161 1953 1322 2015 fecit.
1385 1959 1521 2032 post
1550 1952 1704 2032 quod
1739 1970 1858 2014 non
1889 1954 2125 2033 puerile
2154 1956 2277 2015 iam
2309 1962 2374 2015 et
2401 1972 2456 2011 20
2511 2024 2513 2029 .

422 2038 875 2118 contemptibile
929 2038 1240 2100 uidebatur
1290 2039 1643 2117 imperium,
1699 2040 1749 2099 si
1795 2039 2033 2116 quidem
2067 2047 2126 2101 et
2157 2041 2374 2119 optimi

423 2124 620 2185 soceri
662 2123 925 2186 consiliis
968 2123 1375 2193 adiuuaretur,
1426 2130 1485 2183 et
1523 2124 1654 2202 ipse
1682 2142 1794 2202 pro
1824 2132 1993 2204 parte
2025 2124 2369 2202 aliquantu-

420 2208 549 2271 lum
582 2216 821 2289 saperet
849 2228 962 2269 nec
992 2228 1103 2288 per
1134 2208 1432 2288 spadones
1461 2226 1530 2269 ac
1551 2209 1862 2270 ministros
1892 2208 2135 2282 aulicos
2152 2212 2374 2271 matris

421 2294 521 2355 uel
548 2295 889 2372 ignorantia
922 2294 1022 2355 uel
1052 2294 1393 2355 coniuentia
1422 2293 1808 2355 uenderetur.

312 2374 403 2439 24
549 2378 726 2439 Extat
754 2378 1009 2456 denique
1042 2385 1098 2438 et
1132 2380 1330 2438 soceri
1361 2378 1493 2438 eius
1524 2377 1595 2438 ad
1631 2396 1766 2441 eum
1801 2378 2054 2457 epistula
2085 2385 2145 2440 et
2173 2380 2374 2459 ipsius
2401 2398 2454 2436 25

422 2462 708 2524 Gordiani
730 2463 804 2523 ad
817 2480 1110 2530 socerum,
1129 2480 1241 2542 qna
1267 2461 1650 2540 intellegitur,
1672 2465 1800 2525 eius
1819 2462 2130 2540 ⁴saeculum
2157 2482 2371 2525 emen-

420 2546 619 2608 datius
650 2564 717 2607 ac
746 2546 1085 2625 diligentius
1116 2566 1326 2607 socero
1357 2547 1678 2617 adiuuante
1707 2544 2061 2627 perfectum.
2108 2567 2373 2630 quarum

421 2630 762 2710 exemplum
795 2631 910 2692 hoc
943 2639 1061 2692 est:

338 2725 384 2773 ‘2
464 2716 761 2785 „Domino
792 2716 911 2777 filio
946 2723 1004 2777 et
1033 2718 1300 2794 Augusto
1331 2716 1644 2779 Misitheus
1675 2736 1848 2779 socer
1873 2728 1932 2780 et
1957 2721 2326 2799 praefectus.

551 2801 833 2863 Euasisse
876 2820 987 2862 nos
1029 2818 1274 2879 grauem
1324 2809 1662 2888 temporum
1705 2803 2032 2875 maculam,
2091 2823 2207 2885 qua
2251 2822 2370 2887 per
2399 2823 2450 2863 so

558 2921 585 2970 1
612 2924 670 2970 et
692 2919 860 2970 BPM
878 2924 939 2971 at
965 2919 1007 2969 O
1140 2921 1172 2971 5
1198 2919 1308 2969 fuit
1331 2919 1436 2971 hoc
1459 2918 1532 2970 B¹
1679 2922 1711 2972 6
1737 2921 1869 2988 quid
1894 2921 1964 2971 B¹
2116 2922 2377 2989 eglypsis

416 3018 570 3071 B¹P¹
598 3021 839 3087 eclypsis
862 3018 1020 3072 B²P¹
1154 3023 1186 3073 8
1210 3022 1439 3072 uocauit
1462 3022 1514 3073 B
1649 3026 1681 3075 9
1708 3002 1893 3075 fuerat
1916 3023 1967 3073 B
2092 3038 2262 3089 apere
2285 3024 2341 3073 P
2357 3022 2374 3054 ¹

557 3090 620 3140 11
647 3090 880 3140 tercium
905 3090 955 3141 P
1114 3092 1176 3140 12
1203 3091 1453 3141 obsessio
1478 3090 1580 3140 BP
1738 3094 1800 3143 13
1827 3091 2170 3158 Carthagine
2187 3092 2374 3142 Reite-

418 3158 577 3207 meier-
598 3158 673 3207 ad
696 3158 879 3211 Zosim.
902 3174 955 3223 p.
982 3161 1091 3209 534
1230 3161 1297 3209 14
1323 3158 1637 3209 confitentis
1660 3158 1764 3210 BP
1898 3161 1963 3210 18
1989 3166 2046 3211 et
2067 3176 2164 3211 om.
2187 3158 2260 3209 M

418 3224 683 3289 mysithei
715 3224 821 3275 BP
853 3224 1171 3277 Timisithei
1204 3226 1482 3279 Eelclzeliue
1516 3229 1566 3277 d.
1605 3244 1654 3279 n.
1689 3227 1812 3277 VII
1841 3244 1892 3292 p.
1921 3230 2024 3278 219
2193 3228 2263 3277 22
2299 3232 2372 3277 ut

418 3292 709 3343 iuuaretur
730 3291 803 3342 B¹
942 3296 1286 3361 proprietate
1310 3293 1382 3345 B¹
1410 3310 1508 3362 pro
1534 3296 1747 3360 pietate
1772 3294 1959 3346 B²PM
1982 3294 2081 3362 p'ro
2106 3298 2300 3346 aetate
2327 3295 2376 3344 S

419 3376 520 3425 pro
547 3364 704 3425 parte
736 3364 928 3428 scripsi
1106 3366 1175 3414 24
1198 3363 1290 3413 uel
1315 3371 1434 3413 ante
1459 3378 1580 3413 con.
1611 3366 1707 3414 del.
1733 3361 1806 3412 3²
1832 3380 1925 3415 om.
1951 3366 2004 3414 P
2035 3364 2372 3416 conibentia

416 3428 523 3477 BP
542 3430 892 3493 ignorantiae
921 3432 1284 3486 contuberina
1309 3431 1371 3482 M
1507 3430 1792 3481 uideretur
1820 3429 2032 3496 BP(M)
2170 3433 2236 3483 29
2263 3432 2372 3481 mi-

419 3496 649 3561 sytheus
673 3498 724 3547 B
748 3500 1053 3565 mysitheus
1076 3502 1126 3549 P
