2517 3884
427 183 552 249 142
611 180 618 186 ’
1123 185 1276 245 AELI
1320 185 1667 244 SPARTIANI

425 376 568 426 nae,
617 355 840 417 dixisse
871 354 971 415 ille
1003 354 1217 415 dicitur
1246 353 1364 413 ioci
1394 371 1603 413 causa:
1651 353 1915 422 „Totum
1955 355 2136 426 fuisti,
2171 363 2365 416 totum

358 455 390 504 6
424 444 649 511 uicisti,
711 443 831 501 iam
875 441 1022 500 deus
1067 445 1196 500 esto
1237 439 1499 499 uictor.“
1560 447 1619 499 et
1662 440 1724 498 in
1768 440 2069 500 ciuitatem
2107 443 2363 502 ueniens

429 545 563 590 cum
593 545 723 587 rem
754 525 1015 586 diuinam
1037 523 1224 584 uellet
1251 524 1471 594 facere,
1502 525 1761 602 primum
1793 525 1862 585 ad
1897 525 2180 587 Bellonae
2213 537 2360 588 tem-

426 614 587 694 plum
620 611 830 672 ductus
861 617 954 670 est
985 627 1193 670 errore
1223 609 1561 688 haruspicis
1601 611 1838 680 rustici,
1884 609 2100 672 deinde
2132 611 2361 673 hostiae

361 713 390 760 7
425 701 635 760 furuae
669 704 807 756 sunt
835 694 1169 774 adplicitae.
1247 695 1407 772 quod
1439 713 1574 755 cum
1607 703 1767 756 esset
1796 704 2151 776 aspernatus
2182 704 2361 776 atque
2415 716 2443 754 5

429 785 501 846 ad
532 781 818 844 Palatium
851 799 916 840 se
943 781 1266 859 reciperet,
1300 779 1677 858 neglegentia
1707 782 2123 843 ministrorum
2152 785 2360 860 nigrae

427 869 660 931 hostiae
694 873 753 926 et
780 883 971 942 usque
1003 865 1078 925 ad
1119 864 1306 926 limen
1348 865 1560 926 domus
1592 864 1894 929 Palatinae
1933 869 2360 947 imperatorem

429 961 667 1015 secutae
699 959 855 1012 sunt.
1950 1023 1959 1028 -

321 1037 406 1104 23
553 1039 704 1098 Sunt
733 1055 844 1116 per
873 1035 1162 1114 plurimas
1194 1037 1467 1096 ciuitates
1516 1055 1699 1116 opera
1744 1038 1873 1098 eius
1914 1038 2189 1116 insignia.
2234 1057 2361 1098 ma-

426 1140 608 1204 gnum
637 1140 783 1183 uero
813 1121 960 1181 illud
989 1123 1051 1181 in
1081 1123 1204 1182 uita
1251 1123 1407 1191 eiuS,
1458 1122 1616 1199 quod
1659 1121 1884 1184 Romae
1928 1127 2137 1184 omnes
2182 1123 2362 1184 aedes
2390 1144 2442 1182 ιο
2498 1169 2502 1194 .

423 1209 724 1289 publicaS‚
786 1225 940 1286 quae
977 1207 1125 1266 uitio
1165 1215 1509 1286 temporum
1566 1207 1949 1278 labebantur,
2011 1209 2366 1271 instaurauit

423 1312 722 1372 nusquam
773 1311 964 1372 prope
1017 1310 1125 1352 suo
1169 1293 1411 1354 nomine
1455 1292 1787 1372 adscripto,
1852 1295 2107 1354 seruatis
2162 1301 2364 1354 tamen

359 1389 390 1437 2
425 1381 648 1457 ubique
678 1377 866 1439 titulis
899 1376 1292 1439 conditorum.
1369 1379 1636 1438 moriens
1668 1384 1901 1458 septem
1932 1397 2231 1440 annorum
2262 1397 2359 1440 ca-

425 1483 669 1532 nonem,
703 1465 786 1523 ita
815 1470 882 1522 ut
911 1462 1230 1522 cottidiana
1278 1465 1650 1542 septuaginta
1694 1466 1955 1543 quinque
2026 1464 2188 1524 milia
2229 1482 2359 1525 mo-

425 1550 589 1610 dium
653 1545 909 1626 expendi
949 1556 1230 1624 possent,
1295 1547 1586 1624 reliquid;
1649 1547 1766 1609 olei
1795 1567 1945 1610 uero
1976 1557 2233 1619 tantum,
2296 1557 2365 1611 ut
2390 1570 2443 1608 15

423 1653 536 1714 per
568 1633 1040 1710 quinquennium
1082 1649 1204 1691 non
1237 1631 1430 1691 solum
1460 1634 1627 1693 urbis
1655 1632 1895 1700 usibus,
1941 1635 2047 1693 sed
2092 1642 2152 1694 et
2177 1637 2364 1695 totius

423 1717 644 1787 Italiae,
681 1733 832 1793 quae
868 1715 1001 1777 oleo
1033 1722 1186 1793 eget,
1224 1717 1543 1777 sufficeret.

358 1819 390 1868 3
553 1802 770 1863 Vltima
799 1800 987 1861 uerba
1029 1802 1157 1861 eius
1201 1801 1480 1861 dicuntur
1522 1800 1669 1862 haec
1709 1802 1927 1862 fuisse:
1990 1801 2363 1872 „Turbatam

423 1906 554 1950 rem
582 1907 641 1968 p.
677 1884 898 1963 ubique
929 1888 1158 1964 accepi,
1201 1894 1474 1967 pacatam
1506 1888 1683 1947 etiam
1723 1885 2010 1949 Brittanis
2056 1887 2357 1966 relinqua,

427 1992 606 2034 senex
642 1980 701 2033 et
729 1970 985 2051 pedibus
1017 1989 1194 2050 aeger
1235 1974 1475 2033 firmum
1514 1973 1835 2052 imperium
1865 1973 2179 2035 Antoninis
2209 1975 2361 2035 meis
2387 1995 2439 2034 20

355 2075 389 2123 4
424 2059 799 2138 relinquens,
865 2058 916 2117 si
944 2057 1088 2118 boni
1129 2065 1333 2128 erunt,
1394 2057 1787 2128 imbecillum,
1823 2060 1875 2119 si
1903 2059 2112 2120 mali.“
2184 2060 2361 2120 iussit

427 2144 642 2206 deinde
687 2143 924 2220 signum
965 2143 1205 2204 tribuno
1247 2143 1378 2204 dari
1409 2143 1847 2214 ‘Laboremus’,
1881 2145 2017 2221 quia
2057 2144 2356 2214 Pertinax,

427 2229 664 2308 quando
694 2230 756 2288 in
787 2228 1103 2308 imperium
1135 2228 1397 2290 adscitus
1432 2237 1539 2300 est,
1576 2231 1812 2307 signum
1843 2229 2090 2291 dederat
2118 2229 2357 2290 ‘Milite-

358 2331 390 2379 5
425 2319 602 2374 mus'.
682 2313 1008 2374 Fortunam
1039 2313 1254 2374 deinde
1283 2316 1528 2392 regiam,
1574 2332 1726 2392 quae
1757 2315 2024 2374 comitari
2052 2316 2361 2393 principes

428 2406 484 2458 et
512 2401 576 2456 in
608 2396 898 2457 cubiculis
927 2399 1069 2476 poni
1102 2397 1351 2467 solebat,
1386 2399 1691 2476 geminare
1724 2405 2031 2466 statuerat,
2062 2405 2127 2457 ut
2158 2415 2359 2458 sacra·
2387 2420 2438 2460 25
2496 2461 2498 2478 2

358 2501 390 2550 6
425 2483 720 2544 tissimum
765 2479 1167 2542 simulacrum
1199 2483 1442 2561 utrique
1492 2480 1861 2559 relinqueret
1903 2481 2185 2551 filiorum3
2250 2482 2357 2544 sed
2496 2481 2498 2504 ¹

427 2585 560 2627 cum
588 2565 838 2633 uideret,
875 2585 940 2626 se
970 2568 1326 2645 perurgueri
1357 2565 1470 2627 sub
1500 2565 1650 2626 hora
1679 2568 1919 2636 mortiS,
1952 2567 2202 2628 iussisse
2234 2569 2357 2629 fer-

423 2659 543 2721 tur,
581 2658 643 2711 ut
673 2649 917 2711 alternis
948 2650 1159 2727 diebus
1201 2651 1357 2730 apud
1400 2651 1553 2714 filios
1581 2653 1979 2732 imperatores
2022 2652 2083 2713 in
2115 2651 2355 2714 cubicu-

359 2757 387 2805 '7
424 2737 500 2798 lis
530 2737 797 2797 Fortuna
827 2744 1172 2815 poneretur.
1251 2735 1411 2816 quod
1442 2737 1766 2798 Bassianus
1796 2737 1967 2817 prius
1998 2739 2357 2818 contempsit

425 2840 604 2900 quam
635 2823 859 2882 faceret
887 2821 1295 2902 parricidium.
2380 2845 2431 2886 30

320 2907 407 2974 24
553 2909 781 2987 Corpus
842 2908 968 2968 eius
1029 2927 1062 2968 a
1103 2907 1391 2970 Brittania
1433 2908 1683 2982 Romam
1740 2926 1933 2987 usque
1974 2927 2109 2969 cum
2139 2926 2351 2987 magna

356 3010 387 3058 2
424 2993 882 3072 prouincialium
924 2995 1269 3055 reuerentia
1314 3002 1660 3073 susceptum
1692 2999 1809 3063 est3
1858 2995 2130 3071 quamuis
2172 2993 2355 3072 aliqui

426 3077 704 3139 urnulam
748 3097 991 3140 auream
1042 3086 1275 3140 tantum
1330 3080 1516 3140 fuisse
1557 3079 1759 3140 dicant
1803 3079 2010 3140 Seueri
2068 3080 2353 3158 reliquias

524 3249 554 3296 2
578 3246 635 3295 in
661 3261 756 3297 om.
781 3247 900 3297 BP1
1039 3250 1072 3297 4
1096 3253 1308 3298 terrore
1333 3247 1384 3297 B
1521 3249 1553 3298 6
1576 3247 1933 3314 neglegentiae
1956 3247 2008 3298 B
2122 3251 2151 3298 7
2179 3248 2233 3297 ei
2254 3247 2358 3297 BP

423 3331 514 3366 om.
541 3315 609 3364 M
629 3319 685 3363 et
705 3314 746 3364 S
884 3319 946 3366 10
973 3316 1204 3366 ciuitate
1230 3317 1399 3367 BPM
1420 3333 1507 3368 em.
1534 3316 1575 3365 S
1711 3318 1771 3364 11
1798 3316 2125 3382 templorum
2147 3316 2250 3364 BP
2270 3321 2352 3366 te-

421 3383 648 3434 miorum
672 3382 739 3432 M
845 3384 1183 3435 instaurabit
1206 3382 1329 3434 ΒΡι
1447 3387 1509 3434 13
1534 3399 1768 3433 anonem
1791 3382 1865 3432 Β*
1981 3387 2045 3432 14
2070 3384 2353 3434 cotidiana,

419 3451 471 3500 B
610 3452 673 3500 16
697 3451 848 3500 urbis
872 3454 993 3502 add.
1019 3453 1210 3517 Eynat.
1354 3455 1415 3502 17
1443 3456 1633 3516 egeret
1656 3451 1724 3502 M
1833 3454 1899 3501 20
1922 3452 2026 3501 hec
2050 3451 2169 3502 BP¹
2196 3467 2263 3502 ac
2280 3449 2353 3502 P²

523 3519 587 3568 26
612 3519 884 3584 utrimque
907 3519 1012 3568 BP
1143 3523 1206 3570 31
1233 3521 1542 3571 brittannia
1565 3521 1616 3569 P
1748 3534 1923 3584 usque
1950 3535 2042 3573 om.
2066 3517 2137 3568 B¹
