2517 3884
355 187 486 252 224
1070 189 1291 248 FLAVH
1334 189 1587 246 VOPISCI

356 366 548 441 peret,
581 361 792 438 primis
822 357 1078 418 maxime
1111 356 1323 417 diebus
1364 357 1630 435 imperii,
1676 359 1793 417 nisi
1812 356 1993 417 illum
2025 357 2299 416 necessi-

355 455 447 508 tas
479 443 552 506 ad
581 445 733 504 hanc
764 443 1133 504 atrocitatem
1163 442 1483 502 occisionis
1516 440 1874 502 adtraheret.

293 557 324 605 '1
489 547 725 607 Dictum
759 553 849 605 est
878 544 954 604 de
986 543 1154 611 Caro,
1190 543 1414 604 dictum
1449 543 1626 603 etiam
1668 543 1742 604 de
1772 543 2156 612 Numeriano,
2192 560 2302 602 su·

262 632 344 697 16
360 640 564 711 perest
615 629 788 690 nobis
847 627 1200 697 Carinus,
1251 626 1432 688 homo
1487 628 1755 688 omnium
1798 627 2301 689 contaminatissi-

359 735 513 786 muS‚
548 714 796 784 adulter,
840 714 1123 792 frequens
1153 719 1472 791 corruptor
1501 713 1827 773 iuuentutis
1860 712 2063 791 (pudet
2091 712 2305 772 dicere
2356 731 2383 771 5

362 800 522 879 quod
573 801 635 859 in
684 798 912 859 litteras
994 798 1313 859 Onesimus
1365 794 1621 874 retulit),
1675 799 1803 877 ipse
1857 813 2094 878 quoque
2140 794 2305 856 male

294 898 325 946 2
366 904 508 947 usus
539 884 713 962 genio
746 901 923 944 sexus
957 884 1068 944 sui.
1103 883 1212 943 Hic
1244 900 1381 942 cum
1414 883 1631 943 Caesar
1662 882 1920 942 decretis
1951 882 2065 944 sibi
2090 881 2305 942 Galliis

362 978 540 1046 atque
581 967 747 1029 ltalia
785 967 1022 1046 Illyrico
1064 967 1364 1046 Hispaniis
1406 985 1474 1027 ac
1505 967 1853 1028 Brittanniis
1885 976 1945 1027 et
1973 967 2168 1029 Africa
2202 985 2304 1026 re-

363 1055 539 1118 lictus
569 1074 602 1115 a
632 1053 1266 1132 patre'Caesareanum
1296 1058 1533 1112 teneret
1561 1053 1900 1130 imperium,
1934 1051 2040 1113 sed
2072 1070 2141 1112 ea
2167 1049 2304 1128 lege

362 1147 429 1201 ut
460 1139 656 1199 omnia
685 1139 911 1199 faceret
939 1155 1092 1217 quae
1123 1138 1374 1215 Augusti
1403 1137 1642 1206 faciunt,
1675 1136 2009 1198 inormibus
2041 1154 2105 1197 se
2136 1138 2305 1196 uitiis
2334 1155 2379 1194 ιο

296 1239 328 1288 3
370 1233 428 1285 et
468 1225 695 1300 ingenti
731 1221 1012 1282 foeditate
1057 1220 1405 1291 maculauit,
1461 1223 1683 1282 amicos
1729 1223 1987 1300 optimos
2028 1237 2305 1298 quosque

363 1309 669 1386 relegauit,
731 1301 1059 1386 pessimum
1120 1321 1419 1386 quemque
1464 1304 1642 1384 elegit
1692 1313 1795 1367 aut
1839 1307 2047 1376 tenuit,
2108 1307 2302 1403 praef.

363 1392 504 1455 urbi
535 1411 723 1454 unum
756 1410 828 1451 ex
871 1390 1241 1453 cancellariis
1284 1392 1409 1452 suis
1439 1391 1596 1460 fecit,
1644 1408 1764 1468 quo
1791 1391 2025 1451 foedius
2056 1409 2172 1452 nec
2197 1409 2303 1451 co-

267 1488 334 1541 4
371 1479 546 1556 gitari
596 1478 792 1554 potuit
845 1476 1160 1554 aliquando
1202 1494 1315 1535 nec
1356 1476 1491 1537 dici.
1563 1476 1748 1554 praef.
1792 1477 2077 1554 praetorii
2121 1492 2307 1552 quem

366 1561 623 1622 habebat
681 1561 925 1629 occidit3
996 1563 1061 1621 in
1123 1561 1252 1620 eius
1328 1559 1527 1622 locum
1583 1561 2013 1621 Matronianum
2041 1607 2055 1628 ,
2130 1570 2303 1622 uete·
2336 1579 2383 1618 15

298 1661 332 1711 5
369 1664 497 1707 rem
529 1644 992 1714 conciliatorem,
1027 1645 1408 1712 secit,-unum
1440 1664 1512 1705 ex
1545 1645 1637 1704 his
1666 1646 1931 1714 notariis,
1966 1663 2147 1724 quem
2175 1652 2306 1706 stu-

367 1747 616 1812 prorum
654 1736 715 1796 et
753 1729 1066 1790 libidinum
1108 1731 1412 1790 conscium
1462 1748 1702 1808 semper
1745 1735 1921 1809 atque
1968 1729 2309 1792 adiutorem

300 1831 332 1879 6
367 1815 676 1876 habuerat.
710 1815 901 1874 inuito
930 1820 1100 1892 patre
1131 1813 1340 1874 consul
1369 1816 1678 1893 processit.
1718 1815 2007 1894 superbas
2032 1815 2105 1875 ad
2130 1832 2307 1876 sena—

369 1911 494 1962 tum
526 1899 753 1960 litteras
798 1898 977 1984 dedit.
1023 1897 1199 1976 uulgo
1241 1897 1408 1960 urbis
1440 1898 1682 1970 Romae,
1730 1901 1899 1977 quasi
1929 1897 2153 1979 populo
2182 1897 2305 1960 Ro-

302 2001 333 2049 ’1
372 2004 565 2053 manc,
613 1984 766 2044 bona
798 1974 1038 2045 senatus
1069 1985 1359 2062 promisit.
1434 2002 1653 2045 uxores
1700 1983 1973 2044 ducendo
2016 2003 2085 2046 ac
2126 1985 2305 2046 reici·
2335 2003 2383 2042 20

373 2070 526 2131 endo
569 2087 788 2129 nouem
831 2069 1000 2128 duxit
1039 2067 1227 2147 pulsis
1269 2067 1571 2147 plerisque
1602 2069 2042 2147 praegnatibus,
2108 2071 2309 2129 mimis

370 2153 785 2215 meretricibus
824 2155 1204 2232 pantomimis
1245 2153 1588 2214 cantoribus
1630 2161 1806 2230 atque
1846 2152 2165 2215 lenonibus
2194 2153 2309 2213 Pa-

303 2259 336 2308 8
371 2240 579 2300 latium
617 2238 892 2318 repleuit.
937 2237 1234 2299 fastidium
1281 2237 1659 2298 suscribendi
1698 2245 1929 2299 tantum
1980 2238 2186 2300 habuit
2232 2245 2311 2298 ut

372 2327 654 2403 inpurum
701 2321 1012 2402 quendam,
1070 2341 1206 2384 cum
1248 2329 1368 2402 quo
1412 2341 1651 2400 semper
1690 2323 1941 2382 meridie
1972 2321 2305 2391 iocabatur,

373 2409 443 2469 ad
488 2407 941 2468 suscribendum
993 2413 1265 2504 poneret,
1320 2424 1500 2484 quem
1552 2406 1902 2485 obiurgabat
1950 2407 2309 2506 plerumque
2336 2426 2386 2466 25

275 2495 352 2560 17
375 2491 531 2569 quod
574 2491 728 2551 bene
771 2509 938 2552 suam
980 2492 1314 2552 imitaretur
1352 2509 1622 2553 manum.
1670 2491 1875 2555 habuit
1924 2509 2189 2570 gemmas
2245 2494 2311 2552 in

374 2576 605 2645 calceiS,
661 2577 774 2635 nisi
814 2581 1107 2653 gemmata
1138 2575 1317 2637 fibula
1357 2595 1503 2637 usus
1534 2594 1654 2636 non
1686 2583 1793 2636 est.
1810 2575 2099 2637 balteum
2130 2577 2310 2637 etiam

309 2658 314 2662 ’
376 2680 554 2740 saepe
595 2669 972 2738 gemmatum.
1036 2678 1239 2738 regem
1282 2661 1539 2740 denique
1580 2661 1747 2721 illum
1787 2659 2006 2740 Illyrici
2033 2661 2309 2742 plerique

307 2766 338 2814 2
377 2748 728 2808 uocitarunt.
795 2745 1116 2825 praefectis
1173 2765 1517 2826 numquam,
1578 2763 1901 2822 numquam
1961 2745 2309 2808 consulibus

375 2833 617 2893 obuiam
660 2832 969 2909 processit.
1042 2829 1383 2891 hominibus
1426 2830 1695 2909 inprobis
1735 2831 2055 2910 plurimum
2097 2831 2383 2904 detulitao

308 2937 340 2986 3
379 2934 600 2993 eosque
618 2915 690 2976 ad
705 2917 1046 2976 conuiuium
1063 2932 1301 2994 semper
1324 2919 1579 2977 uocauit.
1608 2922 1848 2976 centum
1873 2915 2057 2976 libras
2086 2917 2307 2985 auium,

1346 3009 1371 3038 0

513 3169 544 3216 ‘1
569 3173 760 3218 sextus
781 3168 833 3217 B
970 3170 1002 3219 8
1025 3168 1214 3219 itabae
1237 3166 1317 3216 B¹
1344 3169 1461 3220 dein
1486 3169 1638 3220 delet.
1665 3185 1749 3230 ae,
1772 3185 1885 3234 sup.
1910 3185 1945 3218 a
1968 3185 2231 3234 superser.
2258 3184 2307 3218 a.

377 3233 574 3283 italiae
598 3236 650 3283 P
673 3244 706 3284 t.
731 3236 881 3286 [ον-(1.
1020 3236 1273 3300 hispanis
1296 3236 1399 3285 BP
1546 3239 1609 3286 12
1634 3236 1747 3286 rele
1753 3237 1835 3302 git
1856 3236 1961 3288 BP
2107 3239 2171 3288 13
2198 3235 2310 3286 cal-

380 3300 620 3350 cellariis
644 3301 695 3349 B
835 3305 897 3351 16
921 3319 990 3352 ex
1011 3303 1099 3354 his
1122 3303 1292 3354 BPM
1302 3304 1431 3366 fort.
1460 3319 1527 3355 ex
1548 3305 1662 3354 suis
1753 3253 2051 3356 glnotarius
2072 3304 2177 3354 BP

379 3370 630 3431 stuprum
651 3367 754 3416 BP
889 3371 952 3421 18
978 3371 1287 3435 praecessit
1309 3371 1377 3421 M
1506 3374 1568 3421 21
1597 3371 1847 3437 plerique
1870 3371 2000 3422 BP¹
2028 3369 2093 3436 (c.
2118 3369 2283 3436 1⁹⁸)

381 3435 819 3500 praegnantibus
838 3434 983 3488 B²M
1067 3438 1132 3488 28
1155 3443 1219 3488 ut
1244 3453 1429 3504 regem
1453 3466 1519 3476 --
1542 3441 1860 3490 uocitarent
1883 3440 1951 3491 M
2037 3442 2105 3490 29
2129 3438 2307 3504 praef.

381 3499 484 3549 BP
503 3502 824 3565 praefectus
848 3504 915 3554 M
1047 3520 1341 3570 numquam
1364 3508 1484 3559 add.
1513 3507 1601 3560 Gr.
1740 3510 1803 3559 31
1828 3512 2089 3560 uocatum
2110 3507 2165 3556 B

2512 2526 2517 2561 1
