2517 3884
544 203 611 258 Μ.
656 203 809 260 ΑΝΤ.
850 203 1322 261 PHILOSOPHVS.
1395 203 1450 261 C.
1481 208 1717 262 14—17.
1815 263 1818 266 ,
2019 200 2102 264 57

186 373 525 448 sanguinem
566 371 992 448 intempestiue
1035 369 1253 430 dicitur
1296 361 1579 432 emisisse.
1668 367 1929 450 [Cassius
1972 380 2106 451 post

188 466 430 518 mortem
462 457 603 516 Veri
648 474 681 514 a
709 455 910 516 Marco
952 453 1251 535 desciuit.]
1330 455 1452 516 Iam
1511 458 1574 515 in
1615 474 1754 516 suos
1794 463 1955 516 tanta
1995 458 2105 518 fuit
2129 453 2216 518 16

190 541 546 618 benignitate
576 539 809 606 Marcus
851 546 919 600 ut
962 558 1099 600 cum
1141 541 1203 600 in
1247 537 1473 606 omnes
1476 542 1864 620 propinquos
1896 549 2133 605 cuncta

186 626 471 686 honorum
502 632 853 686 ornamenta
882 623 1220 694 contulerit,
1254 631 1384 685 tum
1415 627 1476 685 in
1507 624 1692 687 filium
1726 632 1785 685 et
1802 624 2110 705 [Commo-

144 735 166 775 5
190 709 349 810 dum]
386 709 631 789 quidem
662 708 981 771 scelestum
1014 718 1190 788 atque
1233 711 1514 788 inpurum
1559 711 1675 770 cito
1706 728 1925 770 nomen
1958 710 2099 771 Cae-

186 797 323 857 saris
366 802 426 854 et
466 813 609 854 mox
662 793 1069 854 sacerdotium
1113 795 1430 871 statimque
1470 813 1689 856 nomen
1728 797 2106 874 imperatoris

189 901 251 942 ac
278 879 567 958 triumphi
598 880 1112 957 participationem
1158 886 1216 938 et
1258 878 1646 940 consulatum.
1719 897 1835 956 quo
1867 881 2106 956 quidem
2142 886 2181 934 2

186 973 451 1044 tempore
490 965 619 1041 ipse
659 965 987 1042 imperator
1029 963 1149 1023 filio
1193 962 1265 1023 ad
1306 963 1728 1044 triumphalem
1769 983 2014 1026 currum
2044 966 2108 1024 in

188 1052 338 1110 circo
370 1049 557 1128 pedes
586 1050 871 1109 cucurrit.

121 1159 164 1198 ιο
304 1135 447 1194 Post
487 1134 629 1193 Veri
658 1133 885 1195 obitum
918 1133 1153 1194 Marcus
1190 1134 1524 1194 Antoninus
1557 1132 1716 1194 solus
1757 1152 1888 1194 rem
1912 1133 2105 1213 publi·
2145 1139 2184 1188 3

187 1238 307 1280 cam
338 1219 550 1284 tenuit,
590 1217 777 1278 multo
808 1216 1021 1290 melior
1069 1223 1128 1276 et
1168 1218 1426 1278 feracior
1469 1218 1541 1280 ad
1575 1219 1856 1287 uirtuteS,
1889 1220 2110 1298 quippe
2145 1225 2188 1272 4

185 1306 283 1382 qui
308 1302 491 1364 nullis
521 1304 661 1363 Veri
689 1304 805 1363 iam
836 1301 1232 1381 impediretur
1275 1308 1378 1361 aut
1420 1301 1707 1363 simulatis
1739 1302 1983 1363 callidae
2014 1321 2105 1362 se-

182 1389 479 1456 ueritatis,
526 1405 641 1464 qua
670 1386 771 1448 ille
812 1389 1078 1464 ingenito
1108 1389 1258 1447 uitio
1291 1385 1628 1456 laborabat,
1665 1386 1970 1448 erroribus
2012 1394 2112 1448 aut

182 1475 231 1534 is
252 1475 355 1552 qui
403 1473 727 1551 praecipue
759 1470 1150 1551 displicebant
1179 1471 1378 1534 Marco
1399 1474 1698 1533 Antonino
1728 1473 1845 1533 iam
1895 1472 2034 1532 inde
2079 1491 2112 1530 a

118 1581 161 1621 15
185 1559 376 1637 primo
423 1558 631 1618 aetatis
690 1575 831 1617 suae
876 1563 1149 1635 tempore
1190 1555 1292 1617 uel
1327 1557 1612 1618 institutis
1644 1559 1860 1617 mentis
1889 1575 2113 1635 prauae

186 1643 277 1704 uel
306 1640 597 1702 moribus
649 1649 780 1702 erat
808 1642 967 1701 enim
1008 1643 1139 1721 ipse
1184 1649 1380 1702 tantae
1410 1641 1850 1718 tranquillitatis
1884 1650 1950 1702 ut
1978 1641 2108 1702 uul-
2149 1652 2188 1701 5

182 1735 306 1788 tum
368 1742 699 1803 numquam
740 1725 1065 1787 mutauerit
1103 1744 1381 1786 maerore
1412 1725 1510 1805 uel
1541 1727 1786 1804 gaudio,
1847 1726 2109 1806 philoso-

183 1811 356 1891 phiae
390 1810 627 1871 deditus
658 1810 923 1880 Stoicae,
957 1828 1135 1889 quam
1168 1817 1227 1870 et
1256 1829 1365 1890 per
1397 1814 1656 1890 optimos
1687 1828 1955 1888 quosque
1984 1829 2109 1870 ma-

182 1899 405 1974 gistros
464 1903 778 1974 acceperat
836 1902 895 1954 et
952 1895 1215 1971 undique
1266 1897 1397 1975 ipse
1453 1895 1792 1974 collegerat.
1871 1913 2008 1963 nam
2053 1901 2112 1955 et
2149 1907 2188 1955 6

114 2003 157 2043 20
184 1981 523 2042 Hadrianus
563 1979 721 2040 hunc
752 1978 1010 2040 eundem
1051 1997 1464 2042 successorem
1504 1988 1848 2059 parauerat,
1910 1981 2026 2041 nisi
2058 1981 2112 2039 ei

183 2074 344 2126 aetas
398 2064 647 2143 puerilis
700 2063 1045 2125 obstitisset.
1124 2064 1284 2142 quod
1338 2065 1576 2143 quidem
1631 2072 1878 2144 apparet
1923 2083 1996 2124 ex
2039 2083 2110 2124 eo
2147 2077 2182 2124 ’τ

184 2150 342 2227 quod
375 2166 671 2226 generum
704 2149 809 2209 Pio
839 2148 1000 2209 hunc
1032 2149 1289 2210 eundem
1321 2148 1572 2226 delegit,
1618 2157 1682 2210 ut
1713 2149 1785 2208 ad
1819 2167 1954 2210 eum
1974 2194 1989 2217 ,
2026 2148 2110 2207 di—

178 2253 362 2313 gnum
392 2240 603 2313 utpote
636 2235 849 2302 uirum,
884 2233 1384 2312 quandocumque
1401 2233 1733 2295 Romanum
1764 2234 2112 2312 perueniret

175 2338 253 2380 lm
301 2337 516 2379 enum.

110 2424 155 2464 25
256 2339 467 2481 pErgo
496 2403 835 2482 prouincias
866 2409 1003 2481 post
1031 2402 1179 2462 haec
1208 2403 1436 2480 ingenti
1465 2403 1874 2463 moderatione
1905 2419 1974 2462 ac
2003 2401 2106 2462 be·
2132 2401 2216 2464 17

176 2490 471 2568 nignitate
504 2489 797 2548 tractauit.
876 2495 1085 2548 contra
1116 2487 1445 2548 Germanos
1488 2506 1590 2548 res
1620 2487 1872 2548 feliciter
1901 2489 2102 2565 gessit.

178 2572 439 2652 speciale
470 2573 601 2651 ipse
632 2570 857 2632 bellum
887 2571 1452 2641 Marcomannicum,
1495 2572 1600 2634 sed
1632 2581 1916 2649 quantum
1949 2571 2110 2633 nulla
2145 2581 2182 2629 2

176 2675 468 2735 umquam
498 2658 787 2716 memoria
828 2657 971 2725 fuit,
1017 2675 1152 2716 cum
1198 2658 1440 2718 uirtute*
1461 2665 1586 2718 tum
1619 2658 1797 2717 etiam
1827 2655 2108 2717 felicitate

176 2744 491 2820 transegit,
541 2748 599 2800 et
644 2759 715 2800 eo
758 2740 1002 2817 quidem
1042 2748 1316 2820 tempore
1371 2760 1489 2821 quo
1530 2742 1870 2821 pestilentia
1907 2743 2112 2818 grauis

276 2913 303 2959 1
343 2909 579 2960 Cassius
602 2935 667 2943 —
696 2908 934 2958 desciuit
969 2908 1012 2958 C
1042 2912 1334 2974 transponit
1364 2913 1418 2960 in
1451 2925 1495 2959 c.
1521 2912 1592 2959 24
1615 2909 1700 2959 ubi
1729 2909 1938 2959 rebellio
1967 2909 2117 2958 Cassi

170 2978 421 3040 refertur.
492 2978 721 3042 equidem
749 2979 999 3041 glossema
1020 2977 1181 3028 habeo
1319 2979 1350 3027 2
1387 2977 1603 3027 deseuit
1631 2976 1749 3026 BP¹
1885 2979 1920 3026 4
1953 2975 2113 3026 Com·

170 3046 394 3094 modum
416 3047 563 3094 uncis
584 3046 765 3094 inclusi
784 3061 893 3094 cum
917 3043 1150 3095 Iov-dano
1289 3048 1320 3096 5
1355 3045 1673 3114 scelestium
1696 3043 1768 3093 B1
1908 3047 1938 3094 7
1964 3045 2115 3109 prin—

174 3114 517 3177 cipationem
541 3112 592 3161 B
729 3113 761 3162 8
788 3113 905 3161 sine
933 3111 1100 3162 BPM
1118 3113 1239 3176 ipse
1267 3113 1484 3164 Obrecht
1509 3127 1675 3162 senex
1701 3112 1743 3162 S
1875 3113 2114 3177 impera-

172 3181 311 3230 toris
336 3181 399 3230 M
538 3181 700 3230 malim
722 3179 822 3229 filii
846 3179 919 3229 ad
942 3183 1010 3229 tr.
1038 3193 1253 3230 currum
1392 3183 1451 3230 11
1483 3179 1714 3230 feratior
1737 3180 1788 3230 B
1905 3181 2114 3245 quippe

174 3249 267 3310 qui
292 3253 353 3298 et
381 3263 432 3312 q.
462 3245 526 3312 s.]
554 3249 680 3298 Ilaec
701 3250 957 3298 sententia
980 3255 1069 3297 aut
1094 3249 1372 3312 Capitolini
1391 3256 1481 3298 aut
1503 3247 1684 3328 {ihr-ari
1714 3251 1865 3313 culpa
1896 3263 2117 3312 prorsus

172 3315 517 3433 fflssssffl‘
545 3315 1084 3447 “issssffaqffifffflm
1159 3314 1755 3447 ¹{9q2331{.<.2²?ff⁸·>
1777 3331 1853 3432 33
1859 3316 2114 3432 {321221

174 3465 263 3499 em.
297 3451 339 3500 C
477 3451 541 3501 27
578 3455 784 3514 quanto
808 3450 912 3500 BP
957 3454 1166 3514 quanta.
1191 3451 1253 3502 M
1302 3456 1566 3516 quantum
1590 3453 1721 3515 uoly.
1793 3451 1860 3513 cf.
1887 3451 2110 3510 Eutrop.

180 3517 335 3567 VIII
360 3521 429 3568 12
457 3522 543 3583 qui
564 3521 636 3570 ad
654 3519 857 3569 uerbum
880 3520 1145 3568 consentit.
