2517 3884
389 213 472 277 98
1117 217 1269 274 AELI
1311 215 1619 272 LAMPRIDI

323 395 355 442 8
390 384 568 446 libus,
603 385 840 448 Menses
871 401 1110 463 quoque
1139 385 1200 444 in
1230 382 1525 443 honorem
1556 383 1683 442 eius
1712 401 1825 462 pro
1854 384 2121 462 Augusto
2152 383 2325 444 Com-

391 471 656 542 modum,
688 489 801 550 pro
835 467 1172 549 Septembri
1202 467 1555 537 Herculem,
1586 485 1699 547 pro
1731 467 1977 530 Octobri
2007 469 2326 538 Inuictum,

391 575 502 635 pro
525 554 850 618 Nouembri
875 554 1430 632 Exsuperatorium‚
1456 571 1571 632 pro
1599 552 1915 615 Decembri
1942 555 2329 617 Amazonium

325 651 357 698 9
397 660 466 702 ex
515 643 684 718 signo
734 640 925 719 ipsius
967 637 1305 699 adulatores
1336 637 1649 700 uocabant.
1723 641 2081 701 Amazonius
2128 647 2325 700 autem

392 731 642 788 uocatus
684 731 774 786 est
816 741 888 784 ex
933 741 1137 785 amore
1186 723 1557 785 concubinae
1608 739 1753 785 suae
1801 725 2090 795 Marciae,
2146 739 2325 802 quam
2384 736 2414 774 ⁵

393 813 612 890 pictam
642 812 702 870 in
732 811 1029 870 Amazone
1059 807 1361 888 diligebat,
1406 815 1659 889 propter
1690 827 1868 887 quam
1902 817 1961 871 et
1991 811 2120 890 ipse
2150 812 2325 871 Ama-

395 897 604 956 zonico
657 893 864 954 habitu
915 895 978 954 in
1009 892 1299 956 harenam
1350 894 1678 956 Romanam
1729 895 2067 975 procedere
2114 894 2327 956 uoluit.

291 991 353 1038 10
393 979 809 1058 gladiatorium
856 979 1036 1043 etiam
1075 986 1385 1040 certamen
1424 978 1608 1041 subiit
1654 987 1715 1041 et
1754 982 1995 1041 nomina
2036 979 2329 1058 gladiato-

291 1076 349 1122 11
392 1083 534 1126 rum
558 1065 790 1144 recepit
821 1081 892 1124 eo
923 1064 1168 1142 gaudio,
1217 1065 1386 1142 quasi
1430 1066 1733 1145 acciperet
1770 1065 2173 1146 triumphalia.
2234 1064 2326 1125 lu-

390 1149 530 1210 dum
564 1167 744 1228 saepe
773 1150 1082 1227 ingressus
1113 1156 1208 1210 est
1237 1160 1317 1220 et,
1352 1151 1629 1228 quotiens
1657 1150 2097 1228 ingrederetur,
2130 1148 2325 1229 publi·
2359 1163 2412 1201 10

289 1246 352 1292 12
393 1236 477 1295 cis
523 1236 934 1295 monumentis
976 1234 1103 1296 indi
1143 1235 1337 1296 iussit.
1399 1252 1703 1314 pugnasse
1744 1242 1942 1296 autem
1986 1235 2205 1297 dicitur
2236 1253 2328 1296 se-

388 1317 758 1444 ptingenties
788 1321 990 1380 tricies
1023 1321 1362 1397 quinquies.

288 1410 351 1458 13
447 1405 867 1466 Nominatus
907 1407 1068 1465 inter
1113 1405 1397 1467 Caesares
1449 1411 1664 1482 quarto
1706 1405 1915 1466 iduum
1956 1404 2327 1475 octobrium,

219 1476 351 1568 ιζ’-εξ
388 1506 535 1567 quas
581 1488 910 1551 Herculeas
959 1496 1169 1568 postea
1210 1491 1573 1560 nominauit,
1628 1490 1901 1552 Pudente
1954 1498 2015 1550 et
2056 1489 2329 1552 Pollione

243 1577 344 1663 ,222
387 1584 452 1632 14
482 1592 678 1636 conss.
724 1573 1054 1654 appellatus
1087 1575 1477 1636 Germanicus
1504 1574 1704 1636 idibus
1726 1574 2039 1636 Herculeis
2071 1575 2328 1636 Maximo
2360 1589 2414 1626 15

212 1606 362 1724 a¹1⁷2
401 1667 460 1720 et
501 1659 689 1720 Orfito
739 1657 1102 1720 consulibus,
1180 1659 1531 1743 adsumptus
1584 1667 1674 1720 est
1723 1661 1788 1720 in
1829 1661 2027 1720 omnia
2080 1657 2330 1737 collegia

205 1770 246 1798 a·
285 1736 358 1830 ζξῚ
395 1744 786 1806 sacerdotalia
853 1744 1135 1805 sacerdos
1186 1743 1319 1804 Xlll
1371 1743 1452 1804 kl.
1502 1745 1763 1804 Inuictas
1822 1745 2041 1805 Pisone
2098 1741 2329 1804 Iuliano

289 1798 356 1888 172
397 1828 764 1890 consulibus,
831 1830 1185 1907 profectus·
1169 1847 1230 1890 in
1264 1829 1643 1890 Germaniam
1675 1827 1838 1889 XIIII
1879 1828 1959 1889 kl.
1994 1827 2219 1898 AeliaS,
2262 1836 2332 1888 ut

323 1927 353 1974 3
389 1922 596 1994 postea
630 1915 978 1975 nominauit.
1047 1913 1239 1974 isdem
1271 1912 1616 1975 consulibus
1647 1920 1847 1992 togam
1888 1911 2127 1975 uirilem
2158 1931 2324 1975 acce-

279 2004 354 2103 9²4
388 2001 496 2080 pit.
563 2017 697 2061 cum
727 2006 898 2079 patre
929 1997 1263 2079 appellatus
1291 2001 1621 2078 imperator
1652 2001 1700 2060 V
1721 1998 1801 2060 kl.
1828 1999 2329 2080 Exsuperatorias
2358 2013 2411 2051 20
2516 1988 2517 2001 ἦ

250 2117 325 2162 3
306 2070 351 2162 -ξ
389 2096 421 2144 5
457 2084 726 2145 Pollione
775 2091 834 2144 et
863 2086 1024 2164 Apro
1056 2086 1277 2146 iterum
1326 2102 1521 2146 conss.
1573 2083 1963 2164 triumphauit
2004 2084 2051 2145 X
2085 2083 2165 2144 kl.
2200 2085 2324 2145 lan.

283 2176 354 2274 936
389 2170 580 2230 isdem
626 2168 987 2231 consulibus
1062 2171 1281 2231 iterum
1326 2171 1643 2248 profectus
1677 2169 1757 2230 ΠΙ
1810 2188 1999 2231 nonas
2053 2170 2327 2231 Commo-

251 2239 355 2334 ⁵3³-ssss
393 2267 422 2314 7
463 2254 588 2316 dias
620 2255 809 2316 Orfito
842 2261 901 2314 et
930 2254 1086 2315 Ruso
1119 2253 1486 2316 consulibus.
1554 2255 1727 2316 datus
1767 2257 1831 2315 in
1860 2262 2222 2335 perpetuum
2256 2253 2329 2314 ab

393 2341 665 2400 exercitu
701 2346 759 2399 et
792 2347 1000 2399 senatu
1031 2341 1092 2399 in
1125 2340 1303 2400 domo
1335 2339 1596 2400 Palatina
1630 2340 2053 2400 Commodiana
2084 2357 2327 2400 conser-

221 2462 262 2490 a
284 2427 355 2460 ⁹³²
391 2433 424 2482 8
459 2424 696 2484 uandus
721 2423 802 2482 XI
823 2421 902 2482 kl.
921 2423 1220 2484 Romanas
1245 2425 1568 2485 Praesente
1598 2424 1817 2484 iterum
1846 2423 2108 2483 consule.
2144 2425 2325 2482 tertio
2354 2435 2407 2474 25

247 2563 269 2595 9
273 2487 331 2594 ἐξ
336 2488 356 2519 ⁰
392 2507 690 2568 meditans
721 2507 795 2566 de
824 2508 1199 2585 profectione
1245 2527 1278 2567 a
1308 2515 1517 2568 senatu
1566 2513 1624 2568 et
1652 2506 1878 2586 populo
1910 2526 2020 2568 suo
2052 2512 2327 2568 retentus

181 2597 232 2625 8·
251 2600 364 2656 ἵει-89
397 2599 503 2652 est.
565 2601 703 2653 uota
737 2609 850 2670 pro
899 2609 969 2651 eo
1001 2593 1184 2674 sacta
1193 2598 1336 2653 sunt
1376 2593 1552 2652 nonis
1597 2591 1717 2651 Piis
1758 2592 2052 2654 Fusciano
2105 2593 2325 2654 iterum

387 2728 636 2777 mitteret
660 2725 726 2776 P¹
767 2727 1077 2777 semitteret
1109 2725 1182 2776 B¹
1322 2728 1352 2776 2
1385 2727 1600 2790 confusa
1634 2743 1745 2778 esse
1779 2728 1907 2780 haec
1938 2729 2140 2778 nomina
2173 2736 2223 2778 et
2256 2744 2327 2780 eae

383 2797 550 2847 Dione
577 2803 628 2846 et
650 2811 720 2845 ex
742 2795 1063 2862 sequentibus
1085 2795 1256 2845 uerbis
1280 2797 1519 2859 adparet.
1594 2795 1637 2846 0
1656 2799 1731 2845 ita
1752 2798 1993 2861 scripsit:
2017 2812 2116 2862 pro
2140 2797 2326 2860 Augu-

384 2869 472 2915 sto
500 2863 870 2927 Commodum,
894 2865 1204 2928 Augustum
1228 2879 1327 2928 pro
1351 2863 1664 2927 Decembri,
1689 2863 2025 2915 Herculeum
2049 2879 2147 2928 pro
2160 2864 2324 2914 Octo-

383 2933 496 2994 bri,
541 2933 820 2983 Inuictum
862 2947 961 2996 pro
994 2933 1317 2994 Nouembri,
1362 2932 1825 2997 Exuperatorium
1870 2948 1968 2997 pro
2011 2931 2323 2991 Decembri,

383 3001 740 3052 Amazonium
784 3017 884 3066 pro
925 3001 1204 3052 Ianuario
1300 3002 1528 3066 equidem
1570 3008 1735 3050 tamen
1783 3016 2009 3052 errorem
2050 2999 2329 3062 Lampridz‘

381 3071 634 3132 suspicor.
776 3071 807 3119 6
831 3084 1091 3120 amasone
1115 3068 1167 3118 B
1193 3066 1499 3130 amasssone
1525 3070 1576 3116 P
1710 3071 1740 3118 7
1774 3067 2077 3133 producere
2101 3064 2153 3114 B
2291 3068 2324 3115 8

385 3136 755 3200 gladiatorum
780 3138 831 3187 P
933 3141 1208 3188 sertamen
1233 3137 1287 3186 B
1424 3139 1455 3188 9
1482 3151 1578 3188 ase
1602 3136 1654 3186 B
1680 3151 1851 3201 quase
1876 3137 1927 3185 P
2062 3135 2127 3184 10
2152 3147 2322 3199 saepe

382 3203 657 3258 BPMem.
687 3206 727 3255 C
789 3253 797 3261 ,
861 3205 1084 3271 publius
1107 3205 1158 3255 B
1322 3207 1383 3256 11
1410 3203 1929 3255 monumentrandi
1914 3217 2017 3254 lue
2044 3201 2095 3251 B
2258 3204 2323 3254 13

383 3276 640 3338 quartum
663 3271 831 3323 BPM
961 3274 1111 3324 idum
1134 3273 1236 3323 BP
1373 3275 1655 3323 octobrum
1679 3271 1730 3321 B
1869 3273 1931 3322 17
1966 3267 2151 3332 XIIIll
2174 3267 2248 3319 kl.
2275 3271 2327 3319 P

489 3344 544 3390 et
569 3340 664 3391 iul.
690 3339 830 3391 P²M
905 3343 968 3392 18
1003 3344 1346 3408 inter-punctio
1371 3350 1451 3392 est
1470 3341 1711 3391 Doduelli
1723 3343 1910 3405 prael!
1935 3357 1988 3404 p.
2015 3341 2118 3389 255
2256 3341 2321 3388 21

382 3409 583 3458 iterum
621 3413 678 3458 et
703 3410 851 3474 Apro
877 3409 1045 3460 BPM
1087 3415 1144 3460 et
1175 3412 1326 3476 Apro
1359 3410 1559 3459 iterum
1593 3411 1784 3474 scripsi
1818 3406 1907 3472 (cf.
1939 3408 2065 3474 fast.
2106 3415 2157 3458 et
2193 3408 2321 3458 titul.

386 3477 730 3537 Ore11.3284)
894 3481 960 3528 24
997 3479 1410 3530 conseruandas
1442 3476 1494 3525 B
1654 3478 1720 3528 25
1752 3481 2015 3542 presente
2046 3476 2096 3524 B
2257 3477 2321 3526 27
2376 3487 2381 3492 ·
2486 3531 2493 3538 ‚

380 3545 652 3596 fuscianis
675 3545 727 3594 B
