2517 3884
909 172 1137 230 VERVS.
1226 174 1285 230 C.
1329 175 1496 230 3-5.
2089 167 2170 233 ’Π

230 341 403 420 Syria
447 340 757 418 profectus
800 345 925 409 est,
966 358 1089 400 non
1126 339 1322 402 solum
1365 339 1604 402 licentia
1647 342 1804 402 uitae
1845 340 2165 411 liberioris,

226 425 333 486 sed
378 425 560 487 etiam
595 423 911 486 adulteriis
952 433 1012 486 et
1051 425 1301 486 incestis
1338 425 1643 486 amoribus
1691 427 2010 488 infamatus
2053 435 2165 490 est.

226 511 279 571 si
310 509 555 588 quidem
600 516 798 570 tantae
840 509 1116 572 luxuriae
1144 510 1328 572 fuisse
1359 510 1577 572 dicitur
1621 519 1686 572 ut
1729 512 1906 572 etiam
1923 557 1939 580 ,
1988 527 2166 590 quam
2203 518 2236 567 5

228 602 439 676 postea
468 594 545 655 de
578 595 747 675 Syria
778 593 953 664 redit,
986 596 1270 674 popinam
1301 595 1464 658 domi
1493 597 1852 666 instituerit,
1887 596 1959 657 ad
1991 615 2168 675 quam

174 695 201 735 5
225 689 365 761 post
394 681 743 742 conuiuium
772 680 955 742 Marci
987 679 1341 751 diuertebat,
1365 681 1844 760 ministrantibus
1867 680 1980 742 sibi
2005 684 2169 744 omni

224 783 452 844 genere
483 767 752 845 turpium
781 783 1198 845 personarum.
1250 767 1448 828 fertur
1479 773 1538 826 et
1565 775 1746 828 nocte
1774 769 2011 847 perpeti
2041 767 2169 829 alea
2203 773 2236 822 6

224 851 473 920 lusisse,
508 869 647 912 cum
678 852 739 912 in
770 850 938 931 Syria
968 851 1344 931 concepisset
1370 850 1430 910 id
1465 853 1704 930 uitium,
1737 861 1916 931 atque
1944 854 2007 914 in
2036 860 2165 914 tan·

224 944 355 997 tum
398 936 689 997 uitiorum
720 935 1081 998 Gaianorum
1126 943 1187 995 et
1217 936 1698 998 Neronianorum
1727 956 1797 999 ac
1827 937 2169 1000 Vitelliano-

224 1040 361 1084 rum
394 1022 583 1082 fuisse
614 1019 955 1092 aemulum,
989 1028 1057 1083 ut
1088 1029 1410 1099 negaretur
1439 1029 1616 1083 nocte
1645 1040 1758 1101 per
1788 1023 2070 1084 tabernas
2101 1041 2168 1084 ac

152 1121 201 1160 ιο
226 1107 538 1186 lupanaria
593 1105 833 1167 obtecto
874 1109 1080 1191 ‘capite
1124 1104 1462 1168 cucullione
1517 1106 1756 1185 uulgari
1805 1109 2056 1169 uiatorio
2111 1115 2170 1168 et

226 1193 625 1254 comisaretur
656 1209 793 1253 cum
824 1191 1190 1260 triconibus,
1222 1193 1625 1254 committeret
1666 1193 1856 1262 rixas,
1887 1192 2166 1254 dissimu-

222 1277 363 1338 lans
388 1278 523 1354 quis
556 1283 741 1346 esset,
784 1293 1086 1356 saepeque
1128 1277 1416 1336 efflictum
1457 1274 1637 1338 liuida
1668 1277 1819 1337 facie
1849 1277 2076 1338 redisse
2109 1285 2168 1337 et

220 1365 287 1422 in
316 1361 589 1423 tabernis
634 1362 930 1440 agnitum,
973 1381 1108 1423 cum
1148 1380 1284 1422 sese
1326 1361 1744 1423 absconderet.
1776 1397 1786 1402 -
1815 1362 2068 1423 iaciebat
2109 1369 2167 1422 et
2203 1368 2232 1415 7

225 1465 509 1508 nummos
545 1448 609 1506 in
651 1447 905 1526 popinas
946 1449 1272 1517 maximoS,
1317 1445 1532 1526 quibus
1573 1446 1788 1508 calices
1837 1449 2161 1526 frangeret.

156 1545 203 1584 15
228 1533 453 1594 amauit
484 1538 544 1592 et
570 1534 808 1610 aurigas
836 1533 1081 1612 prasino
1112 1533 1343 1594 fauens,
1405 1531 1804 1610 gladiatorum
1835 1534 2008 1594 etiam
2043 1531 2160 1592 fre·
2183 1538 2267 1588 8.9

226 1618 513 1696 quentius
552 1634 777 1696 pugnas
829 1620 892 1678 in
948 1618 1227 1678 conuiuio
1281 1616 1488 1678 habuit
1538 1617 1784 1678 trahens
1837 1636 2051 1680 caenas
2103 1618 2167 1678 in

222 1709 472 1764 noctem
504 1703 655 1762 etin
684 1707 818 1762 toro
850 1701 1155 1768 conuiuali
1198 1703 1652 1772 condormiens,
1695 1704 1778 1763 ita
1819 1710 1886 1764 ut
1930 1702 2166 1764 leuatus

223 1807 367 1848 cum
410 1786 799 1848 stromatibus
837 1789 901 1847 in
944 1787 1285 1849 cubiculum
1337 1789 1731 1866 perferretur.
1803 1789 2000 1849 somni
2052 1788 2165 1848 fuit
2204 1795 2268 1843 10

224 1871 578 1953 permodici,
612 1871 961 1950 digestionis
990 1871 1326 1933 facillimae.
1389 1872 1496 1934 sed
1525 1873 1760 1934 Marcus
1789 1872 1939 1934 haec
1969 1875 2165 1933 omnia
2204 1879 2266 1928 11

154 1970 201 2010 20
226 1975 346 2019 non
390 1958 666 2018 nesciens
709 1957 1118 2018 dissimulabat
1158 1975 1306 2037 prae
1335 1957 1566 2037 pudore
1593 1957 1696 2017 illo
1727 1975 1804 2018 ne
1835 1957 2163 2036 reprehen-

226 2043 401 2104 deret
430 2043 699 2103 fratrem.

354 2128 432 2188 Et
458 2127 829 2188 notissimum
862 2128 991 2188 eius
1020 2127 1262 2204 quidem
1293 2127 1486 2188 fertur
1528 2126 1648 2188 tale
1687 2127 2064 2194 conuiuium,
2106 2127 2168 2185 in
2199 2115 2241 2181 5

226 2231 347 2292 quo
390 2214 655 2291 primum
683 2210 997 2273 duodecim
1046 2210 1398 2273 accubuisse
1427 2211 1671 2281 dicitur,
1708 2229 1842 2272 cum
1875 2213 1952 2272 sit
1979 2212 2165 2271 notis-

226 2300 451 2360 simum
490 2296 717 2358 dictum
758 2296 835 2358 de
876 2315 1135 2358 numero
1188 2297 1611 2358 conuiuarum:
1662 2301 1915 2375 ‘septem
1959 2296 2165 2357 conui-

155 2393 205 2433 25
233 2384 428 2452 uium,
472 2401 695 2444 nouem
736 2400 885 2443 uero
933 2383 1316 2443 conuicium’.
1390 2381 1642 2443 donatos
1697 2389 1894 2442 autem
1942 2399 2166 2460 pueros
2199 2381 2233 2428 2

230 2467 489 2528 decoros
530 2469 631 2546 qui
673 2466 1093 2528 ministrabant
1132 2466 1414 2544 singuliS,
1457 2466 1709 2528 donatos
1752 2469 1934 2528 etiam
1973 2473 2166 2528 struc-

228 2562 395 2614 tores
440 2558 500 2612 et
540 2552 743 2614 lances
788 2551 1035 2630 singulis
1078 2551 1443 2630 quibusque,
1501 2551 1714 2612 donata
1761 2560 1819 2612 et
1861 2553 1996 2612 uiua
2041 2552 2167 2611 ani-

230 2637 409 2699 malia
439 2636 541 2698 uel
570 2637 840 2699 cicurum
868 2636 969 2700 uel
998 2636 1264 2699 serarum
1295 2639 1498 2698 auium
1542 2636 1639 2698 uel
1671 2635 2164 2716 quadrupedium,

335 2826 361 2872 1
392 2823 609 2887 Syriam
634 2823 701 2872 M
818 2826 851 2872 2
877 2823 1123 2874 iubentis
1144 2823 1197 2874 B
1220 2823 1467 2874 iuuentis
1489 2822 1560 2874 P¹
1583 2824 1895 2874 iuuentutis
1917 2820 2056 2872 P³M
2075 2837 2167 2871 em·

230 2892 379 2941 Pria.
406 2891 589 2941 Haase
726 2894 759 2941 3
784 2895 1147 2957 posteaquam
1170 2892 1238 2941 M
1339 2894 1374 2941 4
1399 2891 1582 2942 reddit
1604 2891 1677 2942 Βι
1787 2895 1817 2942 5
1843 2890 2171 2940 deuertebat

231 2959 283 3007 P
405 2960 435 3009 '7
472 2959 856 3024 concoepisset
878 2958 929 3008 B
1044 2961 1076 3010 9
1110 2963 1352 3024 uagatur
1381 2958 1504 3010 ΒΡι
1645 2961 1706 3010 11
1743 2958 2098 3010 comiseretur
2119 2956 2170 3005 B

230 3041 354 3076 cum
381 3031 785 3077 comessaretur
806 3025 949 3077 exc.²
1089 3030 1147 3078 et
1182 3043 1316 3078 com.
1353 3025 1494 3079 exa*
1513 3027 1576 3078 M
1713 3029 1776 3076 12
1810 3025 2048 3076 redisset
2071 3025 2176 3075 BP

228 3093 374 3148 θεῖαί
398 3094 467 3144 M
486 3094 701 3144 redisse
724 3092 866 3148 exc.²
1005 3097 1068 3146 13
1092 3094 1317 3146 iacebat
1341 3095 1445 3146 BP
1568 3097 1634 3144 14
1658 3095 1894 3160 popipas
1917 3093 1968 3142 B
2108 3095 2172 3144 15

230 3161 543 3226 gladiatore
566 3189 635 3200 --
660 3177 968 3228 pugnarum
990 3163 1094 3213 BP
1228 3164 1294 3212 16
1327 3177 1570 3214 caenans
1591 3162 1697 3212 BP
1743 3177 1972 3214 caenam
1997 3162 2064 3212 M
2081 3177 2172 3214 em.

230 3230 275 3279 S
410 3231 474 3280 17
500 3229 661 3282 thoro
682 3229 807 3281 BP²
943 3230 1246 3281 conuiualli
1267 3229 1338 3280 B¹
1479 3233 1543 3282 19
1578 3227 2068 3296 digestiones-BP¹

230 3298 417 3348 omnia
448 3299 710 3349 nesciens
733 3299 837 3348 BP
881 3299 1043 3363 quasi
1077 3301 1336 3350 nesciens
1367 3297 1508 3350 P³M
1549 3315 1662 3350 non
1695 3298 1952 3349 nesciens
1982 3298 2175 3361 scripsi

230 3366 482 3416 resciens
510 3365 657 3416 Iord.
800 3367 877 3416 οῐι·
902 3365 1008 3416 BP
1049 3382 1171 3416 rem
1194 3367 1260 3416 M
1303 3383 1436 3432 prae
1461 3370 1593 3420 coni.
1621 3366 1738 3418 obr.
1876 3368 1941 3415 22
1967 3363 2169 3414 fer-tale

228 3432 351 3483 BP·
401 3423 608 3484 'fei-tue
640 3432 715 3483 Βε
869 3437 937 3484 24
972 3435 1352 3485 conuiuiamm
1381 3433 1452 3485 P¹
1477 3435 1484 3440 ’
1589 3436 1658 3485 28
1691 3432 2091 3500 quadripedum
2121 3431 2176 3478 P

230 3500 651 3567 quadrupedum
674 3502 735 3552 M
1271 3539 1280 3548 .
