<?xml version="1.0" encoding="UTF-8"?>
<!DOCTYPE html PUBLIC "-//W3C//DTD XHTML 1.0 Transitional//EN"
    "http://www.w3.org/TR/xhtml1/DTD/xhtml1-transitional.dtd">
<html xmlns="http://www.w3.org/1999/xhtml" xml:lang="en" lang="en">
 <head>
  <title>
</title>
<meta http-equiv="Content-Type" content="text/html;charset=utf-8" />
  <meta name='ocr-system' content='tesseract 3.04.00' />
  <meta name='ocr-capabilities' content='ocr_page ocr_carea ocr_par ocr_line ocrx_word'/>
</head>
<body>
  <div class='ocr_page' id='page_1' title='image "./scriptoreshisto02petegoog_0390.png"; bbox 0 0 2517 3884; ppageno 0'>
   <div class='ocr_carea' id='block_1_1' title="bbox 808 143 2213 238">
    <p class='ocr_par' dir='ltr' id='par_1_1' title="bbox 808 143 2213 238">
     <span class='ocr_line' id='line_1_1' title="bbox 808 143 2213 238; baseline 0.008 -11"><span class='ocrx_word' id='word_1_1' title='bbox 808 143 1112 232; x_wconf 64' lang='lat' dir='ltr'><strong>mmm</strong></span> <span class='ocrx_word' id='word_1_2' title='bbox 1153 175 1301 233; x_wconf 83' lang='lat' dir='ltr'><strong>nvo,</strong></span> <span class='ocrx_word' id='word_1_3' title='bbox 1390 176 1445 232; x_wconf 85' lang='lat' dir='ltr'><strong>e.</strong></span> <span class='ocrx_word' id='word_1_4' title='bbox 1497 169 1671 234; x_wconf 77' lang='lat'><strong>1-3,</strong></span> <span class='ocrx_word' id='word_1_5' title='bbox 2128 171 2213 238; x_wconf 84' lang='lat'><strong>75</strong></span> 
     </span>
    </p>
   </div>
   <div class='ocr_carea' id='block_1_2' title="bbox 181 339 2355 2806">
    <p class='ocr_par' dir='ltr' id='par_1_2' title="bbox 181 339 2355 2806">
     <span class='ocr_line' id='line_1_2' title="bbox 263 339 2277 422; baseline 0.003 -23"><span class='ocrx_word' id='word_1_6' title='bbox 263 340 658 419; x_wconf 88' lang='lat' dir='ltr'><strong>opprimeret.</strong></span> <span class='ocrx_word' id='word_1_7' title='bbox 737 339 844 400; x_wconf 89' lang='lat' dir='ltr'><strong>sed</strong></span> <span class='ocrx_word' id='word_1_8' title='bbox 890 339 1104 402; x_wconf 91' lang='lat' dir='ltr'><strong>Valens</strong></span> <span class='ocrx_word' id='word_1_9' title='bbox 1147 349 1460 421; x_wconf 89' lang='lat' dir='ltr'><strong>comperto</strong></span> <span class='ocrx_word' id='word_1_10' title='bbox 1512 343 1670 422; x_wconf 90' lang='lat' dir='ltr'><strong>quod</strong></span> <span class='ocrx_word' id='word_1_11' title='bbox 1720 344 1855 404; x_wconf 87' lang='lat' dir='ltr'><strong>Piso</strong></span> <span class='ocrx_word' id='word_1_12' title='bbox 1898 343 2105 406; x_wconf 79' lang='lat' dir='ltr'><strong>contr&#39;a</strong></span> <span class='ocrx_word' id='word_1_13' title='bbox 2142 361 2207 406; x_wconf 88' lang='lat' dir='ltr'><strong>se</strong></span> <span class='ocrx_word' id='word_1_14' title='bbox 2242 355 2277 405; x_wconf 84' lang='grc'><strong>3</strong></span> 
     </span>
     <span class='ocr_line' id='line_1_3' title="bbox 264 426 2208 506; baseline 0.003 -21"><span class='ocrx_word' id='word_1_15' title='bbox 264 426 524 494; x_wconf 87' lang='lat' dir='ltr'><strong>ueniret,</strong></span> <span class='ocrx_word' id='word_1_16' title='bbox 571 427 826 504; x_wconf 87' lang='lat' dir='ltr'><strong>sumpsit</strong></span> <span class='ocrx_word' id='word_1_17' title='bbox 857 427 1196 506; x_wconf 89' lang='lat' dir='ltr'><strong>imperium.</strong></span> <span class='ocrx_word' id='word_1_18' title='bbox 1272 429 1410 490; x_wconf 90' lang='lat' dir='ltr'><strong>Piso</strong></span> <span class='ocrx_word' id='word_1_19' title='bbox 1439 429 1622 506; x_wconf 88' lang='lat' dir='ltr'><strong>igitur</strong></span> <span class='ocrx_word' id='word_1_20' title='bbox 1650 430 1713 489; x_wconf 91' lang='lat' dir='ltr'><strong>in</strong></span> <span class='ocrx_word' id='word_1_21' title='bbox 1744 428 2112 492; x_wconf 83' lang='lat' dir='ltr'><strong>Thessaliam</strong></span> <span class='ocrx_word' id='word_1_22' title='bbox 2143 447 2208 490; x_wconf 91' lang='lat' dir='ltr'><strong>se</strong></span> 
     </span>
     <span class='ocr_line' id='line_1_4' title="bbox 265 510 2280 593; baseline 0.001 -23"><span class='ocrx_word' id='word_1_23' title='bbox 265 511 518 590; x_wconf 88' lang='lat' dir='ltr'><strong>recepit.</strong></span> <span class='ocrx_word' id='word_1_24' title='bbox 554 510 656 570; x_wconf 89' lang='lat' dir='ltr'><strong>ubi</strong></span> <span class='ocrx_word' id='word_1_25' title='bbox 687 511 883 572; x_wconf 88' lang='lat' dir='ltr'><strong>missis</strong></span> <span class='ocrx_word' id='word_1_26' title='bbox 915 530 947 572; x_wconf 94' lang='lat' dir='ltr'><strong>a</strong></span> <span class='ocrx_word' id='word_1_27' title='bbox 978 511 1223 573; x_wconf 80' lang='lat' dir='ltr'><strong>Valente</strong></span> <span class='ocrx_word' id='word_1_28' title='bbox 1253 512 1543 574; x_wconf 84' lang='lat' dir='ltr'><strong>militibus</strong></span> <span class='ocrx_word' id='word_1_29' title='bbox 1582 513 1989 593; x_wconf 86' lang='lat' dir='ltr'><strong>compluribus</strong></span> <span class='ocrx_word' id='word_1_30' title='bbox 2017 516 2203 575; x_wconf 90' lang='lat' dir='ltr'><strong>inter·</strong></span> <span class='ocrx_word' id='word_1_31' title='bbox 2243 524 2280 573; x_wconf 82' lang='lat'>4</span> 
     </span>
     <span class='ocr_line' id='line_1_5' title="bbox 263 595 2208 678; baseline 0.002 -22"><span class='ocrx_word' id='word_1_32' title='bbox 263 595 464 656; x_wconf 87' lang='lat' dir='ltr'><strong>fectus</strong></span> <span class='ocrx_word' id='word_1_33' title='bbox 497 603 612 665; x_wconf 91' lang='lat' dir='ltr'><strong>est,</strong></span> <span class='ocrx_word' id='word_1_34' title='bbox 657 596 787 676; x_wconf 88' lang='lat' dir='ltr'><strong>ipse</strong></span> <span class='ocrx_word' id='word_1_35' title='bbox 819 613 1059 675; x_wconf 88' lang='lat' dir='ltr'><strong>quoque</strong></span> <span class='ocrx_word' id='word_1_36' title='bbox 1088 599 1417 678; x_wconf 86' lang='lat' dir='ltr'><strong>imperator</strong></span> <span class='ocrx_word' id='word_1_37' title='bbox 1448 597 1783 678; x_wconf 88' lang='lat' dir='ltr'><strong>appellatus</strong></span> <span class='ocrx_word' id='word_1_38' title='bbox 1814 607 2208 677; x_wconf 86' lang='lat' dir='ltr'><strong>cognomento</strong></span> 
     </span>
     <span class='ocr_line' id='line_1_6' title="bbox 206 678 2279 756; baseline 0.001 -15"><span class='ocrx_word' id='word_1_39' title='bbox 206 693 238 734; x_wconf 86' lang='lat'>5</span> <span class='ocrx_word' id='word_1_40' title='bbox 267 678 671 742; x_wconf 85' lang='lat' dir='ltr'><strong>Thessalicus.</strong></span> <span class='ocrx_word' id='word_1_41' title='bbox 705 681 780 742; x_wconf 89' lang='lat' dir='ltr'><strong>Et</strong></span> <span class='ocrx_word' id='word_1_42' title='bbox 803 681 1138 744; x_wconf 80' lang='lat' dir='ltr'><strong>Macrianus</strong></span> <span class='ocrx_word' id='word_1_43' title='bbox 1167 690 1405 744; x_wconf 89' lang='lat' dir='ltr'><strong>retento</strong></span> <span class='ocrx_word' id='word_1_44' title='bbox 1435 685 1495 744; x_wconf 92' lang='lat' dir='ltr'><strong>in</strong></span> <span class='ocrx_word' id='word_1_45' title='bbox 1528 686 1761 744; x_wconf 87' lang='lat' dir='ltr'><strong>oriente</strong></span> <span class='ocrx_word' id='word_1_46' title='bbox 1794 702 1915 746; x_wconf 86' lang='lat' dir='ltr'><strong>uno</strong></span> <span class='ocrx_word' id='word_1_47' title='bbox 1948 703 2020 744; x_wconf 84' lang='lat' dir='ltr'><strong>ex</strong></span> <span class='ocrx_word' id='word_1_48' title='bbox 2050 684 2204 756; x_wconf 82' lang='lat' dir='ltr'><strong>filiis,</strong></span> <span class='ocrx_word' id='word_1_49' title='bbox 2244 694 2279 744; x_wconf 82' lang='lat'><strong>5</strong></span> 
     </span>
     <span class='ocr_line' id='line_1_7' title="bbox 265 766 2210 850; baseline 0.003 -25"><span class='ocrx_word' id='word_1_50' title='bbox 265 767 492 846; x_wconf 79' lang='lat' dir='ltr'><strong>pacatis</strong></span> <span class='ocrx_word' id='word_1_51' title='bbox 553 767 670 826; x_wconf 91' lang='lat' dir='ltr'><strong>iam</strong></span> <span class='ocrx_word' id='word_1_52' title='bbox 734 766 917 827; x_wconf 88' lang='lat' dir='ltr'><strong>rebus</strong></span> <span class='ocrx_word' id='word_1_53' title='bbox 968 769 1164 829; x_wconf 83' lang='lat' dir='ltr'><strong>Asiam</strong></span> <span class='ocrx_word' id='word_1_54' title='bbox 1227 771 1492 849; x_wconf 88' lang='lat' dir='ltr'><strong>primum</strong></span> <span class='ocrx_word' id='word_1_55' title='bbox 1560 770 1729 830; x_wconf 88' lang='lat' dir='ltr'><strong>uenit</strong></span> <span class='ocrx_word' id='word_1_56' title='bbox 1795 767 2210 850; x_wconf 78' lang='lat' dir='ltr'><strong>Illyricumque</strong></span> 
     </span>
     <span class='ocr_line' id='line_1_8' title="bbox 265 850 2355 933; baseline -0 -22"><span class='ocrx_word' id='word_1_57' title='bbox 265 851 434 931; x_wconf 89' lang='lat' dir='ltr'><strong>petit.</strong></span> <span class='ocrx_word' id='word_1_58' title='bbox 467 852 532 912; x_wconf 89' lang='lat' dir='ltr'><strong>in</strong></span> <span class='ocrx_word' id='word_1_59' title='bbox 562 850 799 932; x_wconf 82' lang='lat' dir='ltr'><strong>Illyrico</strong></span> <span class='ocrx_word' id='word_1_60' title='bbox 831 870 966 913; x_wconf 88' lang='lat' dir='ltr'><strong>cum</strong></span> <span class='ocrx_word' id='word_1_61' title='bbox 998 852 1236 914; x_wconf 80' lang='lat' dir='ltr'><strong>Aureoli</strong></span> <span class='ocrx_word' id='word_1_62' title='bbox 1266 855 1662 933; x_wconf 83' lang='lat' dir='ltr'><strong>imperatoriS,</strong></span> <span class='ocrx_word' id='word_1_63' title='bbox 1698 857 1801 931; x_wconf 88' lang='lat' dir='ltr'><strong>qui</strong></span> <span class='ocrx_word' id='word_1_64' title='bbox 1833 863 2037 916; x_wconf 89' lang='lat' dir='ltr'><strong>contra</strong></span> <span class='ocrx_word' id='word_1_65' title='bbox 2071 855 2206 916; x_wconf 90' lang='lat' dir='ltr'><strong>Gal·</strong></span> <span class='ocrx_word' id='word_1_66' title='bbox 2244 864 2277 914; x_wconf 84' lang='lat'><strong>6</strong></span> <span class='ocrx_word' id='word_1_67' title='bbox 2344 904 2355 910; x_wconf 86' lang='lat'><strong>-</strong></span> 
     </span>
     <span class='ocr_line' id='line_1_9' title="bbox 265 936 2205 1019; baseline 0.003 -24"><span class='ocrx_word' id='word_1_68' title='bbox 265 936 491 996; x_wconf 88' lang='lat' dir='ltr'><strong>lienum</strong></span> <span class='ocrx_word' id='word_1_69' title='bbox 530 937 848 1018; x_wconf 87' lang='lat' dir='ltr'><strong>imperium</strong></span> <span class='ocrx_word' id='word_1_70' title='bbox 895 946 1264 1019; x_wconf 81' lang='lat' dir='ltr'><strong>sumpserat,</strong></span> <span class='ocrx_word' id='word_1_71' title='bbox 1309 938 1488 1008; x_wconf 87' lang='lat' dir='ltr'><strong>duce,</strong></span> <span class='ocrx_word' id='word_1_72' title='bbox 1558 939 1891 1001; x_wconf 89' lang='lat' dir='ltr'><strong>Domitiano</strong></span> <span class='ocrx_word' id='word_1_73' title='bbox 1943 941 2205 1012; x_wconf 90' lang='lat' dir='ltr'><strong>nomine,</strong></span> 
     </span>
     <span class='ocr_line' id='line_1_10' title="bbox 265 1023 2210 1103; baseline 0.003 -21"><span class='ocrx_word' id='word_1_74' title='bbox 265 1037 510 1082; x_wconf 89' lang='lat' dir='ltr'><strong>manum</strong></span> <span class='ocrx_word' id='word_1_75' title='bbox 536 1023 860 1093; x_wconf 85' lang='lat' dir='ltr'><strong>conseruit,</strong></span> <span class='ocrx_word' id='word_1_76' title='bbox 893 1041 1076 1086; x_wconf 89' lang='lat' dir='ltr'><strong>unum</strong></span> <span class='ocrx_word' id='word_1_77' title='bbox 1111 1042 1182 1084; x_wconf 84' lang='lat' dir='ltr'><strong>ex</strong></span> <span class='ocrx_word' id='word_1_78' title='bbox 1213 1023 1351 1084; x_wconf 85' lang='lat' dir='ltr'><strong>filiis</strong></span> <span class='ocrx_word' id='word_1_79' title='bbox 1384 1043 1588 1085; x_wconf 87' lang='lat' dir='ltr'><strong>secum</strong></span> <span class='ocrx_word' id='word_1_80' title='bbox 1618 1023 1847 1085; x_wconf 89' lang='lat' dir='ltr'><strong>habens</strong></span> <span class='ocrx_word' id='word_1_81' title='bbox 1880 1032 1938 1086; x_wconf 92' lang='lat' dir='ltr'><strong>et</strong></span> <span class='ocrx_word' id='word_1_82' title='bbox 1967 1027 2210 1103; x_wconf 86' lang='lat' dir='ltr'><strong>triginta</strong></span> 
     </span>
     <span class='ocr_line' id='line_1_11' title="bbox 181 1104 2278 1187; baseline 0.003 -22"><span class='ocrx_word' id='word_1_83' title='bbox 181 1120 238 1159; x_wconf 87' lang='lat'><strong>10</strong></span> <span class='ocrx_word' id='word_1_84' title='bbox 267 1104 431 1187; x_wconf 74' lang='lat' dir='ltr'><strong>milia</strong></span> <span class='ocrx_word' id='word_1_85' title='bbox 461 1106 714 1168; x_wconf 87' lang='lat' dir='ltr'><strong>militum</strong></span> <span class='ocrx_word' id='word_1_86' title='bbox 761 1107 1005 1170; x_wconf 89' lang='lat' dir='ltr'><strong>ducens.</strong></span> <span class='ocrx_word' id='word_1_87' title='bbox 1070 1109 1176 1170; x_wconf 89' lang='lat' dir='ltr'><strong>sed</strong></span> <span class='ocrx_word' id='word_1_88' title='bbox 1206 1111 1403 1170; x_wconf 88' lang='lat' dir='ltr'><strong>uictus</strong></span> <span class='ocrx_word' id='word_1_89' title='bbox 1435 1115 1527 1170; x_wconf 95' lang='lat' dir='ltr'><strong>est</strong></span> <span class='ocrx_word' id='word_1_90' title='bbox 1555 1109 1890 1171; x_wconf 87' lang='lat' dir='ltr'><strong>Macrianus</strong></span> <span class='ocrx_word' id='word_1_91' title='bbox 1921 1127 2057 1170; x_wconf 90' lang='lat' dir='ltr'><strong>cum</strong></span> <span class='ocrx_word' id='word_1_92' title='bbox 2088 1108 2209 1172; x_wconf 86' lang='lat' dir='ltr'><strong>filio</strong></span> <span class='ocrx_word' id='word_1_93' title='bbox 2246 1121 2278 1171; x_wconf 78' lang='grc'><strong>’1</strong></span> 
     </span>
     <span class='ocr_line' id='line_1_12' title="bbox 265 1191 2206 1272; baseline 0.002 -20"><span class='ocrx_word' id='word_1_94' title='bbox 265 1191 570 1253; x_wconf 87' lang='lat' dir='ltr'><strong>Macriano</strong></span> <span class='ocrx_word' id='word_1_95' title='bbox 600 1194 842 1253; x_wconf 88' lang='lat' dir='ltr'><strong>nomine</strong></span> <span class='ocrx_word' id='word_1_96' title='bbox 873 1193 1228 1272; x_wconf 88' lang='lat' dir='ltr'><strong>deditusque</strong></span> <span class='ocrx_word' id='word_1_97' title='bbox 1262 1196 1459 1256; x_wconf 87' lang='lat' dir='ltr'><strong>omnis</strong></span> <span class='ocrx_word' id='word_1_98' title='bbox 1481 1195 1780 1256; x_wconf 82' lang='lat' dir='ltr'><strong>exercitus</strong></span> <span class='ocrx_word' id='word_1_99' title='bbox 1802 1193 2063 1256; x_wconf 84' lang='lat' dir='ltr'><strong>Aureolo</strong></span> <span class='ocrx_word' id='word_1_100' title='bbox 2094 1197 2206 1256; x_wconf 90' lang='lat' dir='ltr'><strong>im-</strong></span> 
     </span>
     <span class='ocr_line' id='line_1_13' title="bbox 266 1279 1378 1356; baseline 0 -19"><span class='ocrx_word' id='word_1_101' title='bbox 266 1279 552 1356; x_wconf 87' lang='lat' dir='ltr'><strong>peratori.</strong></span> <span class='ocrx_word' id='word_1_102' title='bbox 1370 1322 1378 1326; x_wconf 84' lang='lat'>-</span> 
     </span>
     <span class='ocr_line' id='line_1_14' title="bbox 396 1362 2282 1444; baseline 0.003 -21"><span class='ocrx_word' id='word_1_103' title='bbox 396 1363 660 1424; x_wconf 87' lang='lat' dir='ltr'><strong>Turbata</strong></span> <span class='ocrx_word' id='word_1_104' title='bbox 686 1364 927 1426; x_wconf 87' lang='lat' dir='ltr'><strong>interim</strong></span> <span class='ocrx_word' id='word_1_105' title='bbox 958 1382 1025 1423; x_wconf 88' lang='lat' dir='ltr'><strong>re</strong></span> <span class='ocrx_word' id='word_1_106' title='bbox 1055 1383 1114 1444; x_wconf 93' lang='lat' dir='ltr'><strong>p.</strong></span> <span class='ocrx_word' id='word_1_107' title='bbox 1147 1370 1391 1439; x_wconf 83' lang='lat' dir='ltr'><strong>totoque</strong></span> <span class='ocrx_word' id='word_1_108' title='bbox 1428 1365 1668 1443; x_wconf 89' lang='lat' dir='ltr'><strong>penitus</strong></span> <span class='ocrx_word' id='word_1_109' title='bbox 1711 1362 1859 1424; x_wconf 88' lang='lat' dir='ltr'><strong>orbe</strong></span> <span class='ocrx_word' id='word_1_110' title='bbox 1892 1372 2206 1436; x_wconf 86' lang='lat' dir='ltr'><strong>terrarum,</strong></span> <span class='ocrx_word' id='word_1_111' title='bbox 2238 1363 2282 1428; x_wconf 82' lang='lat'><strong>3</strong></span> 
     </span>
     <span class='ocr_line' id='line_1_15' title="bbox 267 1446 2205 1529; baseline 0.002 -22"><span class='ocrx_word' id='word_1_112' title='bbox 267 1446 374 1507; x_wconf 87' lang='lat' dir='ltr'><strong>uhi</strong></span> <span class='ocrx_word' id='word_1_113' title='bbox 405 1447 710 1510; x_wconf 86' lang='lat' dir='ltr'><strong>Odenatus</strong></span> <span class='ocrx_word' id='word_1_114' title='bbox 741 1450 1049 1528; x_wconf 89' lang='lat' dir='ltr'><strong>comperit,</strong></span> <span class='ocrx_word' id='word_1_115' title='bbox 1067 1449 1432 1510; x_wconf 85' lang='lat' dir='ltr'><strong>Macrianum</strong></span> <span class='ocrx_word' id='word_1_116' title='bbox 1457 1468 1590 1509; x_wconf 89' lang='lat' dir='ltr'><strong>cum</strong></span> <span class='ocrx_word' id='word_1_117' title='bbox 1612 1448 1733 1510; x_wconf 86' lang='lat' dir='ltr'><strong>filio</strong></span> <span class='ocrx_word' id='word_1_118' title='bbox 1758 1451 2205 1529; x_wconf 87' lang='lat' dir='ltr'><strong>interemptum,</strong></span> 
     </span>
     <span class='ocr_line' id='line_1_16' title="bbox 186 1532 2207 1612; baseline 0.003 -24"><span class='ocrx_word' id='word_1_119' title='bbox 186 1547 239 1588; x_wconf 86' lang='lat'><strong>15</strong></span> <span class='ocrx_word' id='word_1_120' title='bbox 269 1549 526 1610; x_wconf 81' lang='lat' dir='ltr'><strong>regnare</strong></span> <span class='ocrx_word' id='word_1_121' title='bbox 545 1533 884 1604; x_wconf 85' lang='lat' dir='ltr'><strong>Aureolum,</strong></span> <span class='ocrx_word' id='word_1_122' title='bbox 920 1532 1252 1595; x_wconf 86' lang='lat' dir='ltr'><strong>Gallienum</strong></span> <span class='ocrx_word' id='word_1_123' title='bbox 1274 1536 1586 1596; x_wconf 89' lang='lat' dir='ltr'><strong>remissius</strong></span> <span class='ocrx_word' id='word_1_124' title='bbox 1614 1553 1743 1596; x_wconf 87' lang='lat' dir='ltr'><strong>rem</strong></span> <span class='ocrx_word' id='word_1_125' title='bbox 1775 1551 2007 1612; x_wconf 82' lang='lat' dir='ltr'><strong>gerere,</strong></span> <span class='ocrx_word' id='word_1_126' title='bbox 2040 1535 2207 1596; x_wconf 87' lang='lat' dir='ltr'><strong>festi-</strong></span> 
     </span>
     <span class='ocr_line' id='line_1_17' title="bbox 266 1617 2210 1690; baseline 0.002 -12"><span class='ocrx_word' id='word_1_127' title='bbox 266 1620 436 1678; x_wconf 86' lang='lat' dir='ltr'><strong>nauit</strong></span> <span class='ocrx_word' id='word_1_128' title='bbox 477 1618 548 1680; x_wconf 94' lang='lat' dir='ltr'><strong>ad</strong></span> <span class='ocrx_word' id='word_1_129' title='bbox 592 1617 847 1680; x_wconf 91' lang='lat' dir='ltr'><strong>alterum</strong></span> <span class='ocrx_word' id='word_1_130' title='bbox 888 1618 1075 1680; x_wconf 87' lang='lat' dir='ltr'><strong>filium</strong></span> <span class='ocrx_word' id='word_1_131' title='bbox 1117 1619 1428 1690; x_wconf 86' lang='lat' dir='ltr'><strong>Macriani,</strong></span> <span class='ocrx_word' id='word_1_132' title='bbox 1474 1637 1609 1680; x_wconf 85' lang='lat' dir='ltr'><strong>eum</strong></span> <span class='ocrx_word' id='word_1_133' title='bbox 1658 1621 1955 1689; x_wconf 83' lang='lat' dir='ltr'><strong>exercitu,</strong></span> <span class='ocrx_word' id='word_1_134' title='bbox 2002 1621 2053 1680; x_wconf 92' lang='lat' dir='ltr'><strong>si</strong></span> <span class='ocrx_word' id='word_1_135' title='bbox 2093 1619 2210 1681; x_wconf 90' lang='lat' dir='ltr'><strong>hoc</strong></span> 
     </span>
     <span class='ocr_line' id='line_1_18' title="bbox 267 1703 2276 1784; baseline 0.001 -21"><span class='ocrx_word' id='word_1_136' title='bbox 267 1704 440 1764; x_wconf 84' lang='lat' dir='ltr'><strong>daret</strong></span> <span class='ocrx_word' id='word_1_137' title='bbox 479 1704 738 1773; x_wconf 87' lang='lat' dir='ltr'><strong>fortuna,</strong></span> <span class='ocrx_word' id='word_1_138' title='bbox 783 1704 1158 1784; x_wconf 88' lang='lat' dir='ltr'><strong>capiendum.</strong></span> <span class='ocrx_word' id='word_1_139' title='bbox 1220 1705 1325 1765; x_wconf 90' lang='lat' dir='ltr'><strong>sed</strong></span> <span class='ocrx_word' id='word_1_140' title='bbox 1355 1705 1374 1765; x_wconf 95' lang='lat' dir='ltr'><strong>i</strong></span> <span class='ocrx_word' id='word_1_141' title='bbox 1408 1706 1509 1782; x_wconf 90' lang='lat' dir='ltr'><strong>qui</strong></span> <span class='ocrx_word' id='word_1_142' title='bbox 1552 1712 1723 1766; x_wconf 85' lang='lat' dir='ltr'><strong>erant</strong></span> <span class='ocrx_word' id='word_1_143' title='bbox 1765 1723 1902 1766; x_wconf 90' lang='lat' dir='ltr'><strong>cum</strong></span> <span class='ocrx_word' id='word_1_144' title='bbox 1932 1703 2061 1766; x_wconf 84' lang='lat' dir='ltr'><strong>filio·</strong></span> <span class='ocrx_word' id='word_1_145' title='bbox 2084 1705 2204 1766; x_wconf 90' lang='lat' dir='ltr'><strong>Ma·</strong></span> <span class='ocrx_word' id='word_1_146' title='bbox 2242 1717 2276 1766; x_wconf 82' lang='lat'>2</span> 
     </span>
     <span class='ocr_line' id='line_1_19' title="bbox 267 1789 2209 1874; baseline 0.001 -26"><span class='ocrx_word' id='word_1_147' title='bbox 267 1790 473 1859; x_wconf 90' lang='lat' dir='ltr'><strong>criani,</strong></span> <span class='ocrx_word' id='word_1_148' title='bbox 507 1789 722 1860; x_wconf 81' lang='lat' dir='ltr'><strong>Quieto</strong></span> <span class='ocrx_word' id='word_1_149' title='bbox 745 1791 1005 1860; x_wconf 90' lang='lat' dir='ltr'><strong>nomine,</strong></span> <span class='ocrx_word' id='word_1_150' title='bbox 1029 1789 1747 1874; x_wconf 36' lang='lat' dir='ltr'><strong>consentientierdenato</strong></span> <span class='ocrx_word' id='word_1_151' title='bbox 1768 1797 2011 1852; x_wconf 88' lang='lat' dir='ltr'><strong>auctore</strong></span> <span class='ocrx_word' id='word_1_152' title='bbox 2033 1808 2209 1868; x_wconf 85' lang='lat' dir='ltr'><strong>prae-</strong></span> 
     </span>
     <span class='ocr_line' id='line_1_20' title="bbox 267 1874 2209 1954; baseline 0.001 -20"><span class='ocrx_word' id='word_1_153' title='bbox 267 1875 425 1935; x_wconf 86' lang='lat' dir='ltr'><strong>fecto</strong></span> <span class='ocrx_word' id='word_1_154' title='bbox 468 1875 750 1936; x_wconf 86' lang='lat' dir='ltr'><strong>Macriani</strong></span> <span class='ocrx_word' id='word_1_155' title='bbox 790 1874 1007 1936; x_wconf 86' lang='lat' dir='ltr'><strong>Balista</strong></span> <span class='ocrx_word' id='word_1_156' title='bbox 1051 1877 1335 1938; x_wconf 88' lang='lat' dir='ltr'><strong>iuuenem</strong></span> <span class='ocrx_word' id='word_1_157' title='bbox 1378 1875 1729 1937; x_wconf 89' lang='lat' dir='ltr'><strong>occiderunt</strong></span> <span class='ocrx_word' id='word_1_158' title='bbox 1764 1877 2065 1952; x_wconf 89' lang='lat' dir='ltr'><strong>missoque</strong></span> <span class='ocrx_word' id='word_1_159' title='bbox 2095 1893 2209 1954; x_wconf 88' lang='lat' dir='ltr'><strong>per</strong></span> 
     </span>
     <span class='ocr_line' id='line_1_21' title="bbox 187 1959 2204 2040; baseline 0.001 -24"><span class='ocrx_word' id='word_1_160' title='bbox 187 1973 241 2014; x_wconf 79' lang='lat'><strong>20</strong></span> <span class='ocrx_word' id='word_1_161' title='bbox 265 1978 506 2021; x_wconf 90' lang='lat' dir='ltr'><strong>murum</strong></span> <span class='ocrx_word' id='word_1_162' title='bbox 559 1978 814 2040; x_wconf 89' lang='lat' dir='ltr'><strong>corpore</strong></span> <span class='ocrx_word' id='word_1_163' title='bbox 867 1960 1134 2022; x_wconf 89' lang='lat' dir='ltr'><strong>Odenato</strong></span> <span class='ocrx_word' id='word_1_164' title='bbox 1177 1979 1242 2021; x_wconf 89' lang='lat' dir='ltr'><strong>se</strong></span> <span class='ocrx_word' id='word_1_165' title='bbox 1289 1977 1499 2021; x_wconf 89' lang='lat' dir='ltr'><strong>omnes</strong></span> <span class='ocrx_word' id='word_1_166' title='bbox 1552 1960 1775 2021; x_wconf 79' lang='lat' dir='ltr'><strong>affatim</strong></span> <span class='ocrx_word' id='word_1_167' title='bbox 1828 1959 2204 2022; x_wconf 88' lang='lat' dir='ltr'><strong>dediderunt.</strong></span> 
     </span>
     <span class='ocr_line' id='line_1_22' title="bbox 265 2045 2277 2125; baseline 0.003 -21"><span class='ocrx_word' id='word_1_168' title='bbox 265 2047 448 2107; x_wconf 90' lang='lat' dir='ltr'><strong>totius</strong></span> <span class='ocrx_word' id='word_1_169' title='bbox 478 2064 668 2125; x_wconf 90' lang='lat' dir='ltr'><strong>prope</strong></span> <span class='ocrx_word' id='word_1_170' title='bbox 696 2047 880 2123; x_wconf 84' lang='lat' dir='ltr'><strong>igitur</strong></span> <span class='ocrx_word' id='word_1_171' title='bbox 911 2047 1159 2106; x_wconf 88' lang='lat' dir='ltr'><strong>orientis</strong></span> <span class='ocrx_word' id='word_1_172' title='bbox 1189 2047 1379 2106; x_wconf 85' lang='lat' dir='ltr'><strong>factus</strong></span> <span class='ocrx_word' id='word_1_173' title='bbox 1411 2052 1501 2105; x_wconf 84' lang='lat' dir='ltr'><strong>est</strong></span> <span class='ocrx_word' id='word_1_174' title='bbox 1533 2045 1838 2108; x_wconf 83' lang='lat' dir='ltr'><strong>Odenatus</strong></span> <span class='ocrx_word' id='word_1_175' title='bbox 1857 2047 2203 2124; x_wconf 90' lang='lat' dir='ltr'><strong>imperator,</strong></span> <span class='ocrx_word' id='word_1_176' title='bbox 2242 2061 2277 2110; x_wconf 86' lang='lat'><strong>3</strong></span> 
     </span>
     <span class='ocr_line' id='line_1_23' title="bbox 267 2128 2279 2210; baseline 0.001 -19"><span class='ocrx_word' id='word_1_177' title='bbox 267 2149 404 2192; x_wconf 90' lang='lat' dir='ltr'><strong>cum</strong></span> <span class='ocrx_word' id='word_1_178' title='bbox 435 2128 734 2210; x_wconf 83' lang='lat' dir='ltr'><strong>Illyricum</strong></span> <span class='ocrx_word' id='word_1_179' title='bbox 767 2138 1000 2194; x_wconf 88' lang='lat' dir='ltr'><strong>teneret</strong></span> <span class='ocrx_word' id='word_1_180' title='bbox 1029 2129 1340 2200; x_wconf 85' lang='lat' dir='ltr'><strong>Aureolus,</strong></span> <span class='ocrx_word' id='word_1_181' title='bbox 1386 2129 1633 2192; x_wconf 89' lang='lat' dir='ltr'><strong>Romam</strong></span> <span class='ocrx_word' id='word_1_182' title='bbox 1666 2130 1987 2192; x_wconf 69' lang='lat' dir='ltr'><strong>Gallienus</strong></span> <span class='ocrx_word' id='word_1_183' title='bbox 2048 2129 2205 2190; x_wconf 90' lang='lat' dir='ltr'><strong>idem</strong></span> <span class='ocrx_word' id='word_1_184' title='bbox 2242 2146 2279 2194; x_wconf 80' lang='lat'>4</span> 
     </span>
     <span class='ocr_line' id='line_1_24' title="bbox 267 2214 2209 2294; baseline -0.002 -17"><span class='ocrx_word' id='word_1_185' title='bbox 267 2215 488 2278; x_wconf 89' lang='lat' dir='ltr'><strong>Balista</strong></span> <span class='ocrx_word' id='word_1_186' title='bbox 528 2215 746 2277; x_wconf 88' lang='lat' dir='ltr'><strong>multos</strong></span> <span class='ocrx_word' id='word_1_187' title='bbox 789 2216 1131 2285; x_wconf 79' lang='lat' dir='ltr'><strong>EmisenoS,</strong></span> <span class='ocrx_word' id='word_1_188' title='bbox 1189 2214 1263 2275; x_wconf 86' lang='lat' dir='ltr'><strong>ad</strong></span> <span class='ocrx_word' id='word_1_189' title='bbox 1308 2234 1457 2294; x_wconf 91' lang='lat' dir='ltr'><strong>quos</strong></span> <span class='ocrx_word' id='word_1_190' title='bbox 1503 2216 1893 2294; x_wconf 78' lang='lat' dir='ltr'><strong>confugerant</strong></span> <span class='ocrx_word' id='word_1_191' title='bbox 1922 2215 2209 2276; x_wconf 88' lang='lat' dir='ltr'><strong>Macriani</strong></span> 
     </span>
     <span class='ocr_line' id='line_1_25' title="bbox 267 2299 2209 2372; baseline -0.001 -10"><span class='ocrx_word' id='word_1_192' title='bbox 267 2300 507 2370; x_wconf 88' lang='lat' dir='ltr'><strong>milites,</strong></span> <span class='ocrx_word' id='word_1_193' title='bbox 542 2318 679 2363; x_wconf 89' lang='lat' dir='ltr'><strong>cum</strong></span> <span class='ocrx_word' id='word_1_194' title='bbox 710 2301 921 2372; x_wconf 89' lang='lat' dir='ltr'><strong>Quieto</strong></span> <span class='ocrx_word' id='word_1_195' title='bbox 953 2309 1011 2362; x_wconf 88' lang='lat' dir='ltr'><strong>et</strong></span> <span class='ocrx_word' id='word_1_196' title='bbox 1040 2299 1461 2362; x_wconf 87' lang='lat' dir='ltr'><strong>thesaurorum</strong></span> <span class='ocrx_word' id='word_1_197' title='bbox 1494 2299 1743 2361; x_wconf 90' lang='lat' dir='ltr'><strong>custode</strong></span> <span class='ocrx_word' id='word_1_198' title='bbox 1772 2301 2091 2370; x_wconf 81' lang='lat' dir='ltr'><strong>interfecit,</strong></span> <span class='ocrx_word' id='word_1_199' title='bbox 2124 2301 2209 2360; x_wconf 83' lang='lat' dir='ltr'><strong>ita</strong></span> 
     </span>
     <span class='ocr_line' id='line_1_26' title="bbox 187 2385 2281 2466; baseline 0.002 -26"><span class='ocrx_word' id='word_1_200' title='bbox 187 2399 244 2441; x_wconf 79' lang='lat'><strong>25</strong></span> <span class='ocrx_word' id='word_1_201' title='bbox 269 2395 333 2447; x_wconf 85' lang='lat' dir='ltr'><strong>ut</strong></span> <span class='ocrx_word' id='word_1_202' title='bbox 374 2387 582 2447; x_wconf 88' lang='lat' dir='ltr'><strong>ciuitas</strong></span> <span class='ocrx_word' id='word_1_203' title='bbox 624 2405 814 2466; x_wconf 90' lang='lat' dir='ltr'><strong>paene</strong></span> <span class='ocrx_word' id='word_1_204' title='bbox 855 2385 1176 2448; x_wconf 89' lang='lat' dir='ltr'><strong>deleretur.</strong></span> <span class='ocrx_word' id='word_1_205' title='bbox 1255 2385 1557 2447; x_wconf 84' lang='lat' dir='ltr'><strong>Odenatus</strong></span> <span class='ocrx_word' id='word_1_206' title='bbox 1597 2387 1756 2446; x_wconf 88' lang='lat' dir='ltr'><strong>inter</strong></span> <span class='ocrx_word' id='word_1_207' title='bbox 1799 2385 1976 2455; x_wconf 89' lang='lat' dir='ltr'><strong>haec,</strong></span> <span class='ocrx_word' id='word_1_208' title='bbox 2035 2386 2206 2462; x_wconf 85' lang='lat' dir='ltr'><strong>quasi</strong></span> <span class='ocrx_word' id='word_1_209' title='bbox 2245 2401 2281 2454; x_wconf 83' lang='lat'>5</span> 
     </span>
     <span class='ocr_line' id='line_1_27' title="bbox 237 2469 2208 2550; baseline -0.001 -18"><span class='ocrx_word' id='word_1_210' title='bbox 237 2469 518 2532; x_wconf 73' lang='lat' dir='ltr'><strong>oGallieni</strong></span> <span class='ocrx_word' id='word_1_211' title='bbox 548 2479 749 2549; x_wconf 87' lang='lat' dir='ltr'><strong>partes</strong></span> <span class='ocrx_word' id='word_1_212' title='bbox 779 2480 1011 2550; x_wconf 79' lang='lat' dir='ltr'><strong>ageret,</strong></span> <span class='ocrx_word' id='word_1_213' title='bbox 1059 2479 1271 2533; x_wconf 88' lang='lat' dir='ltr'><strong>cuncta</strong></span> <span class='ocrx_word' id='word_1_214' title='bbox 1314 2470 1508 2532; x_wconf 90' lang='lat' dir='ltr'><strong>eidem</strong></span> <span class='ocrx_word' id='word_1_215' title='bbox 1551 2473 1815 2532; x_wconf 86' lang='lat' dir='ltr'><strong>nuntiari</strong></span> <span class='ocrx_word' id='word_1_216' title='bbox 1846 2490 1921 2532; x_wconf 83' lang='lat' dir='ltr'><strong>ex</strong></span> <span class='ocrx_word' id='word_1_217' title='bbox 1952 2473 2208 2532; x_wconf 89' lang='lat' dir='ltr'><strong>ueritate</strong></span> 
     </span>
     <span class='ocr_line' id='line_1_28' title="bbox 270 2555 543 2618; baseline -0.007 0"><span class='ocrx_word' id='word_1_218' title='bbox 270 2555 543 2618; x_wconf 81' lang='lat' dir='ltr'><strong>faciebat.</strong></span> 
     </span>
     <span class='ocr_line' id='line_1_29' title="bbox 395 2638 2279 2720; baseline -0.002 -18"><span class='ocrx_word' id='word_1_219' title='bbox 395 2639 513 2702; x_wconf 89' lang='lat' dir='ltr'><strong>Sed</strong></span> <span class='ocrx_word' id='word_1_220' title='bbox 538 2639 840 2702; x_wconf 86' lang='lat' dir='ltr'><strong>Gallienus</strong></span> <span class='ocrx_word' id='word_1_221' title='bbox 871 2643 1108 2720; x_wconf 88' lang='lat' dir='ltr'><strong>cognito</strong></span> <span class='ocrx_word' id='word_1_222' title='bbox 1140 2641 1296 2719; x_wconf 87' lang='lat' dir='ltr'><strong>quod</strong></span> <span class='ocrx_word' id='word_1_223' title='bbox 1314 2641 1649 2704; x_wconf 86' lang='lat' dir='ltr'><strong>Macrianus</strong></span> <span class='ocrx_word' id='word_1_224' title='bbox 1678 2659 1815 2702; x_wconf 88' lang='lat' dir='ltr'><strong>cum</strong></span> <span class='ocrx_word' id='word_1_225' title='bbox 1846 2642 1969 2700; x_wconf 91' lang='lat' dir='ltr'><strong>suis</strong></span> <span class='ocrx_word' id='word_1_226' title='bbox 1999 2638 2207 2700; x_wconf 88' lang='lat' dir='ltr'><strong>liberis</strong></span> <span class='ocrx_word' id='word_1_227' title='bbox 2244 2662 2279 2711; x_wconf 80' lang='lat'><strong>6</strong></span> 
     </span>
     <span class='ocr_line' id='line_1_30' title="bbox 267 2727 2207 2806; baseline -0.001 -20"><span class='ocrx_word' id='word_1_228' title='bbox 267 2734 427 2788; x_wconf 88' lang='lat' dir='ltr'><strong>esset</strong></span> <span class='ocrx_word' id='word_1_229' title='bbox 459 2728 714 2797; x_wconf 85' lang='lat' dir='ltr'><strong>occisuS,</strong></span> <span class='ocrx_word' id='word_1_230' title='bbox 763 2729 934 2805; x_wconf 87' lang='lat' dir='ltr'><strong>quasi</strong></span> <span class='ocrx_word' id='word_1_231' title='bbox 977 2745 1226 2788; x_wconf 89' lang='lat' dir='ltr'><strong>securus</strong></span> <span class='ocrx_word' id='word_1_232' title='bbox 1256 2745 1459 2788; x_wconf 90' lang='lat' dir='ltr'><strong>rerum</strong></span> <span class='ocrx_word' id='word_1_233' title='bbox 1493 2745 1561 2786; x_wconf 87' lang='lat' dir='ltr'><strong>ac</strong></span> <span class='ocrx_word' id='word_1_234' title='bbox 1590 2734 1760 2806; x_wconf 88' lang='lat' dir='ltr'><strong>patre</strong></span> <span class='ocrx_word' id='word_1_235' title='bbox 1791 2727 1907 2786; x_wconf 87' lang='lat' dir='ltr'><strong>iam</strong></span> <span class='ocrx_word' id='word_1_236' title='bbox 1939 2731 2207 2804; x_wconf 85' lang='lat' dir='ltr'><strong>recepto,</strong></span> 
     </span>
    </p>
   </div>
   <div class='ocr_carea' id='block_1_3' title="bbox 267 2960 2217 3572">
    <p class='ocr_par' dir='ltr' id='par_1_3' title="bbox 267 2960 2217 3371">
     <span class='ocr_line' id='line_1_31' title="bbox 407 2960 2213 3029; baseline -0.003 -15"><span class='ocrx_word' id='word_1_237' title='bbox 407 2966 440 3014; x_wconf 85' lang='lat'><strong>3</strong></span> <span class='ocrx_word' id='word_1_238' title='bbox 475 2977 596 3012; x_wconf 88' lang='lat' dir='ltr'><strong>cum</strong></span> <span class='ocrx_word' id='word_1_239' title='bbox 619 2963 868 3029; x_wconf 83' lang='lat' dir='ltr'><strong>plurimis</strong></span> <span class='ocrx_word' id='word_1_240' title='bbox 891 2964 995 3014; x_wconf 90' lang='lat' dir='ltr'><strong>BP</strong></span> <span class='ocrx_word' id='word_1_241' title='bbox 1150 2965 1182 3014; x_wconf 84' lang='lat'>5</span> <span class='ocrx_word' id='word_1_242' title='bbox 1205 2962 1535 3013; x_wconf 84' lang='lat' dir='ltr'><strong>thessalatis</strong></span> <span class='ocrx_word' id='word_1_243' title='bbox 1558 2962 1661 3012; x_wconf 90' lang='lat' dir='ltr'><strong>BP</strong></span> <span class='ocrx_word' id='word_1_244' title='bbox 1816 2960 1955 3010; x_wconf 85' lang='lat' dir='ltr'><strong>haee</strong></span> <span class='ocrx_word' id='word_1_245' title='bbox 1978 2960 2213 3010; x_wconf 80' lang='lat' dir='ltr'><strong>macria.-</strong></span> 
     </span>
     <span class='ocr_line' id='line_1_32' title="bbox 269 3028 2214 3099; baseline -0.002 -18"><span class='ocrx_word' id='word_1_246' title='bbox 269 3047 375 3082; x_wconf 85' lang='lat' dir='ltr'><strong>nus</strong></span> <span class='ocrx_word' id='word_1_247' title='bbox 399 3031 568 3082; x_wconf 90' lang='lat' dir='ltr'><strong>BPM</strong></span> <span class='ocrx_word' id='word_1_248' title='bbox 610 3036 668 3082; x_wconf 85' lang='lat' dir='ltr'><strong>et</strong></span> <span class='ocrx_word' id='word_1_249' title='bbox 701 3035 871 3084; x_wconf 83' lang='lat' dir='ltr'><strong>Macr.</strong></span> <span class='ocrx_word' id='word_1_250' title='bbox 901 3033 1098 3098; x_wconf 61' lang='lat' dir='ltr'><strong>scripsi</strong></span> <span class='ocrx_word' id='word_1_251' title='bbox 1252 3028 1495 3096; x_wconf 83' lang='lat' dir='ltr'><strong>retento]</strong></span> <span class='ocrx_word' id='word_1_252' title='bbox 1532 3047 1600 3080; x_wconf 82' lang='lat' dir='ltr'><strong>an</strong></span> <span class='ocrx_word' id='word_1_253' title='bbox 1632 3029 1867 3080; x_wconf 81' lang='lat' dir='ltr'><strong>relicto?</strong></span> <span class='ocrx_word' id='word_1_254' title='bbox 2029 3029 2061 3077; x_wconf 82' lang='lat'>6</span> <span class='ocrx_word' id='word_1_255' title='bbox 2094 3032 2214 3099; x_wconf 77' lang='lat' dir='ltr'><strong>tarn</strong></span> 
     </span>
     <span class='ocr_line' id='line_1_33' title="bbox 267 3095 2213 3165; baseline -0.003 -15"><span class='ocrx_word' id='word_1_256' title='bbox 267 3099 376 3150; x_wconf 89' lang='lat' dir='ltr'><strong>BP</strong></span> <span class='ocrx_word' id='word_1_257' title='bbox 395 3104 582 3150; x_wconf 83' lang='lat' dir='ltr'><strong>tamen</strong></span> <span class='ocrx_word' id='word_1_258' title='bbox 606 3100 674 3151; x_wconf 92' lang='lat' dir='ltr'><strong>M</strong></span> <span class='ocrx_word' id='word_1_259' title='bbox 689 3102 802 3151; x_wconf 84' lang='lat' dir='ltr'><strong>iam</strong></span> <span class='ocrx_word' id='word_1_260' title='bbox 826 3101 868 3152; x_wconf 82' lang='lat' dir='ltr'><strong><em>S</em></strong></span> <span class='ocrx_word' id='word_1_261' title='bbox 1005 3099 1285 3165; x_wconf 81' lang='lat' dir='ltr'><strong>illyricum</strong></span> <span class='ocrx_word' id='word_1_262' title='bbox 1308 3099 1410 3149; x_wconf 92' lang='lat' dir='ltr'><strong>BP</strong></span> <span class='ocrx_word' id='word_1_263' title='bbox 1456 3097 1655 3149; x_wconf 90' lang='lat' dir='ltr'><strong>deinde</strong></span> <span class='ocrx_word' id='word_1_264' title='bbox 1680 3097 1962 3161; x_wconf 82' lang='lat' dir='ltr'><strong>Illyricum</strong></span> <span class='ocrx_word' id='word_1_265' title='bbox 1986 3097 2055 3146; x_wconf 92' lang='lat' dir='ltr'><strong>M</strong></span> <span class='ocrx_word' id='word_1_266' title='bbox 2078 3095 2213 3161; x_wconf 81' lang='lat' dir='ltr'><strong>Illy-</strong></span> 
     </span>
     <span class='ocr_line' id='line_1_34' title="bbox 271 3165 2212 3234; baseline -0.002 -17"><span class='ocrx_word' id='word_1_267' title='bbox 271 3169 553 3232; x_wconf 84' lang='lat' dir='ltr'><strong>ricumque</strong></span> <span class='ocrx_word' id='word_1_268' title='bbox 577 3173 769 3234; x_wconf 72' lang='lat' dir='ltr'><strong>scripsi</strong></span> <span class='ocrx_word' id='word_1_269' title='bbox 811 3187 878 3220; x_wconf 83' lang='lat' dir='ltr'><strong>an</strong></span> <span class='ocrx_word' id='word_1_270' title='bbox 901 3169 1186 3234; x_wconf 79' lang='lat' dir='ltr'><strong>Illyricum</strong></span> <span class='ocrx_word' id='word_1_271' title='bbox 1210 3169 1446 3234; x_wconf 79' lang='lat' dir='ltr'><strong>petens?</strong></span> <span class='ocrx_word' id='word_1_272' title='bbox 1562 3169 1591 3218; x_wconf 82' lang='lat'>7</span> <span class='ocrx_word' id='word_1_273' title='bbox 1615 3165 1852 3217; x_wconf 88' lang='lat' dir='ltr'><strong>Aureolo</strong></span> <span class='ocrx_word' id='word_1_274' title='bbox 1877 3165 2212 3230; x_wconf 82' lang='lat' dir='ltr'><strong>imperatore</strong></span> 
     </span>
     <span class='ocr_line' id='line_1_35' title="bbox 271 3232 2083 3288; baseline -0.002 -3"><span class='ocrx_word' id='word_1_275' title='bbox 271 3236 338 3285; x_wconf 91' lang='lat' dir='ltr'><strong>M</strong></span> <span class='ocrx_word' id='word_1_276' title='bbox 491 3237 524 3286; x_wconf 84' lang='lat'>8</span> <span class='ocrx_word' id='word_1_277' title='bbox 550 3235 858 3288; x_wconf 84' lang='lat' dir='ltr'><strong>domiciano</strong></span> <span class='ocrx_word' id='word_1_278' title='bbox 883 3237 1000 3288; x_wconf 93' lang='lat' dir='ltr'><strong>BM</strong></span> <span class='ocrx_word' id='word_1_279' title='bbox 1137 3237 1200 3287; x_wconf 86' lang='lat'><strong>10</strong></span> <span class='ocrx_word' id='word_1_280' title='bbox 1222 3237 1447 3286; x_wconf 87' lang='lat' dir='ltr'><strong>uinctus</strong></span> <span class='ocrx_word' id='word_1_281' title='bbox 1470 3235 1523 3284; x_wconf 88' lang='lat' dir='ltr'><em>B</em></span> <span class='ocrx_word' id='word_1_282' title='bbox 1684 3237 1745 3285; x_wconf 85' lang='lat'><strong>13</strong></span> <span class='ocrx_word' id='word_1_283' title='bbox 1770 3237 1890 3284; x_wconf 85' lang='lat' dir='ltr'><strong>toto</strong></span> <span class='ocrx_word' id='word_1_284' title='bbox 1912 3232 2083 3283; x_wconf 91' lang='lat' dir='ltr'><strong>BPM</strong></span> 
     </span>
     <span class='ocr_line' id='line_1_36' title="bbox 274 3299 2217 3371; baseline -0.002 -18"><span class='ocrx_word' id='word_1_285' title='bbox 274 3306 338 3353; x_wconf 87' lang='lat'><strong>15</strong></span> <span class='ocrx_word' id='word_1_286' title='bbox 361 3303 616 3368; x_wconf 82' lang='lat' dir='ltr'><strong>ingerere</strong></span> <span class='ocrx_word' id='word_1_287' title='bbox 641 3305 810 3356; x_wconf 91' lang='lat' dir='ltr'><strong>BPM</strong></span> <span class='ocrx_word' id='word_1_288' title='bbox 827 3321 942 3355; x_wconf 88' lang='lat' dir='ltr'><strong>rem</strong></span> <span class='ocrx_word' id='word_1_289' title='bbox 965 3320 1155 3371; x_wconf 83' lang='lat' dir='ltr'><strong>gerere</strong></span> <span class='ocrx_word' id='word_1_290' title='bbox 1181 3304 1222 3354; x_wconf 89' lang='lat' dir='ltr'><strong><em>S</em></strong></span> <span class='ocrx_word' id='word_1_291' title='bbox 1360 3305 1424 3353; x_wconf 84' lang='lat'><strong>16</strong></span> <span class='ocrx_word' id='word_1_292' title='bbox 1450 3304 1729 3353; x_wconf 82' lang='lat' dir='ltr'><strong>exercitus</strong></span> <span class='ocrx_word' id='word_1_293' title='bbox 1752 3302 1857 3351; x_wconf 85' lang='lat' dir='ltr'><strong>hoc</strong></span> <span class='ocrx_word' id='word_1_294' title='bbox 1878 3301 2047 3351; x_wconf 90' lang='lat' dir='ltr'><strong>BPM</strong></span> <span class='ocrx_word' id='word_1_295' title='bbox 2066 3299 2217 3351; x_wconf 80' lang='lat' dir='ltr'><strong>em.G</strong></span> 
     </span>
    </p>

    <p class='ocr_par' dir='ltr' id='par_1_4' title="bbox 409 3368 2211 3437">
     <span class='ocr_line' id='line_1_37' title="bbox 409 3368 2211 3437; baseline -0.002 -17"><span class='ocrx_word' id='word_1_296' title='bbox 409 3373 473 3421; x_wconf 81' lang='lat'><strong>17</strong></span> <span class='ocrx_word' id='word_1_297' title='bbox 498 3371 557 3420; x_wconf 88' lang='lat' dir='ltr'><strong>hi</strong></span> <span class='ocrx_word' id='word_1_298' title='bbox 578 3372 742 3423; x_wconf 89' lang='lat' dir='ltr'><strong>BPM</strong></span> <span class='ocrx_word' id='word_1_299' title='bbox 848 3376 911 3424; x_wconf 85' lang='lat'><strong>19</strong></span> <span class='ocrx_word' id='word_1_300' title='bbox 935 3372 1168 3423; x_wconf 80' lang='lat' dir='ltr'><strong>macrini</strong></span> <span class='ocrx_word' id='word_1_301' title='bbox 1190 3369 1269 3423; x_wconf 88' lang='lat' dir='ltr'><strong>P¹</strong></span> <span class='ocrx_word' id='word_1_302' title='bbox 1383 3374 1451 3422; x_wconf 82' lang='lat'><strong>20</strong></span> <span class='ocrx_word' id='word_1_303' title='bbox 1474 3369 1708 3437; x_wconf 80' lang='lat' dir='ltr'><strong>affatim]</strong></span> <span class='ocrx_word' id='word_1_304' title='bbox 1738 3370 1930 3420; x_wconf 82' lang='lat' dir='ltr'><strong>statim</strong></span> <span class='ocrx_word' id='word_1_305' title='bbox 1953 3368 2211 3434; x_wconf 69' lang='lat' dir='ltr'><strong>Eyssenh-</strong></span> 
     </span>
    </p>

    <p class='ocr_par' dir='ltr' id='par_1_5' title="bbox 271 3437 2083 3572">
     <span class='ocr_line' id='line_1_38' title="bbox 407 3437 2083 3507; baseline -0.001 -20"><span class='ocrx_word' id='word_1_306' title='bbox 407 3441 474 3488; x_wconf 78' lang='lat'><strong>22</strong></span> <span class='ocrx_word' id='word_1_307' title='bbox 497 3438 665 3507; x_wconf 90' lang='lat' dir='ltr'><strong>idem]</strong></span> <span class='ocrx_word' id='word_1_308' title='bbox 694 3441 754 3490; x_wconf 87' lang='lat' dir='ltr'><strong>id</strong></span> <span class='ocrx_word' id='word_1_309' title='bbox 778 3445 864 3490; x_wconf 86' lang='lat' dir='ltr'><strong>est</strong></span> <span class='ocrx_word' id='word_1_310' title='bbox 888 3441 1051 3492; x_wconf 91' lang='lat' dir='ltr'><strong>BPM</strong></span> <span class='ocrx_word' id='word_1_311' title='bbox 1186 3443 1254 3491; x_wconf 86' lang='lat'><strong>23</strong></span> <span class='ocrx_word' id='word_1_312' title='bbox 1280 3441 1581 3490; x_wconf 84' lang='lat' dir='ltr'><strong>emissenos</strong></span> <span class='ocrx_word' id='word_1_313' title='bbox 1606 3439 1658 3488; x_wconf 93' lang='lat' dir='ltr'><em>B</em></span> <span class='ocrx_word' id='word_1_314' title='bbox 1681 3439 1991 3489; x_wconf 82' lang='lat' dir='ltr'><strong>emisoenos</strong></span> <span class='ocrx_word' id='word_1_315' title='bbox 2014 3437 2083 3486; x_wconf 91' lang='lat' dir='ltr'><strong>M</strong></span> 
     </span>
     <span class='ocr_line' id='line_1_39' title="bbox 271 3506 1463 3572; baseline 0.001 -15"><span class='ocrx_word' id='word_1_316' title='bbox 271 3506 639 3572; x_wconf 83' lang='lat' dir='ltr'><strong>confugerent</strong></span> <span class='ocrx_word' id='word_1_317' title='bbox 661 3509 830 3560; x_wconf 92' lang='lat' dir='ltr'><strong>BPM</strong></span> <span class='ocrx_word' id='word_1_318' title='bbox 895 3519 900 3529; x_wconf 83' lang='lat'><strong><em>¹</em></strong></span> <span class='ocrx_word' id='word_1_319' title='bbox 960 3512 1027 3560; x_wconf 84' lang='lat'><strong>24</strong></span> <span class='ocrx_word' id='word_1_320' title='bbox 1053 3509 1338 3559; x_wconf 86' lang='lat' dir='ltr'><strong>custodem</strong></span> <span class='ocrx_word' id='word_1_321' title='bbox 1362 3508 1463 3567; x_wconf 89' lang='lat' dir='ltr'><strong>BP</strong></span> 
     </span>
    </p>
   </div>
  </div>
 </body>
</html>
