2517 3884
390 996 1084 1096 OPILIVs
1186 994 2028 1145 MACRINVs

757 1199 980 1274 IVLI
1059 1198 1669 1274 CAPITOLINI

373 1476 544 1536 Vitae
574 1473 813 1534 illorum
847 1474 1194 1553 principum
1227 1492 1335 1534 seu
1364 1480 1759 1555 tyrannorum
1801 1473 1929 1533 siue
1972 1472 2184 1533 Caesa·
2225 1470 2261 1533 1

235 1580 381 1621 rum
414 1562 518 1637 qui
551 1578 668 1619 non
701 1559 803 1620 sliu
833 1560 1288 1636 imperauerunt
1328 1560 1391 1619 in
1421 1558 1680 1619 obscuro
1712 1558 1928 1626 latent,
1962 1556 2188 1619 idcirco

177 1666 214 1706 5
246 1645 413 1724 quod
445 1648 642 1721 neque
685 1644 758 1704 de
789 1646 1025 1723 priuata
1069 1662 1276 1704 eorum
1318 1645 1441 1705 uita
1486 1644 1665 1721 digna
1707 1649 1848 1703 sunt
1897 1646 2051 1718 quae
2095 1643 2184 1705 di-

239 1738 485 1797 cantur,
533 1747 670 1789 cum
702 1730 945 1789 omnino
977 1747 1054 1788 ne
1098 1730 1397 1789 scirentur
1430 1728 1669 1805 quidem
1691 1774 1705 1799 ,
1740 1728 1855 1787 nisi
1886 1727 2186 1805 adspiras-

241 1823 382 1876 sent
411 1814 484 1875 ad
515 1816 865 1893 imperium,
914 1820 972 1873 et
1016 1813 1088 1872 de
1127 1815 1411 1891 imperio,
1462 1812 1622 1890 quod
1662 1830 1785 1873 non
1829 1811 1929 1871 diu
1971 1819 2184 1873 tenue-

241 1907 408 1967 runt,
441 1917 562 1958 non
593 1898 777 1959 multa
807 1897 925 1958 dici
952 1905 1237 1975 possunt:
1290 1916 1400 1957 nos
1442 1904 1642 1957 tamen
1687 1915 1758 1958 ex
1791 1896 2051 1958 diuersis
2093 1896 2184 1957 hi—

245 1984 484 2045 storicis
527 1989 690 2042 eruta
734 1984 798 2042 in
839 1981 1035 2042 lucem
1082 1982 1485 2061 proferemuS,
1533 1990 1592 2041 et
1634 2000 1703 2043 ea
1744 1982 1983 2057 quidem
2029 1998 2183 2057 quae

163 2089 216 2127 ιο
246 2075 584 2129 memoratu
614 2067 792 2143 digna
824 2074 1020 2126 erunt.
1095 2085 1214 2126 non
1258 2068 1415 2126 enim
1461 2073 1553 2126 est
1597 2068 1913 2144 quisquam
1952 2068 2015 2125 in
2060 2068 2183 2127 uita
2222 2076 2254 2121 2

244 2156 354 2229 qui
377 2170 500 2212 non
533 2150 605 2211 ad
637 2152 794 2211 diem
827 2151 1245 2230 quodcumque
1276 2152 1503 2211 fecerit.
1573 2151 1677 2210 sed
1723 2154 1849 2210 eius
1896 2152 1999 2227 qui
2030 2152 2185 2210 uitas

245 2237 503 2298 aliorum
558 2236 824 2297 scribere
879 2235 1112 2295 orditur
1164 2236 1426 2295 officium
1476 2242 1566 2293 est
1617 2235 1793 2311 digna
1845 2235 2185 2313 cognitione

246 2320 648 2401 perscribere.
713 2328 772 2380 et
801 2320 972 2381 Iunio
1018 2320 1256 2397 quidem
1291 2320 1485 2381 Cordo
1528 2319 1791 2380 studium
1832 2321 1942 2380 fuit
1973 2338 2184 2380 eorum
2224 2330 2257 2377 3

245 2409 678 2487 imperatorum
719 2407 874 2465 uitas
915 2405 1094 2465 edere
1137 2423 1287 2482 quos
1332 2405 1715 2465 obscuriores
1756 2404 2029 2473 uidebat;
2082 2406 2185 2481 qui

169 2514 221 2553 15
247 2510 369 2552 non
399 2490 655 2551 multum
683 2491 958 2568 profecit.
1019 2510 1160 2551 nam
1203 2499 1263 2550 et
1302 2508 1489 2569 pauca
1529 2492 1796 2569 repperit
1840 2498 1899 2551 et
1939 2490 2182 2567 indigna
2220 2500 2255 2547 4

249 2583 606 2645 memoratu,
642 2574 946 2644 adserens,
984 2594 1048 2635 se
1079 2576 1323 2635 minima
1358 2592 1627 2654 quaeque
1651 2582 2181 2655 persequuturum,

251 2662 417 2740 quasi
456 2660 554 2721 uel
595 2660 670 2721 de
711 2661 968 2721 Traiano
1024 2667 1123 2721 aut
1175 2660 1281 2721 Pio
1336 2665 1435 2721 aut
1479 2660 1676 2721 Marco
1722 2660 2035 2720 sciendum
2086 2661 2181 2729 sit,

253 2747 529 2825 quotiens
571 2747 966 2824 processerit,
1013 2744 1250 2821 quando
1297 2744 1461 2805 cibos
1507 2745 1825 2805 uariauerit
1856 2751 1916 2804 et
1946 2743 2187 2821 quando

253 2838 486 2892 uestem
516 2832 836 2891 mutauerit
877 2838 935 2890 et
979 2848 1126 2908 quos
1158 2830 1395 2909 quando
1439 2830 1827 2908 promouerit.
1892 2845 2044 2905 quae
2084 2827 2187 2887 ille
2226 2838 2261 2886 5

179 2936 233 2975 20
259 2918 453 2976 omnia
486 2914 864 2991 exsequendo
896 2913 1082 2975 libros
1124 2914 1514 2993 mythistoriis
1554 2913 1813 2992 repleuit
1852 2912 1992 2973 talia
2037 2913 2187 2972 scri-

257 3000 481 3069 bendo,
529 3018 665 3059 cum
711 3002 953 3059 omnino
997 3017 1205 3060 rerum
1255 2999 1485 3076 uilium·
1512 3006 1612 3059 aut
1658 2997 1821 3058 nulla
1867 2996 2185 3058 scribenda

255 3087 372 3147 sint
401 3092 504 3146 aut
536 3086 716 3145 nimis
744 3103 950 3163 pauca,
987 3086 1036 3145 si
1071 3091 1268 3145 tamen
1301 3103 1373 3144 ex
1399 3083 1495 3144 his
1517 3101 1717 3143 mores
1742 3084 1973 3163 possint
1995 3084 2184 3142 anim-

358 3308 384 3354 1
418 3304 619 3369 incipit
655 3305 857 3369 opilius
881 3306 1158 3354 macrinus
1191 3304 1294 3353 iuli
1329 3302 1621 3368 capitolini
1646 3304 1891 3354 feliciter
1915 3302 2017 3353 BP
2064 3303 2200 3367 Opi-

255 3371 362 3423 lius
402 3374 688 3423 Macrinus
723 3372 852 3422 Iulii
896 3372 1164 3437 Capitolii
1197 3373 1265 3424 M
1422 3374 1453 3421 8
1488 3370 1738 3422 historiis
1771 3374 1838 3423 M
1995 3372 2057 3419 11
2103 3370 2204 3433 qui

260 3456 354 3557 3:3⁰1
377 3441 485 3558 3¹1²
643 3442 726 3490 eis
759 3440 862 3490 BP
894 3448 930 3494 t.
967 3440 1017 3491 1.
1183 3442 1247 3489 14
1278 3441 1666 3505 imperatorem
1699 3438 1776 3491 P¹
1940 3440 2003 3488 16
2038 3436 2201 3487 adse-
