<?xml version="1.0" encoding="UTF-8"?>
<!DOCTYPE html PUBLIC "-//W3C//DTD XHTML 1.0 Transitional//EN"
    "http://www.w3.org/TR/xhtml1/DTD/xhtml1-transitional.dtd">
<html xmlns="http://www.w3.org/1999/xhtml" xml:lang="en" lang="en">
 <head>
  <title>
</title>
<meta http-equiv="Content-Type" content="text/html;charset=utf-8" />
  <meta name='ocr-system' content='tesseract 3.04.00' />
  <meta name='ocr-capabilities' content='ocr_page ocr_carea ocr_par ocr_line ocrx_word'/>
</head>
<body>
  <div class='ocr_page' id='page_1' title='image "./scriptoreshisto02petegoog_0526.png"; bbox 0 0 2517 3884; ppageno 0'>
   <div class='ocr_carea' id='block_1_1' title="bbox 743 180 2095 258">
    <p class='ocr_par' dir='ltr' id='par_1_1' title="bbox 743 180 2095 258">
     <span class='ocr_line' id='line_1_1' title="bbox 743 180 2095 258; baseline 0.005 -18"><span class='ocrx_word' id='word_1_1' title='bbox 743 180 1104 240; x_wconf 78' lang='lat' dir='ltr'>PROCVLVS.</span> <span class='ocrx_word' id='word_1_2' title='bbox 1195 183 1252 240; x_wconf 77' lang='lat' dir='ltr'><strong>c,</strong></span> <span class='ocrx_word' id='word_1_3' title='bbox 1300 187 1547 239; x_wconf 64' lang='lat' dir='ltr'><strong>23-12.v</strong></span> <span class='ocrx_word' id='word_1_4' title='bbox 1814 255 1817 258; x_wconf 45' lang='grc'><strong>,</strong></span> <span class='ocrx_word' id='word_1_5' title='bbox 1970 180 2095 246; x_wconf 82' lang='grc'><strong>211</strong></span> 
     </span>
    </p>
   </div>
   <div class='ocr_carea' id='block_1_2' title="bbox 86 349 2199 1365">
    <p class='ocr_par' dir='ltr' id='par_1_2' title="bbox 163 349 2170 685">
     <span class='ocr_line' id='line_1_2' title="bbox 169 349 2097 427; baseline 0 -15"><span class='ocrx_word' id='word_1_6' title='bbox 169 352 498 427; x_wconf 79' lang='lat' dir='ltr'><strong>cessitatem</strong></span> <span class='ocrx_word' id='word_1_7' title='bbox 555 351 764 410; x_wconf 86' lang='lat' dir='ltr'><strong>mortis</strong></span> <span class='ocrx_word' id='word_1_8' title='bbox 811 367 909 410; x_wconf 89' lang='lat' dir='ltr'><strong>me</strong></span> <span class='ocrx_word' id='word_1_9' title='bbox 960 349 1213 410; x_wconf 71' lang='lat' dir='ltr'><strong>trahitis</strong></span> <span class='ocrx_word' id='word_1_10' title='bbox 1288 349 1481 412; x_wconf 88' lang='lat' dir='ltr'><strong>habeo</strong></span> <span class='ocrx_word' id='word_1_11' title='bbox 1535 351 1805 413; x_wconf 88' lang='lat' dir='ltr'><strong>solatium</strong></span> <span class='ocrx_word' id='word_1_12' title='bbox 1848 357 2097 423; x_wconf 87' lang='lat' dir='ltr'><strong>mortis:</strong></span> 
     </span>
     <span class='ocr_line' id='line_1_3' title="bbox 167 431 2170 518; baseline 0 -21"><span class='ocrx_word' id='word_1_13' title='bbox 167 436 326 497; x_wconf 89' lang='lat' dir='ltr'><strong>solus</strong></span> <span class='ocrx_word' id='word_1_14' title='bbox 354 433 558 516; x_wconf 80' lang='lat' dir='ltr'><strong>perire</strong></span> <span class='ocrx_word' id='word_1_15' title='bbox 589 453 710 496; x_wconf 87' lang='lat' dir='ltr'><strong>non</strong></span> <span class='ocrx_word' id='word_1_16' title='bbox 741 443 1018 514; x_wconf 88' lang='lat' dir='ltr'><strong>potero.“</strong></span> <span class='ocrx_word' id='word_1_17' title='bbox 1048 431 1285 496; x_wconf 84' lang='lat' dir='ltr'><strong>Marcus</strong></span> <span class='ocrx_word' id='word_1_18' title='bbox 1316 435 1691 498; x_wconf 82' lang='lat' dir='ltr'><strong>Saluidienus</strong></span> <span class='ocrx_word' id='word_1_19' title='bbox 1720 437 1873 500; x_wconf 86' lang='lat' dir='ltr'><strong>hanc</strong></span> <span class='ocrx_word' id='word_1_20' title='bbox 1913 440 2099 518; x_wconf 82' lang='lat' dir='ltr'><strong>ipsius</strong></span> <span class='ocrx_word' id='word_1_21' title='bbox 2134 447 2170 497; x_wconf 85' lang='lat'>4</span> 
     </span>
     <span class='ocr_line' id='line_1_4' title="bbox 163 519 2099 602; baseline 0.002 -20"><span class='ocrx_word' id='word_1_22' title='bbox 163 521 490 600; x_wconf 70' lang='lat' dir='ltr'><strong>orationem</strong></span> <span class='ocrx_word' id='word_1_23' title='bbox 522 537 670 581; x_wconf 89' lang='lat' dir='ltr'><strong>uere</strong></span> <span class='ocrx_word' id='word_1_24' title='bbox 697 521 884 581; x_wconf 87' lang='lat' dir='ltr'><strong>fuisse</strong></span> <span class='ocrx_word' id='word_1_25' title='bbox 915 519 1073 590; x_wconf 85' lang='lat' dir='ltr'><strong>dicit,</strong></span> <span class='ocrx_word' id='word_1_26' title='bbox 1111 529 1174 596; x_wconf 56' lang='lat' dir='ltr'><strong>et⁴</strong></span> <span class='ocrx_word' id='word_1_27' title='bbox 1195 521 1314 584; x_wconf 85' lang='lat' dir='ltr'><strong>fuit</strong></span> <span class='ocrx_word' id='word_1_28' title='bbox 1339 539 1407 582; x_wconf 83' lang='lat' dir='ltr'><strong>re</strong></span> <span class='ocrx_word' id='word_1_29' title='bbox 1436 539 1580 592; x_wconf 88' lang='lat' dir='ltr'><strong>uera</strong></span> <span class='ocrx_word' id='word_1_30' title='bbox 1610 539 1733 584; x_wconf 83' lang='lat' dir='ltr'><strong>non</strong></span> <span class='ocrx_word' id='word_1_31' title='bbox 1758 533 1973 602; x_wconf 82' lang='lat' dir='ltr'><strong>parum</strong></span> <span class='ocrx_word' id='word_1_32' title='bbox 2002 525 2099 586; x_wconf 90' lang='lat' dir='ltr'><strong>lit·</strong></span> 
     </span>
     <span class='ocr_line' id='line_1_5' title="bbox 164 604 2097 685; baseline 0.002 -18"><span class='ocrx_word' id='word_1_33' title='bbox 164 612 412 667; x_wconf 67' lang='lat' dir='ltr'><strong>tei-atus.</strong></span> <span class='ocrx_word' id='word_1_34' title='bbox 457 623 596 666; x_wconf 91' lang='lat' dir='ltr'><strong>nam</strong></span> <span class='ocrx_word' id='word_1_35' title='bbox 629 613 687 665; x_wconf 91' lang='lat' dir='ltr'><strong>et</strong></span> <span class='ocrx_word' id='word_1_36' title='bbox 713 606 780 666; x_wconf 85' lang='lat' dir='ltr'><strong>in</strong></span> <span class='ocrx_word' id='word_1_37' title='bbox 807 605 1016 668; x_wconf 79' lang='lat' dir='ltr'><strong>Africa</strong></span> <span class='ocrx_word' id='word_1_38' title='bbox 1035 604 1374 668; x_wconf 79' lang='lat' dir='ltr'><strong>rhetoricae</strong></span> <span class='ocrx_word' id='word_1_39' title='bbox 1405 625 1652 685; x_wconf 87' lang='lat' dir='ltr'><strong>operam</strong></span> <span class='ocrx_word' id='word_1_40' title='bbox 1682 607 1948 680; x_wconf 75' lang='lat' dir='ltr'><strong>dederat,</strong></span> <span class='ocrx_word' id='word_1_41' title='bbox 1976 609 2097 670; x_wconf 85' lang='lat' dir='ltr'><strong>Ro-</strong></span> 
     </span>
    </p>

    <p class='ocr_par' dir='ltr' id='par_1_3' title="bbox 113 691 1553 770">
     <span class='ocr_line' id='line_1_6' title="bbox 113 691 1553 770; baseline 0.001 -19"><span class='ocrx_word' id='word_1_42' title='bbox 113 711 140 751; x_wconf 90' lang='lat'><strong>5</strong></span> <span class='ocrx_word' id='word_1_43' title='bbox 162 709 291 752; x_wconf 88' lang='lat' dir='ltr'><strong>mae</strong></span> <span class='ocrx_word' id='word_1_44' title='bbox 322 691 808 768; x_wconf 82' lang='lat' dir='ltr'><strong>frequentauerat</strong></span> <span class='ocrx_word' id='word_1_45' title='bbox 834 691 1118 770; x_wconf 80' lang='lat' dir='ltr'><strong>pergulas</strong></span> <span class='ocrx_word' id='word_1_46' title='bbox 1156 691 1553 770; x_wconf 84' lang='lat' dir='ltr'><strong>magistrales.</strong></span> 
     </span>
    </p>

    <p class='ocr_par' dir='ltr' id='par_1_4' title="bbox 163 775 2199 1110">
     <span class='ocr_line' id='line_1_7' title="bbox 289 775 2199 860; baseline 0.002 -24"><span class='ocrx_word' id='word_1_47' title='bbox 289 775 366 836; x_wconf 87' lang='lat' dir='ltr'><strong>Et</strong></span> <span class='ocrx_word' id='word_1_48' title='bbox 393 793 470 836; x_wconf 85' lang='lat' dir='ltr'><strong>ne</strong></span> <span class='ocrx_word' id='word_1_49' title='bbox 499 775 737 852; x_wconf 79' lang='lat' dir='ltr'><strong>longius</strong></span> <span class='ocrx_word' id='word_1_50' title='bbox 767 776 1142 854; x_wconf 86' lang='lat' dir='ltr'><strong>progrediar,</strong></span> <span class='ocrx_word' id='word_1_51' title='bbox 1175 775 1495 837; x_wconf 84' lang='lat' dir='ltr'><strong>dicendum</strong></span> <span class='ocrx_word' id='word_1_52' title='bbox 1532 783 1638 848; x_wconf 79' lang='lat' dir='ltr'><strong>est,</strong></span> <span class='ocrx_word' id='word_1_53' title='bbox 1672 778 1833 858; x_wconf 91' lang='lat' dir='ltr'><strong>quod</strong></span> <span class='ocrx_word' id='word_1_54' title='bbox 1862 781 2091 860; x_wconf 81' lang='lat' dir='ltr'><strong>praeci·</strong></span> <span class='ocrx_word' id='word_1_55' title='bbox 2120 775 2199 840; x_wconf 92' lang='lat'><strong>11</strong></span> 
     </span>
     <span class='ocr_line' id='line_1_8' title="bbox 163 850 2100 944; baseline 0.003 -23"><span class='ocrx_word' id='word_1_56' title='bbox 163 879 281 940; x_wconf 90' lang='lat' dir='ltr'><strong>pue</strong></span> <span class='ocrx_word' id='word_1_57' title='bbox 323 860 398 921; x_wconf 84' lang='lat' dir='ltr'><strong>ad</strong></span> <span class='ocrx_word' id='word_1_58' title='bbox 442 859 604 921; x_wconf 86' lang='lat' dir='ltr'><strong>hunc</strong></span> <span class='ocrx_word' id='word_1_59' title='bbox 644 861 921 939; x_wconf 83' lang='lat' dir='ltr'><strong>pertinet,</strong></span> <span class='ocrx_word' id='word_1_60' title='bbox 980 878 1190 944; x_wconf 91' lang='lat' dir='ltr'><strong>errare</strong></span> <span class='ocrx_word' id='word_1_61' title='bbox 1231 850 1519 939; x_wconf 87' lang='lat' dir='ltr'><strong>quosdam</strong></span> <span class='ocrx_word' id='word_1_62' title='bbox 1552 869 1612 923; x_wconf 88' lang='lat' dir='ltr'><strong>et</strong></span> <span class='ocrx_word' id='word_1_63' title='bbox 1645 871 1877 942; x_wconf 85' lang='lat' dir='ltr'><strong>putare,</strong></span> <span class='ocrx_word' id='word_1_64' title='bbox 1938 864 2100 926; x_wconf 84' lang='lat' dir='ltr'><strong>hunc</strong></span> 
     </span>
     <span class='ocr_line' id='line_1_9' title="bbox 168 921 2099 1026; baseline 0.003 -21"><span class='ocrx_word' id='word_1_65' title='bbox 168 963 296 1006; x_wconf 91' lang='lat' dir='ltr'><strong>esse</strong></span> <span class='ocrx_word' id='word_1_66' title='bbox 329 945 716 1006; x_wconf 84' lang='lat' dir='ltr'><strong>Saturninum</strong></span> <span class='ocrx_word' id='word_1_67' title='bbox 745 947 851 1024; x_wconf 84' lang='lat' dir='ltr'><strong>qui</strong></span> <span class='ocrx_word' id='word_1_68' title='bbox 882 921 1137 1008; x_wconf 83' lang='lat' dir='ltr'><strong>Gallieni</strong></span> <span class='ocrx_word' id='word_1_69' title='bbox 1169 945 1589 1026; x_wconf 85' lang='lat' dir='ltr'><strong>temporibus</strong></span> <span class='ocrx_word' id='word_1_70' title='bbox 1572 950 1891 1026; x_wconf 75' lang='lat' dir='ltr'><strong>imperium</strong></span> <span class='ocrx_word' id='word_1_71' title='bbox 1922 967 2099 1010; x_wconf 85' lang='lat' dir='ltr'><strong>oceu-</strong></span> 
     </span>
     <span class='ocr_line' id='line_1_10' title="bbox 165 1029 2101 1110; baseline 0.002 -20"><span class='ocrx_word' id='word_1_72' title='bbox 165 1031 348 1109; x_wconf 87' lang='lat' dir='ltr'><strong>pauit‚</strong></span> <span class='ocrx_word' id='word_1_73' title='bbox 393 1049 530 1092; x_wconf 86' lang='lat' dir='ltr'><strong>cum</strong></span> <span class='ocrx_word' id='word_1_74' title='bbox 569 1032 620 1090; x_wconf 88' lang='lat' dir='ltr'><strong>is</strong></span> <span class='ocrx_word' id='word_1_75' title='bbox 663 1029 839 1108; x_wconf 84' lang='lat' dir='ltr'><strong>longe</strong></span> <span class='ocrx_word' id='word_1_76' title='bbox 883 1029 1030 1092; x_wconf 85' lang='lat' dir='ltr'><strong>alius</strong></span> <span class='ocrx_word' id='word_1_77' title='bbox 1071 1033 1148 1091; x_wconf 87' lang='lat' dir='ltr'><strong>sit</strong></span> <span class='ocrx_word' id='word_1_78' title='bbox 1193 1039 1250 1092; x_wconf 89' lang='lat' dir='ltr'><strong>et</strong></span> <span class='ocrx_word' id='word_1_79' title='bbox 1290 1031 1489 1093; x_wconf 85' lang='lat' dir='ltr'><strong>Probo</strong></span> <span class='ocrx_word' id='word_1_80' title='bbox 1529 1049 1720 1110; x_wconf 85' lang='lat' dir='ltr'><strong>paene</strong></span> <span class='ocrx_word' id='word_1_81' title='bbox 1750 1031 1992 1094; x_wconf 88' lang='lat' dir='ltr'><strong>nolente</strong></span> <span class='ocrx_word' id='word_1_82' title='bbox 2025 1035 2101 1094; x_wconf 91' lang='lat' dir='ltr'><strong>sit</strong></span> 
     </span>
    </p>

    <p class='ocr_par' dir='ltr' id='par_1_5' title="bbox 86 1115 2167 1365">
     <span class='ocr_line' id='line_1_11' title="bbox 86 1115 2165 1183; baseline 0.001 -9"><span class='ocrx_word' id='word_1_83' title='bbox 86 1134 140 1174; x_wconf 75' lang='grc' dir='ltr'><strong>ιο</strong></span> <span class='ocrx_word' id='word_1_84' title='bbox 168 1116 418 1176; x_wconf 64' lang='lat' dir='ltr'><strong>occisus</strong></span> <span class='ocrx_word' id='word_1_85' title='bbox 480 1116 676 1183; x_wconf 78' lang='lat' dir='ltr'><strong>fertur</strong></span> <span class='ocrx_word' id='word_1_86' title='bbox 703 1123 906 1176; x_wconf 86' lang='lat' dir='ltr'><strong>autem</strong></span> <span class='ocrx_word' id='word_1_87' title='bbox 934 1115 1168 1177; x_wconf 81' lang='lat' dir='ltr'><strong>Probus</strong></span> <span class='ocrx_word' id='word_1_88' title='bbox 1202 1123 1263 1176; x_wconf 86' lang='lat' dir='ltr'><strong>et</strong></span> <span class='ocrx_word' id='word_1_89' title='bbox 1302 1116 1631 1178; x_wconf 88' lang='lat' dir='ltr'><strong>clementes</strong></span> <span class='ocrx_word' id='word_1_90' title='bbox 1660 1117 1733 1179; x_wconf 90' lang='lat' dir='ltr'><strong>ad</strong></span> <span class='ocrx_word' id='word_1_91' title='bbox 1770 1135 1907 1178; x_wconf 86' lang='lat' dir='ltr'><strong>eum</strong></span> <span class='ocrx_word' id='word_1_92' title='bbox 1936 1117 2093 1178; x_wconf 80' lang='lat' dir='ltr'><strong>litte-</strong></span> <span class='ocrx_word' id='word_1_93' title='bbox 2134 1129 2165 1176; x_wconf 89' lang='grc'><strong>2</strong></span> 
     </span>
     <span class='ocr_line' id='line_1_12' title="bbox 163 1201 2097 1280; baseline 0.002 -21"><span class='ocrx_word' id='word_1_94' title='bbox 163 1217 264 1259; x_wconf 91' lang='lat' dir='ltr'><strong>ras</strong></span> <span class='ocrx_word' id='word_1_95' title='bbox 293 1217 473 1279; x_wconf 87' lang='lat' dir='ltr'><strong>saepe</strong></span> <span class='ocrx_word' id='word_1_96' title='bbox 501 1201 736 1260; x_wconf 87' lang='lat' dir='ltr'><strong>misisse</strong></span> <span class='ocrx_word' id='word_1_97' title='bbox 768 1207 828 1260; x_wconf 88' lang='lat' dir='ltr'><strong>et</strong></span> <span class='ocrx_word' id='word_1_98' title='bbox 865 1202 1106 1262; x_wconf 88' lang='lat' dir='ltr'><strong>ueniam</strong></span> <span class='ocrx_word' id='word_1_99' title='bbox 1149 1219 1283 1262; x_wconf 86' lang='lat' dir='ltr'><strong>esse</strong></span> <span class='ocrx_word' id='word_1_100' title='bbox 1324 1201 1673 1280; x_wconf 85' lang='lat' dir='ltr'><strong>pollicitum,</strong></span> <span class='ocrx_word' id='word_1_101' title='bbox 1722 1201 1827 1262; x_wconf 85' lang='lat' dir='ltr'><strong>sed</strong></span> <span class='ocrx_word' id='word_1_102' title='bbox 1857 1201 2097 1270; x_wconf 85' lang='lat' dir='ltr'><strong>milites,</strong></span> 
     </span>
     <span class='ocr_line' id='line_1_13' title="bbox 167 1285 2167 1365; baseline 0.001 -21"><span class='ocrx_word' id='word_1_103' title='bbox 167 1286 268 1362; x_wconf 86' lang='lat' dir='ltr'><strong>qui</strong></span> <span class='ocrx_word' id='word_1_104' title='bbox 309 1303 441 1344; x_wconf 88' lang='lat' dir='ltr'><strong>cum</strong></span> <span class='ocrx_word' id='word_1_105' title='bbox 464 1307 474 1316; x_wconf 89' lang='lat'><strong>·</strong></span> <span class='ocrx_word' id='word_1_106' title='bbox 497 1302 568 1344; x_wconf 91' lang='lat' dir='ltr'><strong>eo</strong></span> <span class='ocrx_word' id='word_1_107' title='bbox 608 1285 878 1354; x_wconf 84' lang='lat' dir='ltr'><strong>fuerant,</strong></span> <span class='ocrx_word' id='word_1_108' title='bbox 920 1303 1041 1345; x_wconf 89' lang='lat' dir='ltr'><strong>non</strong></span> <span class='ocrx_word' id='word_1_109' title='bbox 1073 1286 1427 1348; x_wconf 72' lang='lat' dir='ltr'><strong>credidisse.</strong></span> <span class='ocrx_word' id='word_1_110' title='bbox 1488 1285 1801 1352; x_wconf 86' lang='lat' dir='ltr'><strong>obsessum</strong></span> <span class='ocrx_word' id='word_1_111' title='bbox 1824 1287 2099 1365; x_wconf 66' lang='lat' dir='ltr'><strong>‘denique</strong></span> <span class='ocrx_word' id='word_1_112' title='bbox 2136 1297 2167 1346; x_wconf 86' lang='lat'><strong>3</strong></span> 
     </span>
    </p>
   </div>
   <div class='ocr_carea' id='block_1_3' title="bbox 75 1369 2101 1448">
    <p class='ocr_par' dir='ltr' id='par_1_6' title="bbox 75 1369 2101 1448">
     <span class='ocr_line' id='line_1_14' title="bbox 75 1369 2101 1448; baseline 0.002 -20"><span class='ocrx_word' id='word_1_113' title='bbox 75 1389 92 1398; x_wconf 87' lang='lat'><strong>·</strong></span> <span class='ocrx_word' id='word_1_114' title='bbox 165 1371 227 1429; x_wconf 88' lang='lat' dir='ltr'><strong>in</strong></span> <span class='ocrx_word' id='word_1_115' title='bbox 261 1376 454 1430; x_wconf 80' lang='lat' dir='ltr'><strong>cas-tro</strong></span> <span class='ocrx_word' id='word_1_116' title='bbox 485 1369 742 1448; x_wconf 87' lang='lat' dir='ltr'><strong>quodam</strong></span> <span class='ocrx_word' id='word_1_117' title='bbox 773 1369 846 1430; x_wconf 86' lang='lat' dir='ltr'><strong>ab</strong></span> <span class='ocrx_word' id='word_1_118' title='bbox 876 1371 929 1430; x_wconf 88' lang='lat' dir='ltr'><strong>is</strong></span> <span class='ocrx_word' id='word_1_119' title='bbox 959 1385 1112 1446; x_wconf 89' lang='lat' dir='ltr'><strong>quos</strong></span> <span class='ocrx_word' id='word_1_120' title='bbox 1139 1370 1373 1432; x_wconf 80' lang='lat' dir='ltr'><strong>Probus</strong></span> <span class='ocrx_word' id='word_1_121' title='bbox 1413 1372 1659 1432; x_wconf 80' lang='lat' dir='ltr'><strong>miserat</strong></span> <span class='ocrx_word' id='word_1_122' title='bbox 1686 1373 1879 1432; x_wconf 85' lang='lat' dir='ltr'><strong>inuito</strong></span> <span class='ocrx_word' id='word_1_123' title='bbox 1903 1371 2101 1432; x_wconf 85' lang='lat' dir='ltr'><strong>Probo</strong></span> 
     </span>
    </p>
   </div>
   <div class='ocr_carea' id='block_1_4' title="bbox 168 1453 679 1532">
    <p class='ocr_par' dir='ltr' id='par_1_7' title="bbox 168 1453 679 1532">
     <span class='ocr_line' id='line_1_15' title="bbox 168 1453 679 1532; baseline -0.002 -18"><span class='ocrx_word' id='word_1_124' title='bbox 168 1471 301 1514; x_wconf 85' lang='lat' dir='ltr'><strong>esse</strong></span> <span class='ocrx_word' id='word_1_125' title='bbox 331 1453 679 1532; x_wconf 84' lang='lat' dir='ltr'><strong>iugulatum.</strong></span> 
     </span>
    </p>
   </div>
   <div class='ocr_carea' id='block_1_5' title="bbox 83 1537 2217 1618">
    <p class='ocr_par' dir='ltr' id='par_1_8' title="bbox 83 1537 2217 1618">
     <span class='ocr_line' id='line_1_16' title="bbox 83 1537 2217 1618; baseline 0.004 -20"><span class='ocrx_word' id='word_1_126' title='bbox 83 1559 138 1598; x_wconf 86' lang='lat'><strong>15</strong></span> <span class='ocrx_word' id='word_1_127' title='bbox 293 1537 562 1618; x_wconf 87' lang='lat' dir='ltr'><strong>Longum</strong></span> <span class='ocrx_word' id='word_1_128' title='bbox 605 1547 695 1600; x_wconf 87' lang='lat' dir='ltr'><strong>est</strong></span> <span class='ocrx_word' id='word_1_129' title='bbox 731 1538 950 1600; x_wconf 87' lang='lat' dir='ltr'><strong>friuola</strong></span> <span class='ocrx_word' id='word_1_130' title='bbox 989 1556 1265 1618; x_wconf 87' lang='lat' dir='ltr'><strong>quaeque</strong></span> <span class='ocrx_word' id='word_1_131' title='bbox 1306 1548 1639 1610; x_wconf 83' lang='lat' dir='ltr'><strong>conectere,</strong></span> <span class='ocrx_word' id='word_1_132' title='bbox 1694 1541 1967 1603; x_wconf 88' lang='lat' dir='ltr'><strong>odiosum</strong></span> <span class='ocrx_word' id='word_1_133' title='bbox 2010 1540 2099 1602; x_wconf 86' lang='lat' dir='ltr'><strong>di·</strong></span> <span class='ocrx_word' id='word_1_134' title='bbox 2134 1553 2176 1606; x_wconf 72' lang='lat'><em>4</em></span> <span class='ocrx_word' id='word_1_135' title='bbox 2211 1555 2217 1566; x_wconf 83' lang='lat'><strong><em>‘</em></strong></span> 
     </span>
    </p>
   </div>
   <div class='ocr_carea' id='block_1_6' title="bbox 165 1622 2103 1940">
    <p class='ocr_par' dir='ltr' id='par_1_9' title="bbox 165 1622 2103 1940">
     <span class='ocr_line' id='line_1_17' title="bbox 167 1622 2103 1704; baseline 0.002 -21"><span class='ocrx_word' id='word_1_136' title='bbox 167 1641 336 1693; x_wconf 86' lang='lat' dir='ltr'><strong>cere,</strong></span> <span class='ocrx_word' id='word_1_137' title='bbox 370 1622 532 1702; x_wconf 86' lang='lat' dir='ltr'><strong>quali</strong></span> <span class='ocrx_word' id='word_1_138' title='bbox 561 1630 784 1686; x_wconf 84' lang='lat' dir='ltr'><strong>statura</strong></span> <span class='ocrx_word' id='word_1_139' title='bbox 823 1625 1050 1693; x_wconf 78' lang='lat' dir='ltr'><strong>fuerit,</strong></span> <span class='ocrx_word' id='word_1_140' title='bbox 1081 1641 1200 1703; x_wconf 88' lang='lat' dir='ltr'><strong>quo</strong></span> <span class='ocrx_word' id='word_1_141' title='bbox 1231 1643 1505 1704; x_wconf 85' lang='lat' dir='ltr'><strong>corpore,</strong></span> <span class='ocrx_word' id='word_1_142' title='bbox 1540 1643 1660 1704; x_wconf 88' lang='lat' dir='ltr'><strong>quo</strong></span> <span class='ocrx_word' id='word_1_143' title='bbox 1689 1627 1926 1697; x_wconf 80' lang='lat' dir='ltr'><strong>decore,</strong></span> <span class='ocrx_word' id='word_1_144' title='bbox 1962 1626 2103 1704; x_wconf 84' lang='lat' dir='ltr'><strong>quid</strong></span> 
     </span>
     <span class='ocr_line' id='line_1_18' title="bbox 165 1707 2101 1790; baseline 0.002 -22"><span class='ocrx_word' id='word_1_145' title='bbox 165 1707 402 1780; x_wconf 87' lang='lat' dir='ltr'><strong>biberit,</strong></span> <span class='ocrx_word' id='word_1_146' title='bbox 435 1707 578 1789; x_wconf 85' lang='lat' dir='ltr'><strong>quid</strong></span> <span class='ocrx_word' id='word_1_147' title='bbox 610 1709 966 1780; x_wconf 86' lang='lat' dir='ltr'><strong>comederit,</strong></span> <span class='ocrx_word' id='word_1_148' title='bbox 1013 1709 1088 1770; x_wconf 89' lang='lat' dir='ltr'><strong>ab</strong></span> <span class='ocrx_word' id='word_1_149' title='bbox 1117 1709 1250 1772; x_wconf 89' lang='lat' dir='ltr'><strong>aliis</strong></span> <span class='ocrx_word' id='word_1_150' title='bbox 1280 1713 1393 1772; x_wconf 88' lang='lat' dir='ltr'><strong>ista</strong></span> <span class='ocrx_word' id='word_1_151' title='bbox 1424 1711 1699 1772; x_wconf 86' lang='lat' dir='ltr'><strong>dicantur</strong></span> <span class='ocrx_word' id='word_1_152' title='bbox 1730 1729 1882 1788; x_wconf 91' lang='lat' dir='ltr'><strong>quae</strong></span> <span class='ocrx_word' id='word_1_153' title='bbox 1913 1729 2101 1790; x_wconf 86' lang='lat' dir='ltr'><strong>prope</strong></span> 
     </span>
     <span class='ocr_line' id='line_1_19' title="bbox 166 1793 2103 1938; baseline 0 -84"><span class='ocrx_word' id='word_1_154' title='bbox 166 1793 610 1938; x_wconf 72' lang='lat' dir='ltr'><strong>addexemplum</strong></span> <span class='ocrx_word' id='word_1_155' title='bbox 641 1793 788 1855; x_wconf 89' lang='lat' dir='ltr'><strong>nihil</strong></span> <span class='ocrx_word' id='word_1_156' title='bbox 828 1802 1102 1874; x_wconf 89' lang='lat' dir='ltr'><strong>prosunt.</strong></span> <span class='ocrx_word' id='word_1_157' title='bbox 1135 1814 1250 1856; x_wconf 91' lang='lat' dir='ltr'><strong>nos</strong></span> <span class='ocrx_word' id='word_1_158' title='bbox 1280 1796 1353 1856; x_wconf 88' lang='lat' dir='ltr'><strong>ad</strong></span> <span class='ocrx_word' id='word_1_159' title='bbox 1400 1813 1469 1856; x_wconf 86' lang='lat' dir='ltr'><strong>ea</strong></span> <span class='ocrx_word' id='word_1_160' title='bbox 1500 1813 1651 1872; x_wconf 89' lang='lat' dir='ltr'><strong>quae</strong></span> <span class='ocrx_word' id='word_1_161' title='bbox 1684 1801 1823 1856; x_wconf 89' lang='lat' dir='ltr'><strong>sunt</strong></span> <span class='ocrx_word' id='word_1_162' title='bbox 1852 1795 2103 1856; x_wconf 86' lang='lat' dir='ltr'><strong>dicenda</strong></span> 
     </span>
     <span class='ocr_line' id='line_1_20' title="bbox 165 1896 500 1940; baseline 0 -2"><span class='ocrx_word' id='word_1_163' title='bbox 165 1896 232 1938; x_wconf 88' lang='lat' dir='ltr'><strong>re</strong></span> <span class='ocrx_word' id='word_1_164' title='bbox 271 1897 500 1940; x_wconf 82' lang='lat' dir='ltr'><strong>eamus.</strong></span> 
     </span>
    </p>
   </div>
   <div class='ocr_carea' id='block_1_7' title="bbox 82 2011 2204 2856">
    <p class='ocr_par' dir='ltr' id='par_1_10' title="bbox 84 2011 2204 2416">
     <span class='ocr_line' id='line_1_21' title="bbox 84 2011 2204 2092; baseline 0.001 -17"><span class='ocrx_word' id='word_1_165' title='bbox 84 2036 138 2075; x_wconf 81' lang='lat'><strong>20</strong></span> <span class='ocrx_word' id='word_1_166' title='bbox 297 2013 342 2072; x_wconf 88' lang='lat' dir='ltr'>P</span> <span class='ocrx_word' id='word_1_167' title='bbox 366 2011 628 2072; x_wconf 83' lang='lat' dir='ltr'><strong>roculo</strong></span> <span class='ocrx_word' id='word_1_168' title='bbox 673 2012 866 2090; x_wconf 84' lang='lat' dir='ltr'><strong>patria</strong></span> <span class='ocrx_word' id='word_1_169' title='bbox 906 2013 1264 2090; x_wconf 83' lang='lat' dir='ltr'><strong>Albingauni</strong></span> <span class='ocrx_word' id='word_1_170' title='bbox 1304 2015 1494 2082; x_wconf 78' lang='lat' dir='ltr'><strong>fuere,</strong></span> <span class='ocrx_word' id='word_1_171' title='bbox 1533 2015 1715 2092; x_wconf 88' lang='lat' dir='ltr'><strong>positi</strong></span> <span class='ocrx_word' id='word_1_172' title='bbox 1754 2015 1817 2075; x_wconf 90' lang='lat' dir='ltr'><strong>in</strong></span> <span class='ocrx_word' id='word_1_173' title='bbox 1857 2013 2103 2092; x_wconf 83' lang='lat' dir='ltr'><strong>Alpibus</strong></span> <span class='ocrx_word' id='word_1_174' title='bbox 2126 2015 2204 2080; x_wconf 83' lang='lat'><strong>12</strong></span> 
     </span>
     <span class='ocr_line' id='line_1_22' title="bbox 163 2095 2105 2159; baseline 0.001 -1"><span class='ocrx_word' id='word_1_175' title='bbox 163 2097 499 2158; x_wconf 87' lang='lat' dir='ltr'><strong>maritimis.</strong></span> <span class='ocrx_word' id='word_1_176' title='bbox 578 2095 740 2156; x_wconf 88' lang='lat' dir='ltr'><strong>domi</strong></span> <span class='ocrx_word' id='word_1_177' title='bbox 793 2095 1014 2157; x_wconf 91' lang='lat' dir='ltr'><strong>nobilis</strong></span> <span class='ocrx_word' id='word_1_178' title='bbox 1073 2097 1178 2158; x_wconf 89' lang='lat' dir='ltr'><strong>sed</strong></span> <span class='ocrx_word' id='word_1_179' title='bbox 1230 2096 1558 2158; x_wconf 85' lang='lat' dir='ltr'><strong>maioribus</strong></span> <span class='ocrx_word' id='word_1_180' title='bbox 1608 2097 2105 2159; x_wconf 84' lang='lat' dir='ltr'><strong>latrocinantibus</strong></span> 
     </span>
     <span class='ocr_line' id='line_1_23' title="bbox 167 2180 2108 2260; baseline 0.001 -19"><span class='ocrx_word' id='word_1_181' title='bbox 167 2189 348 2258; x_wconf 88' lang='lat' dir='ltr'><strong>atque</strong></span> <span class='ocrx_word' id='word_1_182' title='bbox 391 2180 538 2240; x_wconf 86' lang='lat' dir='ltr'><strong>adeo</strong></span> <span class='ocrx_word' id='word_1_183' title='bbox 583 2197 799 2258; x_wconf 89' lang='lat' dir='ltr'><strong>pecore</strong></span> <span class='ocrx_word' id='word_1_184' title='bbox 859 2199 926 2242; x_wconf 84' lang='lat' dir='ltr'><strong>ac</strong></span> <span class='ocrx_word' id='word_1_185' title='bbox 969 2183 1164 2243; x_wconf 91' lang='lat' dir='ltr'><strong>seruis</strong></span> <span class='ocrx_word' id='word_1_186' title='bbox 1207 2188 1269 2242; x_wconf 91' lang='lat' dir='ltr'><strong>et</strong></span> <span class='ocrx_word' id='word_1_187' title='bbox 1306 2183 1359 2243; x_wconf 92' lang='lat' dir='ltr'><strong>is</strong></span> <span class='ocrx_word' id='word_1_188' title='bbox 1388 2181 1575 2242; x_wconf 90' lang='lat' dir='ltr'><strong>rebus</strong></span> <span class='ocrx_word' id='word_1_189' title='bbox 1605 2199 1749 2260; x_wconf 87' lang='lat' dir='ltr'><strong>quas</strong></span> <span class='ocrx_word' id='word_1_190' title='bbox 1779 2182 2108 2244; x_wconf 84' lang='lat' dir='ltr'><strong>abduxerat</strong></span> 
     </span>
     <span class='ocr_line' id='line_1_24' title="bbox 167 2265 2174 2347; baseline 0.002 -21"><span class='ocrx_word' id='word_1_191' title='bbox 167 2267 312 2326; x_wconf 87' lang='lat' dir='ltr'><strong>satis</strong></span> <span class='ocrx_word' id='word_1_192' title='bbox 344 2265 530 2326; x_wconf 76' lang='lat' dir='ltr'><strong>diues,</strong></span> <span class='ocrx_word' id='word_1_193' title='bbox 565 2265 756 2325; x_wconf 84' lang='lat' dir='ltr'><strong>fertur</strong></span> <span class='ocrx_word' id='word_1_194' title='bbox 786 2265 1042 2345; x_wconf 89' lang='lat' dir='ltr'><strong>denique</strong></span> <span class='ocrx_word' id='word_1_195' title='bbox 1084 2284 1154 2327; x_wconf 90' lang='lat' dir='ltr'><strong>eo</strong></span> <span class='ocrx_word' id='word_1_196' title='bbox 1187 2276 1457 2347; x_wconf 88' lang='lat' dir='ltr'><strong>tempore</strong></span> <span class='ocrx_word' id='word_1_197' title='bbox 1488 2282 1605 2343; x_wconf 91' lang='lat' dir='ltr'><strong>quo</strong></span> <span class='ocrx_word' id='word_1_198' title='bbox 1635 2269 1891 2346; x_wconf 88' lang='lat' dir='ltr'><strong>sumpsit</strong></span> <span class='ocrx_word' id='word_1_199' title='bbox 1916 2268 2104 2346; x_wconf 85' lang='lat' dir='ltr'><strong>impe·</strong></span> <span class='ocrx_word' id='word_1_200' title='bbox 2142 2283 2174 2331; x_wconf 84' lang='lat'>2</span> 
     </span>
     <span class='ocr_line' id='line_1_25' title="bbox 163 2349 2175 2416; baseline 0.003 -6"><span class='ocrx_word' id='word_1_201' title='bbox 163 2352 324 2413; x_wconf 85' lang='lat' dir='ltr'><strong>rium</strong></span> <span class='ocrx_word' id='word_1_202' title='bbox 355 2351 474 2410; x_wconf 89' lang='lat' dir='ltr'><strong>duo</strong></span> <span class='ocrx_word' id='word_1_203' title='bbox 504 2349 666 2410; x_wconf 89' lang='lat' dir='ltr'><strong>milia</strong></span> <span class='ocrx_word' id='word_1_204' title='bbox 698 2367 1014 2412; x_wconf 88' lang='lat' dir='ltr'><strong>seruorum</strong></span> <span class='ocrx_word' id='word_1_205' title='bbox 1044 2370 1288 2413; x_wconf 88' lang='lat' dir='ltr'><strong>suorum</strong></span> <span class='ocrx_word' id='word_1_206' title='bbox 1322 2369 1605 2415; x_wconf 87' lang='lat' dir='ltr'><strong>armasse.</strong></span> <span class='ocrx_word' id='word_1_207' title='bbox 1665 2350 1805 2414; x_wconf 87' lang='lat' dir='ltr'><strong>huic</strong></span> <span class='ocrx_word' id='word_1_208' title='bbox 1834 2370 1987 2413; x_wconf 84' lang='lat' dir='ltr'><strong>uxor</strong></span> <span class='ocrx_word' id='word_1_209' title='bbox 2016 2354 2103 2416; x_wconf 88' lang='lat' dir='ltr'><strong>ui·</strong></span> <span class='ocrx_word' id='word_1_210' title='bbox 2141 2369 2175 2416; x_wconf 84' lang='lat'><strong>3</strong></span> 
     </span>
    </p>

    <p class='ocr_par' dir='ltr' id='par_1_11' title="bbox 82 2434 2175 2856">
     <span class='ocr_line' id='line_1_26' title="bbox 82 2434 2105 2516; baseline 0 -19"><span class='ocrx_word' id='word_1_211' title='bbox 82 2450 138 2497; x_wconf 82' lang='lat'><strong>25</strong></span> <span class='ocrx_word' id='word_1_212' title='bbox 165 2453 331 2513; x_wconf 85' lang='lat' dir='ltr'><strong>rago,</strong></span> <span class='ocrx_word' id='word_1_213' title='bbox 367 2453 518 2512; x_wconf 88' lang='lat' dir='ltr'><strong>quae</strong></span> <span class='ocrx_word' id='word_1_214' title='bbox 547 2434 715 2496; x_wconf 90' lang='lat' dir='ltr'><strong>illum</strong></span> <span class='ocrx_word' id='word_1_215' title='bbox 747 2436 810 2496; x_wconf 90' lang='lat' dir='ltr'><strong>in</strong></span> <span class='ocrx_word' id='word_1_216' title='bbox 841 2435 1004 2497; x_wconf 83' lang='lat' dir='ltr'><strong>hano·</strong></span> <span class='ocrx_word' id='word_1_217' title='bbox 1023 2437 1439 2516; x_wconf 86' lang='lat' dir='ltr'><strong>praecipitauit</strong></span> <span class='ocrx_word' id='word_1_218' title='bbox 1462 2435 1839 2507; x_wconf 84' lang='lat' dir='ltr'><strong>dementiam,</strong></span> <span class='ocrx_word' id='word_1_219' title='bbox 1864 2439 2105 2498; x_wconf 88' lang='lat' dir='ltr'><strong>nomine</strong></span> 
     </span>
     <span class='ocr_line' id='line_1_27' title="bbox 167 2521 2106 2600; baseline 0.002 -21"><span class='ocrx_word' id='word_1_220' title='bbox 167 2521 400 2589; x_wconf 86' lang='lat' dir='ltr'><strong>Samso,</strong></span> <span class='ocrx_word' id='word_1_221' title='bbox 449 2521 611 2598; x_wconf 87' lang='lat' dir='ltr'><strong>quod</strong></span> <span class='ocrx_word' id='word_1_222' title='bbox 657 2521 712 2581; x_wconf 89' lang='lat' dir='ltr'><strong>ei</strong></span> <span class='ocrx_word' id='word_1_223' title='bbox 752 2527 959 2599; x_wconf 89' lang='lat' dir='ltr'><strong>postea</strong></span> <span class='ocrx_word' id='word_1_224' title='bbox 1002 2522 1254 2583; x_wconf 89' lang='lat' dir='ltr'><strong>inditum</strong></span> <span class='ocrx_word' id='word_1_225' title='bbox 1300 2531 1407 2593; x_wconf 83' lang='lat' dir='ltr'><strong>est,</strong></span> <span class='ocrx_word' id='word_1_226' title='bbox 1466 2541 1603 2584; x_wconf 89' lang='lat' dir='ltr'><strong>nam</strong></span> <span class='ocrx_word' id='word_1_227' title='bbox 1636 2530 1807 2583; x_wconf 88' lang='lat' dir='ltr'><strong>antea</strong></span> <span class='ocrx_word' id='word_1_228' title='bbox 1840 2523 2106 2600; x_wconf 83' lang='lat' dir='ltr'><strong>Vituriga</strong></span> 
     </span>
     <span class='ocr_line' id='line_1_28' title="bbox 167 2604 2175 2686; baseline 0.003 -22"><span class='ocrx_word' id='word_1_229' title='bbox 167 2605 475 2664; x_wconf 86' lang='lat' dir='ltr'><strong>nominata</strong></span> <span class='ocrx_word' id='word_1_230' title='bbox 506 2613 612 2664; x_wconf 91' lang='lat' dir='ltr'><strong>est.</strong></span> <span class='ocrx_word' id='word_1_231' title='bbox 647 2604 802 2666; x_wconf 85' lang='lat' dir='ltr'><strong>filius</strong></span> <span class='ocrx_word' id='word_1_232' title='bbox 831 2607 1265 2678; x_wconf 85' lang='lat' dir='ltr'><strong>HerennianuS,</strong></span> <span class='ocrx_word' id='word_1_233' title='bbox 1301 2625 1477 2684; x_wconf 88' lang='lat' dir='ltr'><strong>quem</strong></span> <span class='ocrx_word' id='word_1_234' title='bbox 1510 2613 1568 2666; x_wconf 91' lang='lat' dir='ltr'><strong>et</strong></span> <span class='ocrx_word' id='word_1_235' title='bbox 1589 2608 1812 2686; x_wconf 86' lang='lat' dir='ltr'><strong>ipsum,</strong></span> <span class='ocrx_word' id='word_1_236' title='bbox 1846 2609 1898 2666; x_wconf 85' lang='lat' dir='ltr'><strong>si</strong></span> <span class='ocrx_word' id='word_1_237' title='bbox 1931 2609 2103 2686; x_wconf 89' lang='lat' dir='ltr'><strong>quin-</strong></span> <span class='ocrx_word' id='word_1_238' title='bbox 2139 2623 2175 2670; x_wconf 80' lang='lat'>4</span> 
     </span>
     <span class='ocr_line' id='line_1_29' title="bbox 168 2688 2103 2768; baseline 0 -18"><span class='ocrx_word' id='word_1_239' title='bbox 168 2690 503 2766; x_wconf 87' lang='lat' dir='ltr'><strong>quennium</strong></span> <span class='ocrx_word' id='word_1_240' title='bbox 545 2688 870 2768; x_wconf 87' lang='lat' dir='ltr'><strong>implesset,</strong></span> <span class='ocrx_word' id='word_1_241' title='bbox 925 2692 1006 2760; x_wconf 86' lang='lat' dir='ltr'><strong>ita</strong></span> <span class='ocrx_word' id='word_1_242' title='bbox 1049 2694 1205 2752; x_wconf 91' lang='lat' dir='ltr'><strong>enim</strong></span> <span class='ocrx_word' id='word_1_243' title='bbox 1246 2691 1631 2768; x_wconf 84' lang='lat' dir='ltr'><strong>loquebatur,</strong></span> <span class='ocrx_word' id='word_1_244' title='bbox 1684 2691 1941 2751; x_wconf 87' lang='lat' dir='ltr'><strong>dicasset</strong></span> <span class='ocrx_word' id='word_1_245' title='bbox 1992 2692 2103 2750; x_wconf 89' lang='lat' dir='ltr'><strong>im-</strong></span> 
     </span>
     <span class='ocr_line' id='line_1_30' title="bbox 164 2772 2175 2856; baseline 0.003 -22"><span class='ocrx_word' id='word_1_246' title='bbox 164 2774 359 2854; x_wconf 88' lang='lat' dir='ltr'><strong>perio.</strong></span> <span class='ocrx_word' id='word_1_247' title='bbox 395 2772 596 2842; x_wconf 87' lang='lat' dir='ltr'><strong>honio,</strong></span> <span class='ocrx_word' id='word_1_248' title='bbox 629 2773 790 2856; x_wconf 87' lang='lat' dir='ltr'><strong>quod</strong></span> <span class='ocrx_word' id='word_1_249' title='bbox 833 2776 1042 2852; x_wconf 86' lang='lat' dir='ltr'><strong>negari</strong></span> <span class='ocrx_word' id='word_1_250' title='bbox 1081 2795 1202 2836; x_wconf 90' lang='lat' dir='ltr'><strong>non</strong></span> <span class='ocrx_word' id='word_1_251' title='bbox 1231 2781 1430 2854; x_wconf 85' lang='lat' dir='ltr'><strong>potest</strong></span> <span class='ocrx_word' id='word_1_252' title='bbox 1460 2819 1645 2836; x_wconf 90' lang='grc'><strong>......</strong></span> <span class='ocrx_word' id='word_1_253' title='bbox 1672 2775 1952 2852; x_wconf 87' lang='lat' dir='ltr'><strong>idemque</strong></span> <span class='ocrx_word' id='word_1_254' title='bbox 1982 2776 2103 2835; x_wconf 84' lang='lat' dir='ltr'><strong>for·</strong></span> <span class='ocrx_word' id='word_1_255' title='bbox 2142 2790 2175 2840; x_wconf 88' lang='lat'>5</span> 
     </span>
    </p>
   </div>
   <div class='ocr_carea' id='block_1_8' title="bbox 163 2925 2109 3181">
    <p class='ocr_par' dir='ltr' id='par_1_12' title="bbox 163 2925 2109 3181">
     <span class='ocr_line' id='line_1_31' title="bbox 303 2925 2109 2992; baseline 0.001 -17"><span class='ocrx_word' id='word_1_256' title='bbox 303 2927 339 2975; x_wconf 91' lang='lat'>4</span> <span class='ocrx_word' id='word_1_257' title='bbox 375 2925 614 2976; x_wconf 85' lang='lat' dir='ltr'><strong>rectorio</strong></span> <span class='ocrx_word' id='word_1_258' title='bbox 647 2925 752 2974; x_wconf 91' lang='lat' dir='ltr'><strong>BP</strong></span> <span class='ocrx_word' id='word_1_259' title='bbox 908 2927 940 2976; x_wconf 87' lang='lat'>5</span> <span class='ocrx_word' id='word_1_260' title='bbox 968 2925 1473 2992; x_wconf 82' lang='lat' dir='ltr'><strong>frequentauerant</strong></span> <span class='ocrx_word' id='word_1_261' title='bbox 1506 2925 1739 2992; x_wconf 80' lang='lat' dir='ltr'><strong>pergula</strong></span> <span class='ocrx_word' id='word_1_262' title='bbox 1770 2926 2109 2977; x_wconf 80' lang='lat' dir='ltr'><strong>ministrales</strong></span> 
     </span>
     <span class='ocr_line' id='line_1_32' title="bbox 164 2991 2109 3060; baseline 0.001 -18"><span class='ocrx_word' id='word_1_263' title='bbox 164 2993 274 3042; x_wconf 87' lang='lat' dir='ltr'><strong>BP</strong></span> <span class='ocrx_word' id='word_1_264' title='bbox 407 2994 438 3042; x_wconf 89' lang='grc'><strong>6</strong></span> <span class='ocrx_word' id='word_1_265' title='bbox 461 2997 527 3043; x_wconf 86' lang='lat' dir='ltr'><strong>ut</strong></span> <span class='ocrx_word' id='word_1_266' title='bbox 551 3009 621 3042; x_wconf 85' lang='lat' dir='ltr'><strong>ne</strong></span> <span class='ocrx_word' id='word_1_267' title='bbox 647 2993 751 3042; x_wconf 89' lang='lat' dir='ltr'><em>BP</em></span> <span class='ocrx_word' id='word_1_268' title='bbox 885 2995 915 3044; x_wconf 80' lang='lat'>7</span> <span class='ocrx_word' id='word_1_269' title='bbox 940 2993 1086 3043; x_wconf 80' lang='lat' dir='ltr'><strong>hanc</strong></span> <span class='ocrx_word' id='word_1_270' title='bbox 1109 2991 1182 3042; x_wconf 80' lang='lat' dir='ltr'><strong>B¹</strong></span> <span class='ocrx_word' id='word_1_271' title='bbox 1209 2993 1285 3044; x_wconf 80' lang='lat' dir='ltr'><strong>ad</strong></span> <span class='ocrx_word' id='word_1_272' title='bbox 1306 2995 1453 3045; x_wconf 84' lang='lat' dir='ltr'><strong>hunc</strong></span> <span class='ocrx_word' id='word_1_273' title='bbox 1475 2993 1551 3043; x_wconf 70' lang='lat'><strong>3²</strong></span> <span class='ocrx_word' id='word_1_274' title='bbox 1701 2993 1967 3060; x_wconf 82' lang='lat' dir='ltr'><strong>quosdam</strong></span> <span class='ocrx_word' id='word_1_275' title='bbox 1992 2995 2109 3044; x_wconf 84' lang='lat' dir='ltr'><strong>seio</strong></span> 
     </span>
     <span class='ocr_line' id='line_1_33' title="bbox 163 3060 2109 3128; baseline 0.001 -18"><span class='ocrx_word' id='word_1_276' title='bbox 163 3061 230 3111; x_wconf 94' lang='lat' dir='ltr'><em>M</em></span> <span class='ocrx_word' id='word_1_277' title='bbox 370 3063 402 3111; x_wconf 84' lang='lat'>9</span> <span class='ocrx_word' id='word_1_278' title='bbox 425 3061 514 3111; x_wconf 79' lang='lat' dir='ltr'><strong>his</strong></span> <span class='ocrx_word' id='word_1_279' title='bbox 535 3060 642 3110; x_wconf 89' lang='lat' dir='ltr'><strong>BP</strong></span> <span class='ocrx_word' id='word_1_280' title='bbox 775 3061 885 3111; x_wconf 81' lang='lat' dir='ltr'><strong>fuit</strong></span> <span class='ocrx_word' id='word_1_281' title='bbox 909 3061 976 3112; x_wconf 90' lang='lat' dir='ltr'><em>M</em></span> <span class='ocrx_word' id='word_1_282' title='bbox 1118 3077 1152 3111; x_wconf 85' lang='lat' dir='ltr'><strong>a</strong></span> <span class='ocrx_word' id='word_1_283' title='bbox 1177 3063 1351 3128; x_wconf 88' lang='lat' dir='ltr'><strong>probo</strong></span> <span class='ocrx_word' id='word_1_284' title='bbox 1375 3064 1426 3112; x_wconf 92' lang='lat' dir='ltr'><em>P</em></span> <span class='ocrx_word' id='word_1_285' title='bbox 1444 3061 1657 3114; x_wconf 80' lang='lat' dir='ltr'><strong>t.10rd.</strong></span> <span class='ocrx_word' id='word_1_286' title='bbox 1806 3078 1983 3128; x_wconf 87' lang='lat' dir='ltr'><strong>poene</strong></span> <span class='ocrx_word' id='word_1_287' title='bbox 2006 3077 2109 3112; x_wconf 84' lang='lat' dir='ltr'><strong>uo·</strong></span> 
     </span>
     <span class='ocr_line' id='line_1_34' title="bbox 163 3127 1974 3181; baseline 0.001 -3"><span class='ocrx_word' id='word_1_288' title='bbox 163 3129 292 3179; x_wconf 88' lang='lat' dir='ltr'><strong>lens</strong></span> <span class='ocrx_word' id='word_1_289' title='bbox 315 3127 484 3178; x_wconf 90' lang='lat' dir='ltr'><strong>BPM</strong></span> <span class='ocrx_word' id='word_1_290' title='bbox 616 3131 678 3178; x_wconf 85' lang='lat'><strong>12</strong></span> <span class='ocrx_word' id='word_1_291' title='bbox 705 3133 864 3180; x_wconf 82' lang='lat' dir='ltr'><strong>erant</strong></span> <span class='ocrx_word' id='word_1_292' title='bbox 887 3127 962 3178; x_wconf 87' lang='lat' dir='ltr'><em>P¹</em></span> <span class='ocrx_word' id='word_1_293' title='bbox 1108 3133 1171 3180; x_wconf 86' lang='lat'><strong>13</strong></span> <span class='ocrx_word' id='word_1_294' title='bbox 1196 3130 1285 3180; x_wconf 87' lang='lat' dir='ltr'><strong>his</strong></span> <span class='ocrx_word' id='word_1_295' title='bbox 1307 3130 1476 3180; x_wconf 88' lang='lat' dir='ltr'><strong>BPM</strong></span> <span class='ocrx_word' id='word_1_296' title='bbox 1607 3131 1671 3181; x_wconf 82' lang='lat'><strong>15</strong></span> <span class='ocrx_word' id='word_1_297' title='bbox 1697 3129 1899 3181; x_wconf 80' lang='lat' dir='ltr'><strong>fribola</strong></span> <span class='ocrx_word' id='word_1_298' title='bbox 1922 3130 1974 3179; x_wconf 99' lang='lat' dir='ltr'><em>B</em></span> 
     </span>
    </p>
   </div>
   <div class='ocr_carea' id='block_1_9' title="bbox 167 3195 2127 3249">
    <p class='ocr_par' dir='ltr' id='par_1_13' title="bbox 167 3195 2127 3249">
     <span class='ocr_line' id='line_1_35' title="bbox 167 3195 2127 3249; baseline 0.001 -2"><span class='ocrx_word' id='word_1_299' title='bbox 167 3195 397 3247; x_wconf 85' lang='lat' dir='ltr'><strong>odiosus</strong></span> <span class='ocrx_word' id='word_1_300' title='bbox 420 3196 527 3245; x_wconf 91' lang='lat' dir='ltr'><strong>BP</strong></span> <span class='ocrx_word' id='word_1_301' title='bbox 557 3201 615 3247; x_wconf 86' lang='lat' dir='ltr'><strong>et</strong></span> <span class='ocrx_word' id='word_1_302' title='bbox 639 3196 890 3248; x_wconf 83' lang='lat' dir='ltr'><strong>odiosum</strong></span> <span class='ocrx_word' id='word_1_303' title='bbox 922 3197 989 3246; x_wconf 94' lang='lat' dir='ltr'><em>M</em></span> <span class='ocrx_word' id='word_1_304' title='bbox 1113 3199 1180 3248; x_wconf 93' lang='grc'><strong>20</strong></span> <span class='ocrx_word' id='word_1_305' title='bbox 1203 3197 1475 3249; x_wconf 84' lang='lat' dir='ltr'><strong>Proculus</strong></span> <span class='ocrx_word' id='word_1_306' title='bbox 1502 3198 1687 3248; x_wconf 78' lang='lat' dir='ltr'><strong>litteris</strong></span> <span class='ocrx_word' id='word_1_307' title='bbox 1712 3201 1843 3249; x_wconf 79' lang='lat' dir='ltr'><strong>atris</strong></span> <span class='ocrx_word' id='word_1_308' title='bbox 1864 3200 2127 3249; x_wconf 39' lang='lat' dir='ltr'><strong>maiuscu‘</strong></span> 
     </span>
    </p>
   </div>
   <div class='ocr_carea' id='block_1_10' title="bbox 165 3259 2111 3652">
    <p class='ocr_par' dir='ltr' id='par_1_14' title="bbox 165 3259 2111 3652">
     <span class='ocr_line' id='line_1_36' title="bbox 165 3259 2107 3364; baseline 0.002 -18"><span class='ocrx_word' id='word_1_309' title='bbox 165 3299 232 3347; x_wconf 78' lang='lat' dir='ltr'><strong>lis</strong></span> <span class='ocrx_word' id='word_1_310' title='bbox 253 3299 443 3360; x_wconf 78' lang='lat' dir='ltr'><strong>pictum</strong></span> <span class='ocrx_word' id='word_1_311' title='bbox 463 3299 518 3347; x_wconf 80' lang='lat' dir='ltr'><strong>in</strong></span> <span class='ocrx_word' id='word_1_312' title='bbox 539 3297 643 3352; x_wconf 87' lang='lat' dir='ltr'><strong>BP</strong></span> <span class='ocrx_word' id='word_1_313' title='bbox 785 3259 1140 3363; x_wconf 78' lang='lat' dir='ltr'><strong>alhingatuni</strong></span> <span class='ocrx_word' id='word_1_314' title='bbox 1163 3297 1216 3349; x_wconf 89' lang='lat' dir='ltr'><em>B</em></span> <span class='ocrx_word' id='word_1_315' title='bbox 1241 3297 1325 3362; x_wconf 76' lang='lat' dir='ltr'><strong>(in</strong></span> <span class='ocrx_word' id='word_1_316' title='bbox 1347 3298 1400 3347; x_wconf 88' lang='lat' dir='ltr'><em>P</em></span> <span class='ocrx_word' id='word_1_317' title='bbox 1418 3301 1555 3349; x_wconf 73' lang='lat' dir='ltr'><strong>inter</strong></span> <span class='ocrx_word' id='word_1_318' title='bbox 1578 3315 1613 3350; x_wconf 80' lang='lat' dir='ltr'><strong>a.</strong></span> <span class='ocrx_word' id='word_1_319' title='bbox 1637 3306 1688 3350; x_wconf 81' lang='lat' dir='ltr'><strong>et</strong></span> <span class='ocrx_word' id='word_1_320' title='bbox 1710 3315 1749 3351; x_wconf 84' lang='lat' dir='ltr'><strong>u</strong></span> <span class='ocrx_word' id='word_1_321' title='bbox 1770 3315 1877 3351; x_wconf 72' lang='lat' dir='ltr'><strong>ras.</strong></span> <span class='ocrx_word' id='word_1_322' title='bbox 1885 3300 1903 3364; x_wconf 96' lang='lat'><em>)</em></span> <span class='ocrx_word' id='word_1_323' title='bbox 2042 3302 2107 3351; x_wconf 76' lang='lat'><strong>21</strong></span> 
     </span>
     <span class='ocr_line' id='line_1_37' title="bbox 165 3363 2111 3433; baseline 0.002 -19"><span class='ocrx_word' id='word_1_324' title='bbox 165 3364 390 3416; x_wconf 81' lang='lat' dir='ltr'><strong>nobiles</strong></span> <span class='ocrx_word' id='word_1_325' title='bbox 412 3363 580 3414; x_wconf 90' lang='lat' dir='ltr'><strong>BPM</strong></span> <span class='ocrx_word' id='word_1_326' title='bbox 687 3367 754 3414; x_wconf 90' lang='grc'><strong>22</strong></span> <span class='ocrx_word' id='word_1_327' title='bbox 777 3365 866 3418; x_wconf 72' lang='lat' dir='ltr'><strong>his</strong></span> <span class='ocrx_word' id='word_1_328' title='bbox 887 3365 1094 3417; x_wconf 84' lang='grc' dir='ltr'><strong>ΒΡΜ</strong></span> <span class='ocrx_word' id='word_1_329' title='bbox 1163 3367 1230 3417; x_wconf 83' lang='grc'><strong>25</strong></span> <span class='ocrx_word' id='word_1_330' title='bbox 1256 3366 1611 3418; x_wconf 66' lang='lat' dir='ltr'><strong>elementiam</strong></span> <span class='ocrx_word' id='word_1_331' title='bbox 1632 3367 1685 3417; x_wconf 87' lang='lat' dir='ltr'><em>B</em></span> <span class='ocrx_word' id='word_1_332' title='bbox 1784 3370 1851 3418; x_wconf 83' lang='grc'><strong>26</strong></span> <span class='ocrx_word' id='word_1_333' title='bbox 1878 3368 2111 3433; x_wconf 76' lang='lat' dir='ltr'><strong>Sampso</strong></span> 
     </span>
     <span class='ocr_line' id='line_1_38' title="bbox 167 3431 2110 3515; baseline 0.001 -33"><span class='ocrx_word' id='word_1_334' title='bbox 167 3433 240 3482; x_wconf 88' lang='lat' dir='ltr'><em>M</em></span> <span class='ocrx_word' id='word_1_335' title='bbox 267 3473 272 3479; x_wconf 83' lang='lat'><em>.</em></span> <span class='ocrx_word' id='word_1_336' title='bbox 371 3433 438 3482; x_wconf 84' lang='grc'><strong>28</strong></span> <span class='ocrx_word' id='word_1_337' title='bbox 463 3433 760 3496; x_wconf 80' lang='lat' dir='ltr'><strong>quennium</strong></span> <span class='ocrx_word' id='word_1_338' title='bbox 783 3431 860 3482; x_wconf 91' lang='lat' dir='ltr'><em>P¹</em></span> <span class='ocrx_word' id='word_1_339' title='bbox 1003 3431 1269 3500; x_wconf 80' lang='lat' dir='ltr'><strong>dicasset}</strong></span> <span class='ocrx_word' id='word_1_340' title='bbox 1296 3451 1364 3486; x_wconf 82' lang='lat' dir='ltr'><strong>an</strong></span> <span class='ocrx_word' id='word_1_341' title='bbox 1390 3434 1786 3502; x_wconf 62' lang='lat' dir='ltr'><strong>designasset?</strong></span> <span class='ocrx_word' id='word_1_342' title='bbox 1812 3437 1879 3501; x_wconf 80' lang='lat' dir='ltr'><strong>cf.</strong></span> <span class='ocrx_word' id='word_1_343' title='bbox 1906 3437 2061 3515; x_wconf 63' lang='lat' dir='ltr'><strong>Macar.</strong></span> <span class='ocrx_word' id='word_1_344' title='bbox 2080 3440 2110 3484; x_wconf 83' lang='grc'><strong><em>7</em></strong></span> 
     </span>
     <span class='ocr_line' id='line_1_39' title="bbox 309 3500 1492 3568; baseline 0.003 -19"><span class='ocrx_word' id='word_1_345' title='bbox 309 3501 376 3550; x_wconf 87' lang='grc'><strong>29</strong></span> <span class='ocrx_word' id='word_1_346' title='bbox 401 3504 590 3564; x_wconf 68' lang='lat' dir='ltr'><strong>potest</strong></span> <span class='ocrx_word' id='word_1_347' title='bbox 613 3500 854 3566; x_wconf 75' lang='lat' dir='ltr'><strong>optimus</strong></span> <span class='ocrx_word' id='word_1_348' title='bbox 877 3501 946 3552; x_wconf 95' lang='lat' dir='ltr'><em>M</em></span> <span class='ocrx_word' id='word_1_349' title='bbox 1077 3501 1365 3568; x_wconf 84' lang='lat' dir='ltr'><strong>eidemque</strong></span> <span class='ocrx_word' id='word_1_350' title='bbox 1388 3502 1492 3552; x_wconf 89' lang='lat' dir='ltr'><em>BP</em></span> 
     </span>
     <span class='ocr_line' id='line_1_40' title="bbox 1560 3587 1699 3652; baseline -0.014 0"><span class='ocrx_word' id='word_1_351' title='bbox 1560 3587 1641 3652; x_wconf 86' lang='lat'><strong>14</strong></span> <span class='ocrx_word' id='word_1_352' title='bbox 1664 3589 1699 3628; x_wconf 81' lang='grc'>*</span> 
     </span>
    </p>
   </div>
   <div class='ocr_carea' id='block_1_11' title="bbox 2250 2839 2273 2875">
    <p class='ocr_par' dir='ltr' id='par_1_15' title="bbox 2250 2839 2273 2875">
     <span class='ocr_line' id='line_1_41' title="bbox 2250 2839 2273 2875; baseline 0 0"><span class='ocrx_word' id='word_1_353' title='bbox 2250 2839 2273 2875; x_wconf 79' lang='grc' dir='ltr'><strong><em>Ι</em></strong></span> 
     </span>
    </p>
   </div>
  </div>
 </body>
</html>
