2517 3884
721 180 990 239 CLODIVS
1032 180 1327 238 ALBINVS.
1402 180 1455 239 C.
1488 184 1724 240 10-12,
2059 178 2181 243 163

247 346 656 411 crudelitatem
701 347 952 409 oderant
990 357 1319 411 senatores,
1396 350 1653 430 denique
1707 353 1868 413 uicto
1922 371 1993 413 eo
2044 354 2175 433 plu·
2213 366 2247 414 2

245 436 384 495 rimi
414 443 724 496 senatores
757 454 792 495 a
821 434 1046 495 Seuero
1086 436 1387 496 interfecti
1420 444 1584 506 sunt,
1618 438 1722 516 qui
1756 439 1893 498 eius>
1914 441 2177 516 partium

245 518 343 581 uel
375 538 520 580 uere
549 520 792 581 fuerant
821 520 922 581 uel
947 538 1076 581 esse
1106 520 1485 582 uidebantur.
1562 521 1820 601 denique
1852 541 1985 583 cum
2017 525 2173 603 apud
2210 537 2243 585 3

246 604 598 682 Lugdunum
634 604 890 665 eundem
945 606 1372 676 interfecisset,
1436 608 1637 667 statim
1674 607 1904 669 litteras
1945 612 2201 687 requiri·

194 714 217 753 5
242 691 429 759 iussit,
464 697 530 749 ut
560 691 860 751 inueniret
890 690 989 751 uel
1021 690 1092 751 ad
1137 710 1289 769 quos
1330 693 1462 769 ipse
1506 694 1871 771 scripsisset,
1935 693 2034 753 uel
2073 697 2177 774 qui

243 775 312 836 ad
347 794 484 836 eum
515 777 988 854 rescripsissent,
1034 790 1364 853 omnesque
1406 776 1543 837 illos
1586 796 1843 857 quorum
1889 778 2175 857 >epistulas

238 862 511 940 repperit
539 859 746 921 hostes
775 860 1029 921 iudicari
1070 880 1104 922 a
1134 869 1344 922 senatu
1375 861 1545 929 fecit;
1592 880 1706 923 nec
1747 862 1841 923 his
1879 865 2242 943 pepercit,[4

239 946 344 1005 sed
389 952 448 1005 et
485 944 650 1025 ipsos
694 946 998 1005 interemit
1040 952 1098 1006 et
1127 944 1285 1006 bona
1316 964 1525 1007 eorum
1552 950 1872 1026 proposuit
1900 954 2081 1026 atque
2109 952 2173 1009 in

239 1032 539 1091 aerarium
568 1029 876 1109 publicum
903 1029 1150 1091 rettulit.
1227 1030 1405 1091 Extat
1448 1032 1974 1110 epistula-Seueri,
2019 1053 2172 1114 quae
2210 1042 2242 1093 5

171 1142 215 1180 10
239 1115 502 1176 ostendit
559 1117 822 1176 animum
881 1133 1086 1185 suum,
1149 1117 1334 1176 missa
1375 1116 1448 1176 ad
1491 1124 1790 1188 senatum,
1854 1120 2026 1180 cuius
2057 1119 2171 1179 hoc

240 1200 581 1279 exemplum
614 1208 736 1261 est:
786 1199 988 1269 „Nihil
1018 1199 1166 1261 mihi
1199 1202 1444 1280 grauius
1472 1208 1674 1280 potest
1705 1205 1969 1272 euenire,
2002 1224 2060 1283 p.
2096 1224 2169 1277 c.‚
2209 1213 2241 1261 6

239 1304 418 1365 quam
447 1292 512 1345 ut
543 1292 811 1345 uestrum
855 1285 1145 1347 iudicium
1173 1284 1423 1346 Albinus
1466 1286 1717 1347 haberet
1755 1289 1953 1365 potius
1996 1305 2173 1365 quam

240 1371 518 1432 Seuerus.
580 1387 690 1448 ego
721 1371 1028 1431 frumenta
1053 1372 1146 1430 rei
1173 1390 1234 1449 p.
1270 1370 1481 1441 detuli,
1517 1389 1627 1449 ego
1657 1372 1843 1433 multa
1872 1372 2027 1433 bella
2057 1392 2171 1452 pro
2209 1384 2239 1432 7

237 1475 304 1517 re
334 1472 406 1534 Ρ.·
429 1457 609 1533 gessi,
645 1474 756 1534 ego
786 1454 1010 1535 populo
1041 1454 1314 1515 Romano
1345 1463 1575 1517 tantum
1624 1455 1738 1517 olei
1769 1456 1957 1518 detuli
1988 1474 2171 1535 quan-

169 1562 214 1602 15
238 1549 363 1601 tum
392 1559 598 1601 rerum
631 1548 845 1601 natura
885 1542 990 1601 uix
1028 1539 1254 1600 habuit.
1334 1559 1443 1618 ego
1486 1543 1802 1603 interfecto
1841 1542 2173 1604 Pescennio

238 1626 421 1705 Nigro
481 1645 595 1685 uos
639 1644 673 1685 a
714 1624 888 1685 malis
944 1626 1275 1705 tyrannicis
1332 1625 1605 1687 liberaui.
1690 1624 1969 1705 magnam
2031 1647 2173 1689 sane
2210 1638 2245 1686 8

237 1710 384 1771 mihi
413 1710 755 1771 reddidistis
782 1712 996 1780 uicem,
1043 1727 1319 1788 magnam
1361 1712 1645 1789 gratiam:
1696 1730 1884 1773 unum
1917 1730 1989 1771 ex
2018 1713 2176 1774 Afris
2237 1748 2242 1755 -

240 1803 298 1856 et
329 1795 574 1873 quidem
603 1795 1052 1856 Hadrumetinis
1081 1796 1433 1872 fingentem,
1482 1797 1641 1874 quod
1673 1796 1748 1856 de
1794 1798 2177 1859 Ceioniorum

240 1888 552 1941 stemmate
595 1882 946 1958 sanguinem
987 1879 1262 1949 duceret,
1325 1898 1513 1959 usque
1558 1881 1705 1942 adeo
1738 1882 2059 1951 extulistis,
2114 1889 2178 1943 ut

171 1986 217 2026 20
243 1982 378 2026 eum
409 1966 746 2044 principem
776 1963 1000 2025 habere
1034 1964 1271 2025 uelletis
1300 1984 1397 2025 me
1426 1967 1720 2045 principe,
1756 1966 1939 2028 saluis
1969 1966 2175 2027 liberis

237 2052 409 2111 meis.
488 2050 756 2111 defuitne
788 2067 1012 2126 quaeso
1041 2057 1206 2111 tanto
1241 2056 1450 2110 senatu
1482 2069 1659 2129 quem
1692 2069 1891 2111 amare
1923 2049 2171 2111 debere·
2210 2060 2243 2108 9

238 2137 332 2204 tis,
369 2137 611 2213 quinos
643 2136 906 2195 amaret?
967 2134 1150 2195 huius
1193 2136 1441 2195 fratrem
1484 2134 1817 2196 honoribus
1860 2135 2172 2205 extulistiS,

239 2219 312 2281 ab
343 2220 460 2279 hoc
491 2217 866 2289 consulatuS,
901 2218 976 2279 ab
1007 2219 1122 2279 hoc
1151 2226 1498 2299 praeturaS,
1532 2220 1605 2282 ab
1637 2219 1752 2280 hoc
1784 2222 2039 2299 speratis
2071 2240 2175 2281 cu-

235 2305 428 2365 iusuis
457 2306 839 2381 magistratus
866 2306 1140 2382 insignia.
1220 2322 1343 2364 non
1387 2323 1516 2364 eam
1560 2306 1809 2383 gratiam
1847 2305 1995 2365 mihi
2038 2304 2172 2366 red·
2214 2315 2280 2363 10

168 2408 214 2448 25
241 2388 379 2449 ditis
410 2406 589 2465 quam
619 2390 876 2451 maiores
921 2391 1111 2450 uestri
1163 2396 1369 2450 contra
1413 2390 1791 2451 Pisonianam
1834 2391 2174 2461 factionem,

238 2492 418 2553 quam
449 2475 592 2533 item
626 2493 738 2553 pro
770 2474 1046 2542 Traiano,
1080 2493 1258 2552 quam
1288 2493 1483 2553 nuper
1514 2482 1722 2536 contra
1744 2476 2023 2538 Auidium
2038 2476 2175 2537 Cas-

245 2560 400 2619 sium
431 2560 895 2637 praestiterunt:
941 2560 1146 2619 fictum
1175 2558 1341 2619 illum
1389 2567 1448 2620 et
1490 2559 1563 2620 ad
1605 2562 1804 2623 omnia
1834 2560 2175 2623 mendacio—

235 2662 377 2705 rum
419 2661 644 2721 genera
683 2650 991 2723 paratum,
1056 2645 1158 2721 qui
1207 2643 1578 2707 nobilitatem
1622 2663 1859 2725 quoque
1892 2647 2177 2706 mentitus
2216 2685 2225 2693 ·

239 2735 349 2799 est,
383 2727 532 2789 mihi
560 2729 1013 2808 praeposuistis.
1094 2730 1238 2806 quin
1282 2732 1460 2789 etiam
1502 2729 1833 2791 audiendus
1871 2732 1934 2790 in
1966 2737 2176 2810 senatu
2216 2737 2277 2786 11

167 2832 214 2871 30
239 2813 353 2874 fuit
383 2813 653 2874 Statilius
685 2812 1060 2882 Corfulenus,
1102 2816 1208 2890 ‘qui
1258 2813 1521 2875 honores
1550 2814 1764 2876 Albino
1796 2822 1856 2875 et
1898 2816 2025 2874 eius
2055 2814 2175 2874 fra-

237 2899 317 2959 tri
349 2898 761 2959 decernendos
790 2898 1063 2967 ducebat,
1100 2900 1195 2959 cui
1225 2897 1342 2959 hoc
1382 2901 1703 2978 superfuit,
1739 2906 1805 2960 ut
1844 2898 1917 2959 de
1948 2916 2045 2959 me
2075 2896 2176 2958 ille

236 2983 595 3044 decerneret
623 2983 803 3044 homo
835 2982 1052 3044 nobilis
1085 2991 1144 3044 et
1171 2982 1560 3062 triumphum.
1622 2986 1811 3044 maior
1841 2984 1953 3043 fuit
1983 2982 2172 3053 dolor,
2214 2991 2278 3040 12

239 3068 401 3147 quod
461 3068 626 3128 illum
678 3087 789 3147 pro
844 3067 1105 3129 litterato
1152 3068 1516 3129 laudandum
1566 3068 1843 3151 plerique
1907 3069 2176 3139 duxistis,

338 3240 374 3288 4
396 3236 604 3302 inquiri
630 3237 798 3288 iussit
820 3242 884 3287 ut
918 3238 983 3289 M
1118 3238 1150 3289 8
1177 3238 1311 3288 emit
1333 3235 1409 3287 B¹
1442 3238 1725 3289 interemit
1748 3237 1823 3289 B²
1963 3241 2027 3289 13
2061 3254 2177 3307 rep.

233 3303 358 3355 ΒΡ1
453 3305 589 3371 belli
620 3304 695 3354 B¹
790 3308 854 3355 14
877 3322 934 3355 re
961 3303 1036 3371 p.]
1065 3301 1127 3372 tf)
1146 3306 1249 3355 BP
1276 3304 1421 3369 (fort.
1458 3321 1584 3371 pop.
1611 3308 1794 3371 Rom.)
1914 3308 1977 3356 16
2001 3306 2179 3359 malas

235 3373 310 3423 B¹
337 3373 484 3425 milis
508 3372 587 3422 Ρ1
725 3377 792 3426 20
814 3373 1008 3425 uelitis
1030 3374 1095 3425 M
1230 3376 1297 3425 29
1322 3375 1713 3439 praeposuitus
1736 3374 1823 3425 ΒΓ
1921 3377 1988 3425 30
2014 3379 2071 3423 et
2095 3375 2183 3426 ius

239 3440 307 3491 fr.
334 3442 412 3493 P¹
555 3443 620 3492 32
645 3442 850 3511 nobilis
873 3444 1277 3508 supplicationes
1304 3447 1361 3492 et
1385 3442 1721 3507 triumphum
1744 3443 2083 3494 Momm-senus

237 3510 312 3561 ad
335 3510 672 3576 triumphum
694 3512 756 3563 M
1794 3516 1798 3523 '

1653 3593 1729 3656 11
1758 3592 1793 3631 *
