2517 3884
311 163 436 227 184
1013 169 1142 225 IVLI
1183 166 1563 226 CAP1TOL1N1‘

315 336 580 405 aduerti,
614 336 716 411 qui
749 352 817 396 re
859 353 1001 395 uera
1035 334 1273 396 sciendi
1296 342 1467 405 sunt,
1504 335 1609 395 sed
1643 354 1715 395 ex
1743 345 1947 415 parte,
1982 345 2050 399 ut
2071 357 2153 397 ex
2186 357 2256 399 ea

315 427 516 481 cetera
549 418 920 497 colligantur.

235 501 283 564 2
441 505 650 568 Occiso
728 522 870 581 ergo
933 506 1231 566 Antonino
1297 505 1584 565 Β33313113
1645 505 1877 585 Opilius
1934 444 2251 582 Macrinus,

311 592 654 689 praefectus
683 589 973 668 praetorii
1006 591 1153 659 eiuS,
1189 590 1294 669 qui
1325 596 1497 650 antea
1527 591 1793 669 priuatas
1825 600 2096 662 curarat,
2140 596 2253 653 im-

311 677 550 755 perium
581 675 862 754 arripuit,
918 673 1134 734 humili
1185 680 1361 735 natus
1415 674 1545 735 loco
1595 683 1655 734 et
1685 678 1869 737 animi
1899 676 2097 756 atque
2130 680 2252 738 oris
2307 697 2336 737 5

309 759 727 829 inuerecundi,
762 774 944 835 seque
975 777 1136 819 nunc
1169 748 1461 820 Seuerum
1493 778 1657 820 nunc
1684 762 2079 831 Antoninum,
2114 781 2253 823 311111
2335 820 2343 825 ,

313 848 377 905 in
409 844 544 905 odio
579 851 737 904 esset
767 845 1038 904 omnium
1063 851 1121 904 et
1145 843 1458 904 hominum
1482 855 1542 905 et
1564 845 1839 916 militum,
1865 849 2251 925 nuncupauit.

247 944 280 990 2
318 930 634 1008 statimque
666 928 739 989 ad
770 928 998 990 bellum
1029 927 1371 989 Parthicum
1401 931 1709 1007 profectus
1743 938 1802 991 et
1831 931 2135 992 iudicandi
2178 932 2252 991 de

317 1031 382 1074 se
435 1013 720 1074 militibus
773 1019 831 1073 et
875 1014 1251 1083 rumoribus,
1308 1014 1525 1091 quibus
1575 1015 1995 1093 premebatur,
2050 1015 2252 1077 adule-

247 1113 279 1161 3
316 1098 524 1159 scendi
554 1104 914 1177 potestatem
947 1098 1160 1167 demit;
1209 1100 1483 1176 quamuis
1525 1108 1769 1161 senatus
1816 1120 1951 1161 eum
1992 1102 2251 1179 impera·
2284 1123 2339 1161 10

319 1190 510 1245 torem
545 1183 680 1244 odio
711 1184 994 1245 Antonini
1035 1184 1308 1245 Bassiani
1350 1183 1608 1245 libenter
1654 1188 1987 1267 acceperit,
2023 1204 2160 1247 cum
2190 1188 2253 1245 in

245 1282 280 1330 4
317 1275 530 1329 senatu
573 1267 852 1329 omnibus
895 1288 1010 1329 una
1053 1288 1172 1329 uox
1219 1276 1411 1338 esset:
1472 1270 1803 1341 „Quemuis
1844 1272 2035 1349 magis
2079 1290 2251 1350 quam

313 1354 699 1433 parricidam,
737 1356 1018 1431 quemuis
1047 1355 1236 1432 magis
1269 1372 1447 1433 quam
1476 1356 1791 1425 incestum,
1827 1357 2098 1434 quemuis
2130 1374 2251 1415 ma-

313 1441 406 1517 gis
439 1457 617 1519 quam
646 1440 951 1518 inpurum,
985 1440 1263 1518 quemuis
1293 1440 1482 1518 magis
1515 1458 1691 1519 quam
1721 1441 2171 1519 interfectorem
2197 1448 2255 1500 et

313 1532 560 1584 senatus
594 1530 652 1582 et
679 1521 957 1602 populi.“
2280 1546 2341 1585 15

245 1622 278 1671 5
413 1608 520 1669 -Et
560 1608 782 1668 mirum
825 1608 1108 1669 omnibus
1149 1608 1405 1668 fortasse
1445 1609 1739 1677 uideatur,
1788 1628 1895 1670 cur
1935 1609 2250 1671 Diadume-

315 1711 462 1754 num
536 1692 724 1753 filium
790 1692 1090 1754 Macrinus
1151 1694 1514 1753 Antoninum
1577 1692 1836 1754 uoluerit
1892 1696 2247 1773 nuncupari,

236 1778 277 1841 3
315 1796 452 1837 cum
498 1783 706 1838 auctor
748 1778 914 1838 necis
953 1778 1389 1837 Antoninianae
1440 1779 1627 1838 fuisse
1671 1778 1918 1839 dicatur.
1982 1778 2081 1838 ·de
2122 1780 2253 1856 ipso

315 1880 468 1941 quae
521 1864 586 1921 in
633 1860 877 1922 annales
928 1860 1114 1921 relata
1167 1862 1288 1920 sint
1335 1862 1677 1939 proferam:
1762 1872 1931 1924 uates
1982 1862 2255 1923 caelestis

313 1946 471 2025 apud
515 1945 962 2024 Carthaginem,
1007 1963 1159 2023 quae
1188 1945 1317 2028 *deo
1360 1946 1591 2025 repleta
1636 1946 1786 2008 solet
1827 1966 1973 2009 uera
2016 1966 2249 2015 canere,
2280 1969 2341 2008 20

317 2031 429 2092 sub
479 2032 774 2096 Antonino
816 2028 952 2097 Pio,
1003 2047 1140 2089 cum
1183 2031 1541 2092 sciscitante·
1562 2031 1925 2110 proconsule
1968 2031 2041 2092 de
2072 2039 2252 2101 statu,

311 2125 379 2176 ut
410 2114 657 2183 solebat,
690 2112 931 2191 publico
965 2120 1025 2172 et
1055 2114 1129 2173 de
1162 2132 1271 2175 suo
1315 2116 1567 2193 imperio
1610 2116 1815 2177 futura
1854 2116 2251 2196 praediceret,

313 2200 418 2261 ubi
448 2199 521 2259 ad
550 2199 856 2277 principes
887 2206 1132 2259 uentum
1167 2207 1291 2268 est,
1325 2199 1485 2261 clara
1516 2219 1666 2261 uoce
1708 2203 2015 2262 numerari
2056 2199 2251 2270 iussit,

289 2284 592 2363 ‘quotiens
643 2282 873 2341 diceret
927 2283 1311 2352 Antoninum,
1367 2292 1625 2363 tuncque
1678 2287 1917 2345 attentis
1973 2286 2255 2346 omnibus

241 2386 272 2431 2
308 2368 592 2429 Antonini
620 2384 842 2426 nomen
876 2364 1186 2445 [Augusti]
1222 2375 1433 2428 octauo
1468 2368 1667 2429 edidit.
1732 2368 1837 2429 sed
1868 2368 2253 2429 credentibus
2281 2392 2343 2433 25

310 2453 560 2519 cunctis,
595 2450 757 2526 quod
791 2457 924 2510 octo
957 2453 1129 2511 annis
1162 2453 1497 2512 Antoninus
1527 2452 1666 2512 Pius
1707 2454 2111 2531 imperaturus
2154 2472 2247 2513 es-

309 2544 418 2605 set,
456 2541 515 2595 et
543 2533 646 2594 ille
681 2534 1048 2595 transcendit
1077 2534 1236 2595 hunc
1270 2552 1561 2596 annorum
1606 2554 1955 2605 numerum,
2005 2543 2065 2596 et
2106 2556 2252 2597 con-

307 2620 457 2684 stitit
487 2619 644 2699 apud
679 2617 996 2680 credentes
1027 2619 1126 2679 uel
1157 2627 1299 2679 tunc
1330 2619 1429 2680 uel
1459 2629 1687 2699 postea,
1722 2639 1833 2699 per
1856 2627 2057 2681 uatem
2089 2622 2250 2683 aliud

241 2722 273 2769 3
311 2706 703 2783 designatum.
769 2704 1029 2779 denique
1063 2704 1469 2766 adnumeratis
1512 2705 1788 2766 omnibus
1837 2708 1940 2785 qui
1967 2707 2248 2767 Antonini

239 2806 276 2854 4
309 2790 594 2871 appellati
624 2796 767 2849 sunt
795 2790 848 2849 is
878 2790 1319 2851 Antoninorum
1350 2808 1641 2852 numerus
1668 2792 1993 2852 inuenitur.
2060 2794 2248 2853 enim-
2276 2812 2335 2851 311

405 2946 440 2993 4
477 2943 732 3007 priuatus
759 2942 1000 2993 cubabat
1025 2942 1188 2993 BPM
1336 2943 1367 2990 6
1384 2951 1509 3007 post
1530 2943 1871 2994 Antoninum
1894 2941 1971 2995 1²³
2006 2946 2130 2997 add.
2154 2959 2249 2994 uo-

305 3026 433 3060 care
575 3013 603 3061 7
633 3014 690 3060 et
713 3010 991 3061 hominum
1024 3036 1092 3062 -τ-
1127 3010 1441 3075 parthieum
1464 3011 1515 3060 B
1540 3012 1684 3073 infra
1708 3019 1839 3062 text.
1979 3027 2247 3061 noncura-

299 3079 388 3127 uit
410 3078 464 3127 B
487 3078 818 3129 noncunarit
841 3079 892 3127 P
913 3095 1028 3129 ecce.
1167 3080 1200 3129 8
1223 3078 1551 3129 uindicandi
1573 3080 1639 3130 M
1750 3082 1783 3130 9
1807 3094 1904 3129 3311
1928 3094 2061 3129 rum.
2086 3079 2257 3129 BPM

409 3160 438 3193 e
467 3146 665 3209 quibus
687 3145 793 3195 BP
927 3149 990 3196 10
1016 3145 1255 3211 dempsit
1280 3146 1347 3196 M
1482 3149 1545 3196 12
1568 3147 1824 3211 quemuis
1848 3164 1918 3198 m.
1945 3162 1993 3211 q.
2021 3162 2247 3212 parn—

301 3214 579 3262 incestum
613 3213 664 3261 P
692 3213 836 3275 infra
870 3220 1064 3263 temtum
1226 3215 1291 3263 14
1323 3230 1517 3278 purum
1549 3214 1625 3265 B¹
1788 3216 1850 3263 16
1886 3214 2251 3264 diadumenus

299 3280 450 3330 filius
481 3280 713 3330 macrini
748 3281 1046 3332 antoninus
1080 3282 1249 3333 BPM
1276 3298 1367 3331 em.
1398 3283 1438 3332 0
1586 3286 1652 3338 19
1686 3282 1895 3333 relatas
1929 3282 1989 3331 in
2023 3283 2249 3347 profeta.

301 3348 406 3397 BP
427 3364 544 3400 exe.
572 3347 752 3399 relata.
779 3349 891 3399 sint
915 3348 1058 3400 eaec.²
1207 3352 1275 3400 20
1300 3366 1443 3414 quae
1471 3351 1538 3401 de
1558 3368 1600 3400 r.
1627 3351 1731 3400 BP
1750 3348 1891 3403 exc.¹
2031 3350 2253 3400 solebat

301 3414 446 3466 exc?
469 3416 533 3467 M
690 3418 758 3466 24
781 3417 1052 3467 adtonitis
1076 3418 1179 3469 BP
1199 3432 1315 3469 exe.
1480 3420 1547 3469 25
1570 3418 1811 3483 Augusti
1835 3420 1934 3468 del.
1960 3418 2109 3468 Iov-d.

299 3485 370 3534 28
397 3484 674 3535 credentis
697 3483 802 3533 BP
935 3487 1000 3535 30
1024 3485 1112 3535 his
1137 3485 1240 3535 BP
