2517 3884
788 169 1137 226 PERTINAX.
1227 169 1283 226 C.
1330 172 1533 230 9-12,
2016 165 2139 229 113

191 333 454 394 molante
501 333 818 395 Pertinace
863 343 1116 414 negatur
1158 337 1220 394 in
1250 334 1457 396 —hostia
1516 353 1618 396 cor
1674 346 2009 415 repertum;
2078 347 2137 398 et

191 439 327 480 cum
359 419 424 480 id
469 419 660 482 uellet
699 438 1048 500 procurare,
1083 424 1275 499 {caput
1318 425 1590 482 extorum
1634 439 1753 486 non
1797 419 2133 501 deprehen-

196 506 298 565 dit.
377 512 438 564 et
467 511 615 566 tunc
647 506 886 585 quidem
931 523 1140 571 omnes
1189 503 1407 566 milites
1449 509 1511 566 in
1554 509 1765 568 castris
1796 507 2131 569 manebant.

197 591 297 669 qui
325 609 469 650 cum
501 592 578 650 de
605 593 818 661 eastris
849 589 921 652 ad
967 590 1325 668 obsequium
1370 593 1657 671 principis
1688 594 2130 662 conuenissent,
2170 607 2203 654 3

145 697 174 734 5
203 682 264 735 et-
289 675 573 736 Pertinax
605 694 678 736 eo
709 675 806 736 die
827 677 1292 756 processionem,
1326 693 1507 751 quam
1536 677 1609 738 ad
1631 677 1997 739 Athenaeum
2028 699 2131 758 pa-

197 766 455 830 rauerat,
504 768 572 822 ut
601 761 836 823 audiret
877 768 1145 840 poetam,
1192 760 1269 821 ob
1298 763 1571 822 sacrificii
1599 765 1981 842 praesagium
2012 763 2131 826 dis-

199 840 461 914 tulisset,
507 848 529 906 i
570 848 673 926 qui
730 847 800 908 ad
859 846 1216 924 obsequium
1259 855 1555 908 uenerant
1593 847 1793 909 redire
1835 849 1897 908 in
1941 857 2133 912 castra

199 939 548 1010 coeperunt.
629 933 734 992 sed
777 932 976 992 subito
1018 930 1233 1010 globus
1274 931 1377 991 ille
1420 935 1481 992 in
1513 933 1807 995 Palatium
1850 937 2132 1014 peruenit
2169 947 2225 996 4.

197 1035 394 1096 neque
425 1024 527 1077 aut
559 1020 752 1077 arceri
795 1019 992 1096 potuit
1033 1024 1134 1077 aut
1179 1019 1527 1096 imperatori
1577 1021 1861 1081 nuntiari.
1944 1023 2131 1081 enim·
2172 1034 2203 1080 5

123 1121 174 1159 10
198 1119 348 1164 uero
407 1108 638 1162 tantum
697 1101 900 1164 odium
960 1104 1022 1162 in
1066 1101 1440 1163 Pertinacem
1488 1104 1753 1165 omnium
1804 1104 2139 1166 aulicorum

197 1189 339 1256 suit,
392 1190 460 1247 nt
490 1187 574 1248 ’ad
617 1189 846 1249 facinus
890 1187 1570 1248 milites-hortarentur.
1650 1197 2135 1268 superuenerunt
2172 1203 2203 1250 6

197 1271 514 1343 Pertinaci,
551 1292 686 1334 cum
717 1273 816 1339 ille
849 1273 1109 1334 aulicum
1140 1273 1514 1334 famulicium
1546 1273 1866 1344 ordinaret,
1901 1276 2130 1353 ingres-

199 1359 368 1437 sique
399 1359 667 1438 porticus
697 1358 902 1419 Palatii
945 1376 1136 1437 usque
1177 1358 1249 1418 ad
1293 1358 1489 1418 locum
1532 1360 1633 1438 qui
1676 1359 2010 1438 appellatur
2042 1359 2133 1420 Si-

197 1442 332 1504 cilia
393 1449 455 1503 et
503 1443 666 1506 Iouis
725 1446 978 1504 cenatio.
1083 1443 1198 1503 hoc
1259 1445 1495 1522 cognito
1546 1445 1825 1505 Pertinax
1885 1445 2134 1508 Laetum
2174 1461 2201 1510 7

121 1545 173 1584 15
199 1529 388 1607 praef.
421 1535 610 1608 praet.
667 1529 739 1589 ad
771 1547 876 1590 eos
907 1530 1084 1590 misit.
1165 1528 1270 1589 sed
1329 1529 1441 1588 ille·
1484 1529 1795 1590 declinatis
1846 1531 2135 1592 militibus

197 1631 307 1693 per
338 1615 608 1692 porticus
640 1631 916 1693 egressus
948 1613 1235 1693 adoperto
1270 1616 1463 1694 capite
1489 1615 1731 1676 domum
1764 1635 1829 1676 se
1860 1617 2130 1678 contulit.

197 1717 414 1759 uerum
459 1709 595 1760 cum
639 1698 710 1759 ad
752 1701 1041 1760 interiora
1082 1708 1566 1778 prorumperent,
1614 1701 1892 1762 Pertinax
1926 1702 1999 1762 ad
2032 1722 2134 1763 eos
2172 1719 2203 1766 8

197 1785 494 1863 processit
537 1803 758 1864 eosque
798 1784 992 1862 longa
1019 1791 1078 1844 et
1129 1786 1300 1862 graui
1348 1787 1616 1846 oratione
1668 1786 1949 1866 placauit.
2028 1788 2133 1848 sed
2170 1805 2201 1851 9

199 1887 335 1930 cnm
367 1869 624 1930 Tausius
658 1869 921 1950 quidam,
951 1888 1108 1930 unus
1141 1889 1173 1928 e
1204 1870 1483 1947 Tungris,
1517 1871 1580 1930 in
1610 1873 1761 1932 iram
1792 1879 1849 1932 et
1877 1874 1939 1933 in
1955 1874 2130 1934 timo-

119 1973 172 2010 ρο
198 1973 328 2014 rem
361 1953 584 2016 milites
612 1955 916 2035 loquendo
947 1954 1308 2024 adduxisset,
1342 1955 1574 2016 hastam
1605 1958 1667 2015 in
1700 1963 1913 2036 pectus
1943 1955 2133 2019 Perti-

198 2041 376 2100 nacis⁴
391 2039 628 2101 obiecit.
704 2049 850 2100 tunc
878 2038 978 2100 ille
1022 2042 1304 2118 precatus
1335 2040 1541 2100 louem
1572 2039 1836 2102 Vltorem
1870 2049 2003 2119 toga
2036 2061 2131 2103 ca·
2175 2061 2236 2108 10

197 2132 306 2204 put
349 2126 588 2205 operuit
630 2133 807 2203 atque
851 2145 884 2186 a
927 2127 1144 2185 ceteris
1205 2125 1520 2185 confossus
1575 2132 1683 2186 est.
1762 2133 1820 2186 et
1858 2126 2133 2188 Eclectus
2172 2145 2233 2193 11

199 2209 442 2290 quidem
475 2211 770 2272 confossis
793 2210 1029 2272 duobus
1061 2227 1194 2269 cum
1227 2209 1437 2271 eodem
1468 2212 1651 2289 perit;
1688 2209 1905 2290 reliqui
1934 2220 2131 2274 autem
2174 2232 2236 2278 12

201 2295 556 2356 cubicularii
585 2295 828 2375 palatini
862 2297 1017 2377 (nam
1049 2313 1192 2356 suos
1223 2297 1457 2365 statim,
1492 2303 1559 2355 ut
1586 2297 1913 2376 impera-tor
1942 2298 2134 2359 sactus

120 2396 176 2434 25
203 2389 323 2452 est,
369 2381 504 2442 filiis
549 2382 934 2461 emancipatis
987 2379 1251 2461 dederat)
1328 2381 1708 2459 diffugerunt.
1788 2383 1958 2444 multi
1990 2403 2134 2446 sane
2174 2404 2237 2452 13

196 2467 424 2536 dicunt,
459 2467 637 2528 etiam
667 2466 1011 2528 cubiculum
1037 2465 1254 2526 milites
1284 2467 1587 2547 inrupisse
1618 2474 1795 2548 atque
1824 2467 1945 2529 illic
1978 2472 2136 2531 circa

193 2551 422 2613 lectum
448 2552 777 2630 fugientem
808 2552 1185 2612 Pertinacem
1215 2551 1525 2613 occidisse.

369 2637 508 2698 Fuit
537 2644 734 2697 autem
767 2656 951 2698 senex
981 2637 1365 2706 uenerabilis,
1398 2639 1641 2699 inmissa
1671 2638 1876 2709 barba,
1909 2639 2137 2700 reflexo
2160 2645 2238 2708 12

197 2722 434 2802 capillo,
468 2722 816 2782 habitudine
847 2723 1118 2802 corporis
1148 2723 1482 2801 pinguiore,
1528 2731 1739 2784 uentre
1769 2724 2131 2803 prominulo,

120 2823 172 2862 30
201 2816 430 2870 statura
473 2809 889 2886 imperatoria,
937 2807 1273 2887 eloquentia
1317 2808 1605 2869 mediocri
1649 2817 1706 2869 et
1744 2810 1933 2887 magis
1964 2809 2132 2869 blan-

200 2893 316 2955 dus
349 2913 530 2973 quam
561 2892 856 2970 benignus
907 2911 1019 2952 nec
1069 2909 1349 2973 umquam
1405 2893 1669 2954 creditus
1728 2893 1996 2973 simplex.
2076 2901 2135 2954 et
2172 2913 2203 2960 2

120 2979 126 2984 ’
199 2997 340 3040 cum
382 2978 590 3040 uerbis
635 2986 792 3039 esset
835 2977 1117 3048 affabilis,
1179 2997 1247 3038 re
1294 2986 1421 3039 erat
1464 2977 1790 3039 inliberalis
1834 2999 1901 3040 ac
1945 2999 2135 3059 prope

196 3064 502 3134 sordiduS,
537 3071 602 3124 ut
633 3063 962 3125 dimidiatas
1008 3063 1269 3124 lactucas
1312 3070 1370 3124 et
1410 3064 1626 3125 cardus
1655 3066 1718 3124 in
1747 3067 1981 3144 priuata
2015 3069 2136 3127 uita

300 3237 333 3284 2
359 3213 691 3284 excomffl·B
826 3235 859 3282 4
884 3233 950 3284 de
977 3250 1069 3286 om.
1094 3231 1198 3281 BP
1332 3235 1363 3284 5
1388 3249 1551 3298 quam
1574 3251 1667 3287 om.
1692 3235 1795 3284 BP
1930 3238 1960 3286 7
1984 3235 2063 3284 hii
2087 3235 2139 3285 B

196 3302 255 3351 hi
278 3303 330 3352 P
468 3301 534 3350 16
558 3301 828 3366 adaperto
853 3301 904 3350 B
1043 3303 1106 3352 18
1131 3303 1439 3366 praecessit
1463 3301 1630 3352 BPM
1764 3306 1825 3354 19
1852 3319 1949 3354 cur
1970 3302 2074 3352 BP

193 3372 398 3420 timore
423 3369 474 3418 B
497 3374 768 3420 tumorem
790 3369 832 3419 S
976 3372 1040 3418 22
1067 3385 1098 3420 a
1125 3386 1216 3422 om.
1246 3369 1298 3418 B
1460 3371 1673 3420 eiectus
1697 3371 1799 3420 BP
1844 3371 2055 3422 electus
2080 3373 2147 3422 M

193 3438 468 3500 Eclectus
489 3440 684 3502 scripsi
817 3440 880 3489 32
907 3438 1275 3488 inliberabilis
1311 3439 1361 3488 P
1394 3447 1430 3491 t.
1457 3439 1605 3489 Iord.
1747 3441 1812 3490 33
1848 3440 2043 3490 cardos
2078 3440 2147 3488 M

194 3506 440 3556 carduos
463 3503 605 3572 eme.²
741 3508 860 3556 uita
885 3523 976 3556 om.
1005 3505 1056 3554 B
1705 3523 1709 3527 ·

160 3625 234 3701 κ
270 3623 486 3658 scmr‘r.
513 3623 662 3658 ms‘r.
689 3624 819 3658 Ave.
865 3609 908 3658 I.
1696 3587 1733 3651 8
