2517 3884
1031 173 1428 231 PRAEFATIO.
1908 225 1912 234 ,
2088 176 2201 232 XXI

249 313 384 368 inde
415 311 482 371 ab
506 310 778 368 Hadriano
810 327 988 386 usque
1019 309 1082 366 ad
1113 310 1497 372 Numerianum
1528 311 1635 368 1100
1665 309 1947 370 uolumine
1976 328 2037 367 re
2066 327 2199 368 uera

251 395 694 454 continerentur.
737 412 876 470 quae
919 393 1090 452 uerba
1131 413 1253 452 cum
1288 411 1477 451 omnes
1508 395 1722 453 codices
1753 396 1957 452 eisdem
1988 397 2197 454 mendis

252 481 609 554 grauioribus
638 481 746 538 iam
769 480 1066 555 deprauata
1091 479 1395 543 exhibeant,
1428 479 1639 537 nullum
1670 497 1739 547 ex,
1759 482 1839 537 eis
1862 467 2196 557 descriptum

249 581 379 623 esse
423 566 649 640 adparet
693 581 756 622 ex
797 581 862 621 eo
903 564 1064 628 libro,
1107 567 1164 621 in
1208 582 1319 646 quo
1362 565 1496 622 haec
1535 565 1867 643 interpolata
1910 575 2055 628 sunt,
2100 567 2195 623 sed

249 653 418 710 etiam
464 649 685 724 saepius
728 650 868 708 hanc
921 649 1249 724 scripturam
1302 649 1692 725 interpolatam
1744 653 1849 707 iam
1904 651 2193 726 repetitam

246 737 443 799 fuisse,
488 751 612 793 cum
653 735 823 793 codex
865 735 974 798 ille,
1018 750 1080 793 ex
1111 753 1220 808 quo
1253 735 1389 792 haec
1418 735 1623 792 familia
1651 752 1996 792 communem
2026 735 2194 809 origi-

247 838 379 878 nem
412 822 592 882 duxit,
627 819 978 877 scriberetur.
1066 820 1356 877 Interiecta
1386 828 1566 877 autem
1599 827 1729 877 sunt
1758 821 1953 878 haece:

379 948 415 968 ,,
431 904 530 962 Η10
557 904 622 961 ab
646 904 1128 978 hystoriographis
1153 903 1521 961 obmittantur
1544 905 1651 962 duo
1675 905 1837 967 Decii,
1854 905 1947 979 qui
1972 906 2037 962 de
2058 905 2193 962 Pan-

243 991 416 1047 nonia
443 989 697 1047 Budaliae
730 985 844 1066 [sic
872 990 1036 1046 codd.
1061 989 1201 1045 mihi
1228 990 1481 1046 Budaliae
1511 995 1576 1046 ut
1603 989 1769 1062 infra
1790 990 2092 1048 Danubium
2116 1006 2195 1048 ex

243 1077 585 1148 ylossemate
615 1089 740 1132 esse
769 1081 961 1131 ortum
981 1069 1243 1150 uidetur]
1280 1077 1561 1149 antiquam
1592 1077 1860 1148 originem
1891 1083 2192 1132 traxerunt.

247 1177 487 1234 quorum
515 1160 796 1232 antiquior
817 1158 1004 1216 multis
1026 1159 1386 1232 dignitatibus
1410 1159 1625 1222 claruit,
1650 1162 1740 1216 uir
1761 1160 2029 1219 industria
2050 1160 2191 1216 mili-

245 1248 354 1302 tari
401 1254 680 1304 strenuus,
713 1244 873 1303 ambo
905 1243 1164 1302 Caesares
1207 1243 1485 1319 appellat&
1530 1244 1626 1300 sed
1667 1245 1824 1319 prior
1853 1263 1883 1302 a
1912 1243 2191 1319 plerisque

247 1331 430 1388 dictus
461 1339 546 1388 est
559 1331 862 1403 Augustus,
895 1330 989 1404 qui
1004 1328 1348 1386 Valerianum
1370 1331 1602 1386 amicum
1626 1328 1816 1386 habuit
1838 1337 1892 1384 et
1916 1331 2188 1404 prouexit.

243 1416 416 1472 huius
445 1414 637 1474 fraude
658 1413 942 1488 Philippus
974 1414 1273 1489 imperator
1302 1430 1425 1471 cum
1449 1413 1563 1471 filio
1588 1413 1913 1471 interfectus
1939 1415 2190 1489 quamuis

243 1501 486 1557 diuersis
516 1499 672 1556 10015.

378 1587 469 1642 1110
513 1588 672 1642 etiam
715 1584 1084 1642 obmittuntur
1125 1583 1192 1640 ab
1223 1584 1427 1640 eisdem
1460 1584 1566 1640 duo
1600 1584 1711 1646 alii,
1749 1586 1840 1658 qui
1873 1591 2002 1657 post
2030 1599 2188 1658 prae-

243 1671 430 1728 dictos
460 1668 747 1745 imperium
778 1671 1118 1732 inuaserant,
1148 1668 1409 1726 uidelicet
1440 1667 1625 1725 Gallus
1655 1685 1779 1726 cum
1809 1668 1922 1724 filio
1954 1686 2055 1726 suo
2080 1668 2185 1724 Vo-

249 1755 488 1818 lusiano,
522 1755 616 1829 qui
647 1753 784 1812 nihil
815 1754 1110 1811 memoriae
1137 1755 1501 1827 reliquerunt.
1534 1753 1637 1810 suh
1667 1754 1755 1810 his
1776 1753 2106 1811 Aemilianus
2130 1755 2185 1809 in

237 1841 448 1897 Moesia
477 1857 568 1896 res
597 1856 771 1898 nouas
801 1839 1040 1895 1110111115.
1085 1839 1152 1896 ad
1182 1856 1343 1912 quem
1374 1839 1840 1914 comprimendum
1870 1855 1993 1895 cum
2025 1837 2184 1895 ambo

237 1926 482 2000 profecti
513 1930 718 1986 essent.
748 1925 1088 1980 Interamnae
1123 1918 1297 2000 [inter
1326 1923 1621 1980 danubium
1650 1940 1864 1980 amnem
1894 1924 2055 1979 codd.
2100 1923 2185 1978 In-

240 2019 519 2068 teramnae
547 2011 763 2080 scripsi
787 2026 916 2066 cum
938 2009 1222 2090 Eutropio
1262 2008 1453 2066 VIIII
1477 2015 1515 2064 5
1534 2011 1687 2065 unde
1718 2009 1861 2065 haec
1890 2010 2185 2080 descripta

237 2089 403 2172 sun-t]
453 2095 728 2152 interfecti
771 2103 902 2152 sunt
941 2111 1052 2152 non
1101 2092 1379 2168 completo
1419 2093 1660 2150 1110111110.
1714 2093 1832 2149 5010
1872 2092 2183 2166 pestilentia

239 2179 438 2237 morbo
471 2189 528 2236 et
556 2179 993 2254 aegritudinibus
1025 2195 1216 2236 eorum
1249 2178 1353 2232 fuit
1381 2180 1635 2250 cognitus
1665 2179 2021 2251 principatus.

370 2263 707 2322 Aemilianus
755 2262 1144 2321 obscurissime
1191 2270 1357 2319 natus
1410 2261 1699 2320 obscurius
1751 2265 2067 2336 imperauit,
2131 2264 2179 2320 si

242 2351 462 2423 quidem
490 2350 710 2407 Maurus
741 2350 938 2418 fuerat,
973 2366 1036 2406 00
1064 2348 1231 2404 101110
1264 2363 1451 2404 11101150
1482 2347 1701 2423 periit.”

369 2435 477 2492 Sed
504 2442 568 2492 ut
598 2442 870 2492 transeam
906 2433 972 2490 ad
1001 2433 1218 2490 codices
1241 2433 1490 2506 singulos
1516 2433 1678 2490 huius
1701 2433 1933 2490 familiae
1960 2449 2181 2489 enume-

239 2519 458 2582 randos,
491 2535 555 2575 ex
586 2536 820 2594 quorum
850 2535 1050 2592 magno
1092 2535 1321 2576 numero
1350 2520 1590 2592 primum
1622 2534 1814 2575 eorum
1844 2524 2053 2574 tantum
2084 2518 2181 2573 ha-

237 2602 383 2660 bebo
433 2605 718 2668 rationem,
774 2622 914 2678 quos
950 2607 1073 2678 ipse
1115 2605 1551 2666 examinauerim,
1594 2604 1867 2677 insignem
1911 2602 2177 2676 quendam

247 2704 313 2742 ex
341 2687 421 2742 015
451 2687 699 2745 obtinent
728 2689 938 2746 locum:

373 2775 421 2824 7.
455 2773 637 2828 codex
676 2773 990 2832 Vaticanus
1013 2791 1104 2830 nr.
1135 2775 1285 2830 1902
1313 2773 1772 2836 membranaceus,
1804 2769 2034 2838 f01.265,
2068 2787 2173 2828 500.

242 2853 394 2917 XIIII,
421 2853 714 2927 diligenter
737 2867 1004 2917 exaratus·
1041 2859 1265 2933 Incipit:
1290 2859 1366 2923 ,111
1389 2861 1497 2915 hoc
1518 2859 1797 2916 uolumine
1823 2857 2177 2914 continentur

243 2941 394 2998 uitae
435 2938 939 3016 infrascriptorum:
979 2949 1098 3001 uita
1124 2944 1371 3002 hadriani
1402 2945 1547 3001 edita
1576 2943 1643 3001 ab
1680 2942 1823 3000 helio
1856 2943 2174 3015 spartiano’‚

241 3022 365 3082 dein
389 3027 646 3100 sequitur
663 3037 991 3103 conspectus
1014 3032 1256 3087 uitarum
1283 3031 1743 3104 scriptorumque,
1771 3045 1835 3084 ex
1858 3026 2175 3101 (111111115νο-

241 3111 426 3183 piscus
453 3118 538 3168 est
565 3111 874 3187 appellatus
887 3113 1188 3188 Voposcus‚
1221 3121 1278 3170 et
1307 3113 1443 3171 folio
1473 3115 1652 3188 primo
1676 3126 1840 3170 uerso
1871 3113 2177 3186 praemisso

243 3196 482 3266 genuino
523 3197 720 3254 titulo:
769 3198 906 3262 ,Vite
953 3199 1299 3257 diuersorum
1332 3200 1639 3274 principum
1672 3207 1726 3254 et
1758 3206 2111 3272 tyrannorum
2145 3213 2175 3252 a

241 3279 470 3338 diuersis
509 3283 831 3358 composite’
884 3286 1048 3341 haec:
1093 3285 1479 3360 ,Spaniam-de
1504 3284 1621 3340 uita
1649 3283 1914 3340 hadriani.
1968 3281 2172 3354 Origo.’

237 3363 384 3439 Expl.
401 3383 418 3420 z
438 3370 774 3430 „contendas
786 3369 1038 3427 feliciter.
1065 3369 1364 3443 expliciunt
1377 3371 1490 3426 uite
1508 3369 1849 3425 diuersorum
1862 3367 2169 3442 principum

239 3464 268 3503 e
293 3457 642 3524 tyrannorum
667 3470 698 3510 a
722 3455 850 3512 diuo
874 3454 1136 3511 hadriano
1163 3471 1337 3528 usque
1362 3455 1430 3510 ad
1454 3456 1697 3512 carinum
1716 3471 1747 3510 a
1771 3452 2004 3508 diuersis
2022 3465 2170 3506 com-

233 3538 467 3608 posite.'’
