2517 3884
668 170 958 227 TYRANNI
1003 170 1333 227 TRIGINTA.
1422 171 1475 226 C.
1522 174 1756 226 12-15,
2068 164 2190 229 105

241 337 571 398 uideretur
602 336 885 399 Macriani
918 337 1095 397 etiam
1128 337 1347 406 frater,
1396 338 1497 413 qui
1540 336 1657 396 duo
1700 336 1950 397 adflictis
2002 336 2188 397 rebus

240 428 586 501 potuerunt
615 440 744 482 rem
773 438 832 500 p.
866 439 1099 499 gerere.
1149 422 1281 482 Non
1312 420 1458 481 mihi
1484 422 1991 501 praetereundum
2020 422 2187 483 uide·
2225 435 2256 483 3

241 515 428 569 retur
471 506 546 567 de
577 506 1012 567 Macrianorum
1045 505 1320 582 familia„
1360 523 1510 583 quae
1540 505 1835 584 hodieque
1867 506 2067 576 floret,
2128 507 2188 567 id

241 592 458 652 dicere
519 590 679 668 quod
739 590 997 670 speciale
1049 609 1289 670 semper
1348 590 1703 652 hahuerunt.
1789 591 2189 655 Alexandrum
2223 604 2261 652 4

179 699 210 738 5
245 678 536 754 Magnum
565 675 950 737 Macedonem
995 677 1108 736 uiri
1139 677 1200 735 in
1231 676 1425 736 anulis
1478 684 1537 737 et
1568 684 1845 755 argento,
1908 676 2189 739 mulieres

243 763 408 823 etin
437 759 706 821 reticulis
761 767 820 821 et
871 758 1306 834 dextrocheriis
1360 768 1417 821 et
1458 762 1519 821 in
1569 760 1760 823 anulis
1822 769 1881 823 et
1920 764 1981 821 in
2026 764 2189 829 omni

243 853 746 907 ornamentorum
786 862 1009 923 genere
1051 844 1398 925 exculptum
1442 865 1683 925 semper
1725 846 2081 917 habuerunt,
2118 866 2191 907 eo

243 948 447 1008 usque
489 938 554 991 ut
597 931 832 991 tunicae
867 937 925 990 et
963 929 1131 991 limbi
1175 938 1234 991 et
1276 929 1565 1009 paenulae
1611 931 1969 993 matronales
2010 933 2069 991 in
2104 933 2190 992 sa-

239 1014 414 1077 milia
449 1017 579 1076 eius
609 1008 908 1091 hodieque
941 1017 1078 1085 sint,
1115 1032 1267 1092 quae
1290 1014 1608 1076 Alexandri
1640 1016 1895 1094 effigiem
1930 1018 2004 1077 de
2035 1016 2191 1079 liciis

149 1121 208 1159 ιο
241 1100 628 1163 uariantibus
658 1107 1008 1161 monstrent.
1085 1100 1347 1161 uidimus
1391 1102 1665 1179 proxime
1697 1100 2033 1162 Cornelium
2066 1102 2186 1180 Ma·
2226 1112 2258 1161 5

244 1204 426 1247 crum
471 1204 542 1245 ex
587 1184 794 1245 eadem
843 1182 1062 1245 familia
1108 1186 1337 1253 uirum,
1403 1204 1533 1246 cum
1580 1194 1823 1246 caenam
1865 1187 1925 1247 in
1969 1186 2190 1266 templo

239 1269 526 1333 Herculis
557 1270 742 1339 daret,
770 1276 1037 1368 pateram
1071 1256 1437 1341 electrinam‚
1460 1287 1611 1347 quae
1641 1272 1702 1330 in
1733 1270 1930 1331 medio
1962 1270 2189 1331 uultum

243 1354 577 1417 Alexandri
605 1353 858 1415 haberet
904 1361 963 1415 et
991 1356 1052 1415 in
1087 1355 1400 1415 circuitum
1435 1374 1672 1416 omnem
1705 1354 2016 1416 historiam
2048 1375 2189 1416 con-

241 1442 475 1501 tineret
503 1440 689 1517 signis
719 1438 1007 1500 breuibus
1040 1447 1099 1500 et
1137 1439 1476 1509 minutulis,
1538 1440 1803 1519 pontifici
1844 1443 2187 1540 propinare,

155 1545 216 1585 ιε»
245 1543 432 1605 quam
464 1524 706 1605 quidem
739 1524 1111 1585 circumferri
1155 1524 1227 1584 ad
1274 1543 1482 1585 omnes
1515 1527 1662 1585 tanti
1693 1524 1849 1585 illius
1881 1526 1998 1586 uiri
2023 1528 2185 1604 cupi—

242 1610 533 1670 dissimos
561 1609 750 1669 iussit.
830 1608 986 1687 quod
1017 1609 1240 1670 idcirco
1282 1612 1459 1688 posui
1501 1610 1637 1689 quia
1672 1604 1951 1671 dicuntur
1995 1612 2190 1671 iuuari
2226 1621 2257 1669 6

239 1697 312 1755 in
347 1695 510 1754 omni
561 1700 696 1754 actu
747 1710 855 1753 suo
911 1695 1013 1770 qui
1044 1693 1447 1755 Alexandrum
1478 1713 1834 1774 expressum
1886 1695 1981 1755 uel
2040 1714 2187 1757 auro

243 1780 534 1857 gestitant
564 1777 664 1839 uel
695 1783 961 1856 argento.

979 1944 1466 2009 ODENATVS

155 2140 213 2181 20
381 2118 510 2178 Nisi
542 2116 873 2188 OdenatuS,
928 2120 1210 2198 princeps
1239 2115 1761 2195 Palmyrenorum,
1816 2126 1987 2196 capto
2020 2118 2187 2179 Vale·
2212 2116 2301 2181 15

241 2204 439 2273 riano,
473 2203 650 2262 fessis
668 2203 972 2263 Romanae
1005 2204 1094 2263 rei
1113 2221 1171 2281 p.
1207 2201 1438 2262 uiribus
1464 2202 1817 2281 sumpsisset
1848 2204 2183 2282 imperium,

241 2290 312 2349 in
351 2289 583 2347 oriente
625 2288 893 2366 perditae
934 2306 1036 2348 res
1080 2294 1299 2347 essent.
1380 2304 1566 2366 quare
1599 2286 1910 2367 adsumpto
1945 2290 2183 2348 nomine
2220 2301 2250 2348 2

241 2373 510 2453 primum
543 2372 730 2449 regali
761 2392 896 2433 cum
947 2391 1131 2433 uxore
1175 2371 1431 2432 Zenobia
1478 2378 1536 2431 et
1594 2370 1714 2432 filio
1774 2374 2029 2443 maiore,
2094 2374 2188 2433 cui

245 2466 380 2518 erat
423 2474 644 2517 nomen
675 2456 975 2528 HerodeS‚
1023 2455 1358 2517 minorihus
1400 2456 1780 2518 Herenniano
1828 2465 1885 2517 et
1917 2457 2187 2518 Timolao

155 2566 214 2605 25
245 2541 504 2603 collecto
539 2544 801 2621 exercitu
833 2549 1039 2603 contra
1068 2541 1285 2604 Persas
1315 2542 1623 2621 profectus
1656 2549 1764 2603 est.
1799 2542 2031 2605 Nisibin
2062 2544 2185 2621 pri·
2224 2558 2255 2605 3

245 2646 413 2688 mum
474 2633 533 2686 et
585 2628 834 2687 orientis
886 2626 1172 2706 pleraque
1233 2645 1367 2686 cum
1429 2628 1590 2687 omni
1646 2627 2072 2706 Mesopotamia
2123 2630 2187 2688 in

243 2718 610 2792 potestatem
639 2714 895 2791 recepit,
957 2710 1172 2771 deinde
1216 2713 1411 2790 ipsum
1457 2728 1664 2789 regem
1709 2714 1934 2771 uictum
1977 2712 2187 2789 fugere

247 2798 464 2874 coegit.
501 2801 808 2875 postremo
825 2796 1153 2859 Ctesifonta
1183 2815 1373 2875 usque
1394 2796 1683 2875 Saporem
1716 2803 1775 2856 et
1806 2798 1933 2857 eius
1962 2794 2186 2857 liberos
2220 2812 2257 2865 4

245 2888 604 2961 persecutus
634 2882 822 2960 captis
855 2880 1230 2951 concubiniS,
1281 2888 1451 2959 capta
1496 2883 1672 2944 etiam
1716 2898 1930 2958 magna
1960 2880 2184 2959 praeda

356 3085 414 3132 ‘1
440 3080 730 3133 uideretur
751 3082 854 3133 BP
877 3091 1001 3148 post
1029 3099 1224 3149 gerere
1253 3092 1475 3148 ponunt,
1512 3100 1606 3136 om.
1642 3084 1730 3147 M,
1765 3099 1859 3149 29⁰
1888 3091 2011 3149 post
2042 3082 2188 3135 filius

247 3153 549 3215 transposui
679 3151 992 3201 macrianus
1014 3152 1181 3201 BPM
1199 3168 1289 3201 em.
1316 3152 1358 3202 S
1487 3152 1702 3202 adflicti
1724 3151 1775 3201 B
1912 3155 1943 3202 2
1970 3168 2187 3217 gerere-

247 3222 340 3268 tur
363 3216 440 3267 P¹
579 3216 803 3269 uidetur
827 3234 937 3269 non
961 3218 1096 3268 mihi
1122 3235 1199 3284 pr.
1229 3219 1298 3269 de
1324 3220 1384 3270 M
1522 3222 1555 3271 5
1578 3219 1973 3270 machedonem
1996 3220 2099 3269 BP

245 3287 399 3336 uiros
424 3284 508 3335 B³
554 3286 663 3335 uiri
686 3287 745 3337 in
768 3302 902 3337 auro
929 3287 990 3336 M
1147 3288 1180 3337 8
1202 3278 1374 3351 lymbi
1396 3287 1501 3337 BP
1658 3290 1722 3339 10
1751 3288 2002 3338 uidemus
2024 3288 2194 3339 BPM

387 3356 449 3402 11
477 3352 637 3403 adem
660 3352 781 3403 B¹
765 3370 824 3405 111
850 3355 1043 3405 eadem
1068 3356 1133 3405 M
1290 3358 1353 3405 13
1380 3356 1616 3406 circuitu
1641 3356 1707 3406 M
1863 3360 1927 3408 15
1952 3372 2112 3421 quem
2134 3356 2186 3404 B

249 3422 434 3485 quiem
457 3418 535 3469 P¹
561 3436 700 3473 corr.
727 3421 876 3474 P⁸M
1018 3425 1082 3473 22
1109 3436 1196 3472 res
1222 3423 1475 3487 perditae
1500 3423 1647 3474 B³M
1795 3426 1861 3475 24
1886 3429 1943 3474 et
1968 3440 2001 3473 a
2026 3424 2184 3473 tima-

247 3488 340 3539 lao
363 3490 415 3538 B
442 3493 498 3539 et
524 3504 558 3538 a
581 3490 807 3541 timolao
831 3490 943 3540 PM
1079 3493 1144 3541 28
1171 3490 1473 3561 ctesifonta
1497 3490 1548 3540 B
1689 3496 1745 3542 et
1769 3493 1856 3541 ius
1880 3490 1955 3541 Ρι
