2517 3884
680 156 934 214 Avmlvs
953 156 1263 218 „cAsstvs
1350 153 1406 214 C.
1452 159 1627 215 3-1-5.
2034 149 2118 222 81

181 325 340 386 idem
373 321 582 384 multis
611 322 1022 386 desertoribus
1051 341 1263 385 manus
1286 323 1521 392 excidit,
1554 323 1683 384 aliis
1702 341 1885 386 crura
1912 324 2120 386 incidit
2154 334 2191 384 5

187 429 252 472 ac
280 408 544 488 poplites
575 408 810 477 dicens,
856 407 1418 488 maius‘exemplum
1462 427 1595 470 esse
1636 411 1897 472 uiuentis
1938 411 2117 470 mise-

83 539 92 546 ·
187 494 458 556 rabiliter
487 495 797 555 criminosi
826 512 1003 573 quam
1035 495 1234 554 occisi.
1298 511 1435 554 cum
1480 496 1809 574 exercitum
1849 494 2117 564 duceret,
2154 501 2189 550 6

192 589 246 640 et
271 581 468 642 inscio
496 581 630 658 ipso
673 597 886 639 manus
927 577 1232 640 auxiliaria
1264 579 1717 640 centurionibus
1760 581 1885 641 suis
1916 587 2119 640 aucto-

150 676 174 716 5
196 665 360 726 ribus
418 667 538 724 tria
586 663 748 724 milia
802 663 1210 724 Sarmatarum
1263 661 1676 742 neglegentius
1726 671 2007 743 agentum
2056 667 2123 726 in

191 751 446 810 Danuuii
484 751 634 828 ripis
682 748 1042 810 occidissent
1087 756 1317 810 etcum
1356 749 1577 828 praeda
1618 751 1848 828 ingenti
1877 749 1949 810 ad
1984 768 2119 810 eum

192 833 490 895 redissent
517 833 901 912 sperantibus
923 833 1379 896 centurionibus
1408 835 1762 914 praemium,
1798 834 1959 912 quod
1983 853 2121 914 per-

191 938 377 998 parua
422 937 606 980 manu
648 925 875 980 tantum
919 918 1180 980 hostium
1221 920 1463 996 segnius
1502 919 1817 998 agentibus
1866 919 2124 982 tribunis

195 1011 253 1064 et
278 1003 700 1082 ignorantibus
729 1003 1116 1074 occidissent,
1157 1005 1291 1082 rapi
1334 1021 1437 1064 eos
1474 1005 1649 1066 iussit
1691 1012 1750 1064 et
1788 1007 1852 1066 in
1880 1023 2128 1066 crucem

128 1103 174 1164 ιο
199 1088 324 1149 tolli
353 1088 682 1166 seruilique
714 1088 1008 1168 supplicio
1041 1088 1238 1158 adiici,
1284 1087 1445 1166 quod
1489 1087 1831 1167 exemplum
1872 1107 1994 1152 non
2026 1109 2126 1151 ex·-

193 1173 382 1244 tabat,
415 1172 639 1244 dicenS,
673 1176 918 1234 euenire
947 1175 1234 1254 potuisse,
1272 1179 1339 1234 ut
1363 1180 1565 1234 essent
1597 1174 1867 1243 insidiae,
1888 1193 1958 1235 ac
1987 1193 2126 1254 per·

192 1261 307 1319 iret
349 1258 606 1319 Romani
647 1260 885 1338 imperii
936 1259 1299 1321 reuerentia.
1388 1264 1448 1317 et
1486 1276 1625 1318 cum
1663 1259 1875 1337 ingens
1916 1261 2129 1320 seditio
2164 1271 2195 1320 ’τ

193 1347 253 1404 in
286 1345 620 1404 exercitum
649 1351 780 1404 orta
825 1351 1013 1412 esset,
1057 1344 1355 1423 processit
1397 1343 1595 1404 nudus
1638 1346 1963 1424 campestri
2000 1345 2125 1406 solo

196 1436 386 1489 tectus
429 1435 490 1488 et
529 1429 642 1488 ait:
676 1429 1048 1498 „Pei-cutim,
1081 1427 1319 1507 inquid,
1363 1447 1490 1497 me,
1536 1429 1589 1489 si
1628 1428 1859 1490 audetis
1890 1436 1949 1491 et
1989 1448 2124 1497 cor·
2216 1441 2219 1444 ’

125 1527 172 1568 15
195 1520 408 1592 ruptae
439 1511 787 1591 disciplinae
817 1513 1046 1574 facinus
1076 1513 1341 1574 addite.“
1393 1515 2129 1591 tunctconquiescentibus
2163 1526 2199 1575 8

196 1599 428 1660 cunctis
457 1599 679 1658 meruit
709 1599 937 1667 timeri,
985 1600 1122 1674 quia
1155 1617 1277 1658 non
1307 1600 1521 1659 timuit.
1585 1616 1739 1676 quae
1770 1617 1867 1660 res
1896 1606 2127 1662 tantum
2162 1611 2197 1660 9

197 1682 548 1762 disciplinae
577 1683 860 1744 Romanis
893 1682 1147 1751 addidit,
1189 1689 1423 1744 tantum
1452 1685 1705 1744 terroris
1734 1683 2006 1746 barbaris
2035 1687 2128 1746 in-

194 1769 353 1838 iecit,
387 1774 692 1846 ut-paeem
725 1786 1018 1829 annorum
1049 1774 1293 1830 centurn
1324 1768 1397 1828 ab
1416 1769 1715 1830 Antonino
1745 1769 1992 1831 ahsente
2022 1789 2125 1850 pe-

199 1859 428 1921 terent;
491 1853 786 1931 siquidem
816 1853 1122 1922 uiderant,
1159 1852 1469 1914 damnatos
1496 1853 1749 1914 Romani
1776 1854 1947 1916 ducis
1976 1855 2128 1915 iudi-

124 1954 172 1992 20
197 1941 290 2000 cio
321 1939 500 1998 etiam
533 1956 634 1998 eos
665 1939 768 2015 qui
798 1945 1006 1998 contra
1035 1937 1126 1999 sas
1157 1939 1445 1998 uicerant.

279 2081 292 2092 ,
325 2023 412 2083 De
451 2021 570 2083 hoc
614 2021 800 2083 multa
841 2024 1048 2100 grauia
1091 2030 1301 2084 contra
1341 2021 1597 2082 militum
1637 2021 1939 2084 licentiam
1980 2023 2131 2084 facta
2162 2018 2207 2083 5

196 2109 593 2169 inueniuntur
635 2107 791 2185 apud
833 2106 1148 2168 Aemilium
1186 2106 1547 2168 Parthenian
1564 2125 1681 2177 im,
1727 2109 1831 2182 qui
1874 2107 2130 2168 adfecta-

201 2201 364 2254 tores
403 2193 733 2272 tyrannidis
774 2193 894 2252 iam
935 2192 1073 2253 inde
1117 2210 1148 2252 a
1189 2190 1501 2252 ueteribus
1544 2191 1827 2252 historiae
1871 2192 2127 2253 tradidit.

199 2296 340 2338 nam
383 2283 443 2336 et
481 2279 670 2355 uirgis
714 2295 922 2338 caesos
960 2279 1027 2336 in
1066 2277 1198 2336 soro
1244 2284 1303 2336 et
1330 2277 1395 2336 in
1426 2275 1639 2338 mediis
1682 2279 1893 2338 castris
1936 2281 2133 2339 securi
2168 2282 2202 2330 2

125 2378 178 2418 25
203 2363 519 2442 percussit,
553 2365 656 2440 qui
684 2364 766 2421 ita
793 2369 1176 2431 meruerunt,
1211 2369 1272 2421 et
1300 2379 1515 2422 manus
1546 2361 1750 2424 multis
1781 2366 2129 2441 amputauit.

203 2455 262 2508 et
291 2454 535 2526 praeter
565 2446 823 2508 laridum
864 2465 931 2506 ac
962 2443 1361 2507 buccellatum
1391 2453 1570 2523 atque
1614 2453 1847 2508 acetum
1886 2448 2134 2509 militem
2169 2456 2202 2503 3

199 2535 264 2593 in
311 2531 694 2610 expeditione
736 2538 979 2610 portare
1020 2530 1329 2610 prohibuit
1372 2537 1461 2600 ct,
1516 2533 1567 2592 si
1616 2532 1780 2594 aliud
1830 2535 2135 2612 quippiam

201 2619 504 2696 repperit,
548 2617 850 2677 luxuriem
891 2633 1014 2676 non
1054 2615 1175 2677 leui
1216 2614 1509 2695 supplicio
1550 2616 1785 2678 adfecit.
1858 2617 2033 2679 Extat
2063 2619 2135 2679 de
2172 2626 2206 2674 4

203 2701 602 2779 hoc‘epistula
633 2701 762 2761 diui
789 2700 973 2762 Marci
1003 2700 1076 2760 ad
1114 2701 1483 2780 praesectum
1526 2721 1701 2763 suum
1732 2702 1891 2762 talis:
1955 2704 2135 2772 „Aui-
2175 2711 2207 2758 5

129 2800 179 2840 so
206 2786 306 2846 dio
347 2785 552 2846 Cassio
589 2785 859 2864 legiones
903 2785 1172 2865 Syriacas
1211 2785 1351 2846 dedi
1402 2785 1741 2847 diffluentes
1793 2787 2030 2848 luxuria
2082 2795 2141 2848 et

205 2871 464 2932 Dafnitis
493 2871 767 2936 moribus
793 2878 1066 2949 agenteS,
1111 2889 1260 2950 quas
1300 2877 1456 2932 totas
1487 2871 1862 2932 excaldantes
1904 2891 1968 2932 se
1998 2890 2135 2952 rep·

205 2957 438 3035 perisse
482 2955 804 3018 Caesonius
847 2954 1208 3016 Vectilianus
1249 2957 1507 3035 scripsit.
1592 2964 1652 3017 et
1692 2963 1839 3035 puto
1880 2975 1977 3016 me
2018 2976 2138 3018 non
2175 2964 2207 3012 6

209 3058 466 3110 errasse,
499 3043 550 3101 si
575 3041 816 3118 quidem
846 3049 908 3101 et
935 3047 1003 3110 tu
1032 3047 1237 3102 notum
1270 3040 1489 3102 habeas
1519 3041 1806 3110 Cassium,
1838 3041 2139 3102 hominem

207 3125 532 3187 Cassianae
561 3127 903 3194 seueritatis
945 3132 1006 3186 et
1033 3125 1401 3206 disciplinae.
1476 3145 1671 3206 neque
1718 3128 1876 3188 enim
1918 3127 2139 3188 milites
2178 3135 2210 3182 7

312 3347 346 3395 2
372 3345 654 3397 auiuentis
675 3344 822 3406 81²¹,
943 3347 975 3397 5
999 3346 1283 3412 agentium
1306 3347 1375 3398 M
1515 3350 1579 3398 13
1613 3348 1860 3396 exercitu
1884 3348 1946 3398 M
2084 3348 2146 3396 17

205 3415 416 3463 erroris
438 3413 509 3464 Βι
649 3417 715 3466 22
740 3413 1056 3466 adfectores
1077 3416 1148 3466 M
1276 3418 1345 3469 24
1369 3417 1548 3476 caesis
1570 3416 1673 3466 BP
1695 3417 1873 3472 caesit
1896 3415 1963 3464 M
2082 3415 2151 3464 31.

209 3479 465 3531 dafnidis
487 3481 609 3533 ΒΜ
739 3487 896 3539 totus
917 3482 1041 3544 BP,
1154 3487 1219 3544 32
1245 3485 1532 3544 ,οθβεοῃίιιε
1554 3484 1606 3534 Β
1620 3539 1623 3544 ,
1662 3537 1669 3544 ,
1722 3537 1731 3542 ,

288 3595 501 3635 scmr‘r.
528 3599 677 3636 mar.
703 3599 834 3636 Avo.
879 3585 924 3634 Ι.
1702 3565 1743 3628 6
