2517 3884
755 164 1185 223 AVRELlANVS.
1278 167 1331 223 C.
1377 170 1615 223 45—48.
1926 190 1929 193 ·
2029 162 2153 227 169

215 333 618 406 „Aurelianus
641 334 944 411 Augustus
969 332 1173 393 Flauio
1199 333 1496 394 Arabiano
1530 335 1833 413 praefecto
1858 352 2145 395 annonae.
2186 346 2223 394 2

345 420 508 479 Inter
540 425 766 488 cetera,
811 418 1024 495 quibus
1063 418 1154 478 dis
1193 418 1533 479 fauentibus
1572 418 1899 481 Romanam
1929 438 2059 481 rem
2088 439 2147 499 p.

213 505 505 573 iuuimuS,
588 502 770 563 nihil
812 503 958 563 mihi
1031 510 1121 563 est
1190 504 1665 581 magnificentius
1742 522 1919 583 quam
1991 504 2152 581 quod

219 588 622 653 additamento
663 564 872 649 unciae
925 604 1102 647 omne
1151 587 1519 649 annonarum
1562 587 1905 649 urbicarum
1960 606 2151 666 genus

167 684 194 725 5
218 675 366 735 iu'ui.
463 672 622 750 quod
668 680 736 732 ut
781 678 940 733 esset
987 679 1378 749 perpetuum,
1440 672 1840 733 nauicularios
1892 672 2149 735 Niliacos
2185 686 2227 734 3

189 758 376 839 apud
403 762 733 836 Aegyptum
764 775 957 818 nouos
989 764 1048 817 et
1074 756 1299 817 Romae
1331 760 1593 840 amnicos
1618 758 1805 835 posui,
1838 757 2152 819 Tiberinas

219 844 487 903 exstruxi
515 844 697 921 ripaS,
730 842 948 902 uadum
983 840 1139 901 aluei
1166 843 1451 902 tumentis
1484 842 1676 911 effodi,
1711 842 1821 902 diis
1847 849 1907 901 et
1926 842 2149 903 Peren-

216 929 388 989 nitati
423 936 563 988 uota
607 927 914 994 constitui,
973 924 1187 987 almam
1230 926 1511 987 Cererem
1554 928 1918 987 consecraui.
1991 944 2151 987 nunc
2186 940 2230 987 4

105 1056 110 1062 .
219 1019 387 1072 tuum
421 1019 512 1073 est
541 1012 836 1078 officium;
866 1010 1160 1073 Arabiane
1188 1010 1648 1079 iucundissime,
1697 1010 2036 1089 elaborare,
2074 1029 2152 1071 ne

138 1110 190 1149 10
218 1115 388 1157 meae
419 1097 842 1175 dispositiones
869 1096 932 1155 in
961 1096 1196 1155 initum
1225 1096 1487 1157 ueniant.
1564 1112 1756 1173 neque
1799 1097 1957 1155 enim
1985 1114 2043 1174 p.
2078 1095 2146 1155 R.

219 1190 424 1241 saturo
454 1183 770 1260 quicquam
800 1186 999 1259 potest
1031 1198 1162 1240 esse
1191 1179 1471 1239 laetiuS.“

347 1265 649 1329 Statuerat
679 1272 738 1327 et
766 1266 974 1326 uinum
1003 1265 1328 1341 gratuitum
1358 1283 1413 1342 p.
1448 1263 1517 1323 R.
1555 1262 1716 1332 dare,
1750 1270 1835 1332 ut,
1868 1262 2257 1342 quemad-48

215 1349 464 1409 modum
505 1348 701 1411 oleum
745 1356 806 1411 et
845 1350 1020 1428 panis
1063 1356 1122 1409 et
1163 1350 1414 1427 porcina
1464 1349 1720 1425 gratuita
1762 1346 2147 1426 praebentur,

219 1435 308 1493 sic
340 1438 517 1494 etiam
557 1437 764 1495 uinum
805 1433 1068 1501 daretur,
1130 1433 1293 1509 quod
1342 1439 1703 1512 perpetuum
1743 1432 1855 1493 hac
1898 1432 2150 1511 disposi-
2270 1500 2297 1519 Ι

137 1528 192 1569 15
223 1518 384 1579 tione
415 1525 789 1597 conceperat.
866 1518 1140 1577 Etruriae
1171 1536 1282 1595 per
1312 1516 1611 1578 Aureliam
1649 1534 1841 1593 usque
1872 1518 1943 1577 ad
1974 1516 2151 1594 Alpes
2186 1530 2217 1577 2

214 1604 548 1683 maritimas
578 1604 836 1680 ingentis
866 1603 994 1678 agri
1024 1609 1162 1661 sunt
1181 1603 1323 1677 ique
1350 1600 1579 1663 fertiles
1605 1619 1673 1661 ac
1696 1601 1919 1661 siluosi.
1968 1607 2150 1661 statu-

216 1695 348 1747 erat
376 1688 559 1765 igitur
593 1686 854 1747 dominis
900 1686 1168 1747 locorum
1209 1686 1602 1754 incultorum,
1660 1688 1763 1762 qui
1792 1693 1991 1745 tamen
2022 1684 2148 1744 uel-

214 1770 368 1840 lent,
423 1772 618 1850 pretia
649 1771 790 1833 dare
821 1777 998 1847 atque
1027 1768 1147 1833 illic
1180 1771 1435 1831 familias
1468 1771 1733 1849 captiuas
1765 1772 2147 1837 constituere,
2197 1792 2201 1797 ·

216 1855 438 1917 uitibus
480 1863 714 1915 montes
757 1873 1078 1916 conserere
1121 1863 1296 1934 atque
1328 1874 1401 1914 ex
1434 1873 1504 1915 eo
1536 1872 1719 1932 opere
1749 1856 1959 1913 uinum·
1986 1853 2147 1921 dare,

133 1951 187 1991 2⁰
219 1947 282 2000 ut
305 1940 457 2008 nihil
502 1938 802 2001 redituum
843 1940 1024 2001 fiscus
1066 1942 1395 2018 acciperet,
1442 1939 1547 1999 sed
1587 1944 1779 1998 totum
1813 1957 1870 2016 p.
1904 1937 1973 1997 R.
2009 1956 2149 1997 con·

215 2025 471 2085 cederet.
541 2026 706 2085 ‘facta
751 2032 877 2085 erat
918 2026 1071 2085 ratio
1107 2024 1295 2101 dogae
1328 2041 1611 2101 cuparum
1643 2023 1884 2083 nauium
1920 2029 1978 2082 et
2008 2040 2149 2099 ope-

213 2126 365 2173 rnm.
441 2109 548 2169 sed
587 2108 760 2171 multi
803 2108 1037 2178 dicunt,
1098 2108 1483 2169 Aurelianum
1524 2126 1601 2167 ne
1630 2106 1687 2167 id
1720 2108 1945 2169 faceret
1973 2122 2146 2185 prae-
2184 2120 2220 2167 3

212 2201 492 2262 uentum,
557 2191 656 2253 alii
697 2210 730 2253 a
769 2195 960 2271 praef.
1014 2194 1301 2270 praetorii
1348 2211 1455 2252 suo
1485 2190 1882 2269 prohibitum,
1928 2192 2026 2267 qui
2060 2190 2147 2249 di-
2231 2200 2237 2207 ·

125 2280 131 2291 '
213 2278 372 2337 xisse
401 2279 622 2337 fertur:
688 2277 796 2346 „Si
829 2286 883 2337 et
916 2278 1122 2337 uinum
1167 2294 1227 2355 p.
1262 2276 1332 2336 R.
1366 2276 1601 2345 damuS,
1646 2281 1950 2353 superest,
1994 2280 2060 2335 ut
2092 2281 2151 2334 et

133 2373 189 2413 25
213 2361 409 2439 pullos
442 2369 504 2421 et
542 2379 789 2423 anseres
821 2361 1099 2423 demuS.“
1153 2367 1505 2437 argumento
1538 2366 1649 2429 est,
1692 2360 1753 2419 id
1786 2377 1931 2419 uere
1959 2361 2143 2420 Aure·
2183 2374 2221 2420 4

211 2444 434 2505 lianum
479 2445 802 2523 cogitasse,
863 2447 1047 2507 immo
1091 2446 1269 2507 etiam
1308 2446 1535 2505 faceres
1552 2444 1918 2524 disposuisse
1948 2444 2046 2504 uel
2078 2462 2151 2503 ex

118 2605 122 2613 .
213 2529 409 2607 aliqua
428 2538 597 2609 parte
621 2532 855 2600 fecisse,
891 2530 1046 2606 quod
1077 2531 1140 2591 in
1169 2528 1501 2608 porticibus
1522 2529 1731 2607 templi
1750 2528 1906 2588 Solis
1932 2528 2149 2589 fiscalia

211 2616 354 2675 uina
385 2620 722 2694 ponuntur,
769 2633 891 2677 non
921 2616 1176 2692 gratuita
1205 2614 1439 2693 populo.
1463 2612 1761 2691 eroganda
1791 2613 1897 2673 sed
1929 2614 2143 2689 pretio.

212 2700 524 2762 sciendum
563 2708 794 2770 tamen,
859 2700 1180 2777 congiaria.
1214 2698 1384 2759 illum
1432 2705 1524 2757 ter
1575 2696 1830 2765 dedisse,
1894 2696 2147 2757 donasse
2183 2711 2219 2759 5

124 2796 182 2837 30
211 2785 392 2843 etiam
422 2804 482 2864 p.
513 2785 582 2847 R.
609 2786 842 2846 tunicas
875 2783 1040 2845 albas
1069 2784 1393 2843 manicatas
1425 2800 1497 2841 ex
1530 2780 1787 2841 diuersis
1817 2778 2147 2856 prouinciis

211 2875 272 2927 et
301 2866 490 2930 lineas
519 2870 897 2945 Afras'atque
927 2868 1243 2945 Aegyptias
1284 2884 1496 2945 puras,
1537 2865 1857 2945 ipsumque
1889 2864 2149 2941 primum

209 2952 465 3013 donasse
525 2954 720 3013 oraria
757 2972 816 3032 p.
862 2952 968 3023 R.,
1031 2950 1248 3028 quibus
1306 2957 1579 3013 uteretur
1634 2946 1893 3028 populus
1945 2946 2017 3007 ad
2059 2947 2145 3007 fa-

208 3048 441 3097 uorem.
1338 3075 1350 3083 -

347 3206 375 3251 1
399 3187 440 3252 fi
460 3201 565 3254 BP
722 3200 829 3253 diis
852 3199 1018 3253 B²P²
1175 3204 1210 3253 4
1233 3216 1449 3253 amnem
1470 3200 1576 3253 BP
1708 3200 2026 3251 urbiam-um
2050 3200 2155 3251 BP

341 3272 374 3321 ὅ
395 3271 635 3325 niliacos
658 3268 764 3323 BP
895 3272 928 3321 6
953 3271 1184 3323 amnicos
1208 3268 1291 3321 B¹
1441 3272 1506 3323 14
1530 3270 1929 3337 praeberentur
1952 3268 2021 3319 M

203 3338 270 3388 16
294 3336 352 3388 hi
357 3353 462 3403 que
485 3336 656 3389 BPM
789 3340 853 3391 18
879 3335 1084 3405 pretia]
1114 3338 1299 3403 gratia
1324 3338 1491 3391 BPM
1634 3334 1785 3403 dare]
1816 3336 1906 3389 die
1932 3334 2014 3387 B¹

203 3407 270 3456 19
295 3420 366 3455 ex
389 3422 456 3457 eo
481 3422 584 3471 per
605 3422 657 3457 u.
683 3404 788 3457 BP
832 3424 900 3457 ex
927 3422 992 3457 eo
1017 3411 1346 3473 perpetuum
1368 3407 1559 3457 uinum
1590 3406 1747 3472 Eme.
1910 3406 1975 3458 21
2006 3416 2151 3455 cum-

153 3489 400 3539 ·parum
423 3475 475 3523 B
489 3473 506 3505 ²
645 3476 709 3526 27
735 3476 958 3541 templis
979 3474 1085 3525 BP
1105 3482 1142 3526 t.
1167 3474 1321 3527 Iord.
