2517 3884
826 201 1176 258 PERTINAX.
1265 199 1319 256 C.
1366 205 1537 264 7-9.
2026 197 2143 260 111

200 375 450 444 torques
481 366 866 445 gladiatorias
895 383 1162 444 uasaque
1194 366 1353 428 eluto
1385 385 1533 428 auro
1566 366 1748 429 ebore
1781 377 2025 446 argento
2058 370 2140 430 ei·

201 459 417 533 troque
449 454 788 532 conposita.
851 458 1027 532 atque
1061 454 1236 514 etiam
1269 451 1761 531 phallouitrobuli
1791 471 1864 514 ex
1893 455 2142 514 materie
2178 463 2209 510 5

199 539 412 599 eadem
445 546 508 598 et
541 555 687 598 uasa
717 537 1037 599 Samnitica
1077 536 1479 600 calfactandae
1522 539 1758 600 resinae
1790 557 1857 600 ac
1886 539 2005 618 pici
2038 538 2139 599 de-

199 621 506 684 uellendis
548 621 893 684 hominibus
933 627 1002 683 ac
1055 621 1472 701 leuiginandis.
1546 642 1659 684 nec
1700 641 1823 684 non
1864 623 2139 684 uehicula
2178 633 2209 679 6

150 722 172 759 5
196 716 322 769 arte
354 707 628 770 fabricae
661 725 816 769 noua
846 706 1150 788 perplexis
1179 707 1559 786 diuersisque
1591 715 1861 770 rotarum
1894 705 2143 770 orbibus

25 820 30 904 ι
197 791 608 871 etexquisitis
638 791 926 854 sedilibus
967 811 1130 854 nune
1171 793 1244 853 ad
1288 791 1475 854 solem
1520 793 1939 855 declinandum
1980 811 2141 854 nunc

195 878 266 939 ad
310 880 572 960 spiritus
613 881 1120 958 opportunitatem
1160 897 1274 958 per
1314 880 1703 956 uertiginem;
1776 887 1835 940 et
1874 877 1985 940 alia
2025 881 2140 940 iter
2180 889 2207 936 7

193 967 512 1026 metientia
542 962 843 1043 horasque
873 965 1268 1024 monstrantia
1302 970 1359 1024 et
1388 970 1590 1024 cetera
1635 964 1798 1024 uitiis
1840 965 1967 1026 eius
1998 982 2138 1024 con-

195 1052 529 1112 uenientia.
595 1047 857 1110 reddidit
886 1056 1200 1128 praeterea
1230 1048 1491 1110 dominis
1524 1067 1625 1110 eos
1670 1051 1776 1126 qui
1815 1067 1878 1110 se
1912 1067 1981 1110 ex
2013 1051 2137 1128 pri·
2178 1060 2208 1106 s

128 1152 170 1188 10
195 1138 354 1196 uatis
388 1133 669 1196 domibus
698 1135 764 1194 in
793 1134 985 1195 aulam
1032 1131 1431 1195 contulerant.
1496 1136 1841 1195 conuiuium
1880 1136 2138 1214 impera·
2176 1145 2206 1192 9

196 1223 422 1282 terium
459 1239 532 1280 ex
561 1221 854 1280 immenso
899 1219 970 1280 ad
1014 1226 1244 1282 certum
1289 1221 1601 1279 reuocauit
1638 1220 1903 1279 modum.
1977 1237 2141 1280 sum·
2181 1232 2243 1278 10

197 1314 344 1385 ptus
381 1307 560 1366 etiam
593 1317 802 1366 omnes
835 1304 1144 1366 Commodi
1172 1304 1403 1365 recidit.
1469 1303 1742 1383 exemplo
1787 1311 1984 1364 autem
2030 1306 2140 1364 im-

193 1393 500 1471 peratoris
544 1407 682 1450 cum
722 1388 826 1450 ille
854 1392 1098 1468 parcius
1139 1407 1204 1450 se
1246 1397 1481 1468 ageret,
1528 1407 1600 1450 ex
1642 1389 1905 1450 omnium
1950 1389 2136 1449 conti-

20 1553 22 1556 γ
193 1478 402 1538 nentia
434 1474 638 1536 uilitas
667 1482 802 1536 nata
839 1481 946 1535 est.
981 1493 1120 1536 nam
1147 1474 1599 1554 imperatorium
1626 1483 1925 1553 sumptum
1950 1472 2139 1554 pulsis
2181 1487 2238 1532 11

20 1571 22 1598 ³
127 1577 172 1615 15
195 1581 318 1624 non
351 1561 708 1622 necessariis
739 1560 810 1621 ad
843 1560 1001 1620 soliti
1030 1559 1337 1621 dimidium
1372 1561 1649 1621 detraxit.

283 1697 294 1706 .
372 1647 648 1708 Praemia
707 1644 1102 1707 militantibus
1161 1647 1379 1725 posuit.
1468 1664 1568 1707 aes
1628 1644 1915 1715 alienum,
1980 1644 2137 1721 quod
2171 1641 2211 1704 9

196 1736 400 1812 primo
427 1731 668 1810 imperii
709 1738 982 1810 tempore
1026 1736 1424 1800 contraxerat,
1472 1730 1667 1792 soluit.
1746 1731 2047 1792 aerarium
2076 1731 2137 1790 in

197 1835 378 1880 suum
422 1824 638 1878 statum
684 1817 963 1877 restituit.
1054 1811 1143 1875 ‘ad
1187 1833 1370 1894 opera
1421 1815 1659 1895 publica
1702 1823 1931 1875 certum
1974 1833 2135 1875 sum-
2175 1823 2205 1868 2

20 1940 24 1992 5
202 1896 382 1983 ptum
416 1902 739 1963 constituit.
788 1900 1190 1961 reformandis
1215 1902 1337 1960 'uiis
1364 1903 1679 1979 pecuniam
1712 1899 1983 1961 eontulit.
2034 1901 2137 1960 sti-

129 2001 174 2041 20
197 1987 418 2068 pendia
449 1986 727 2067 plurimis
756 1993 922 2046 retro
955 1985 1155 2046 debita
1185 1984 1453 2046 exsoluit.
1506 1985 1798 2046 obeundis
1828 1991 2137 2064 postremo

199 2075 436 2136 cunctis
465 2069 822 2132 muneribus
850 2072 1060 2132 fiscum
1093 2088 1301 2149 parem
1332 2071 1490 2131 fecit.
1548 2069 1915 2131 alimentaria
1960 2070 2136 2130 etiam
2172 2077 2204 2126 3

199 2157 592 2240 compendia,
658 2173 809 2233 quae
852 2174 1070 2218 nouem
1114 2171 1411 2214 annorum
1455 2173 1527 2216 ex
1579 2156 1851 2214 instituto
1897 2153 2137 2214 Traiani

202 2243 601 2311 debebantur,
638 2240 928 2302 obdurata
959 2238 1323 2302 uerecundia
1368 2239 1625 2301 sustulit.
1699 2240 2001 2300 Auaritiae
2033 2257 2131 2299 su·
2172 2247 2204 2294 4
2300 2307 2304 2310 ι

201 2331 468 2410 spicione
497 2329 770 2407 priuatus
801 2345 922 2388 non
955 2327 1175 2396 caruit„
1222 2343 1358 2385 cum
1392 2325 1547 2404 apud
1578 2324 1731 2385 uada
1762 2323 1995 2385 Sabatia
2030 2343 2134 2404 op-

127 2427 172 2467 25
204 2415 434 2494 pressis
463 2414 675 2474 fenore
704 2409 1185 2492 possessoribUS,
1239 2410 1419 2472 latius
1462 2429 1605 2472 suos
1650 2410 1923 2471 tenderet
1964 2410 2134 2470 fines.

201 2500 464 2576 denique
489 2517 570 2580 px
601 2515 788 2557 uersu
818 2495 1128 2558 Luciliano
1168 2497 1438 2574 agrarius
1480 2513 1724 2574 mergus
1757 2503 1846 2556 est
1876 2493 2133 2574 appella·
2173 2504 2205 2551 5

198 2593 314 2647 tus,
393 2582 567 2644 multi
599 2590 798 2642 autern
832 2600 970 2642 eum
1013 2583 1190 2642 etiam
1230 2583 1295 2642 in
1324 2582 1683 2660 prouinciis,
1730 2600 1876 2660 quas
1920 2598 2133 2642 consu·
2175 2587 2231 2647 6,

201 2671 342 2731 laris
385 2670 599 2747 gessit,
648 2667 887 2729 sordide
921 2686 986 2728 se
1033 2668 1224 2745 egisse
1257 2668 1321 2726 in
1350 2666 1581 2728 litteras
1611 2666 1921 2728 rettulere.
2000 2684 2137 2725 nam

199 2756 544 2817 uacationes
577 2759 636 2813 et
665 2749 995 2832 legationes
1025 2751 1312 2813 militares
1344 2751 1563 2813 dicitur
1596 2751 1953 2812 uendidisse.
2034 2749 2133 2809 de·
2176 2759 2203 2805 7

303 2994 330 3042 1
356 3005 608 3056 uasaque
633 3015 698 3024 ——
727 2990 1031 3054 composita.
1064 2990 1116 3038 P
1135 2991 1279 3052 infra
1302 2995 1589 3040 conteoetum
1730 2986 1892 3037 eludo
1915 2984 2019 3034 BP

200 3063 230 3111 2
255 3057 748 3125 phandouitrobuli
770 3056 874 3106 BP
894 3057 1381 3123 phandouitroboli
1400 3058 1467 3108 M
1485 3054 1937 3122 phallouitroboli
1946 3055 2135 3120 Egnat.

181 3130 347 3184 ‚uitro
363 3166 376 3190 ‚
407 3125 685 3177 fundibali
708 3125 935 3178 Momms.
1101 3130 1157 3174 et
1181 3130 1313 3175 mat.
1339 3125 1391 3175 B
1551 3128 1583 3175 3
1610 3123 1955 3174 debellendis
1977 3123 2145 3175 BPM

201 3213 288 3248 em.
315 3195 360 3246 S
469 3197 504 3244 4
538 3193 900 3258 libiginandis
923 3193 1091 3243 BPM
1109 3209 1199 3246 em.
1226 3194 1268 3243 S
1388 3195 1419 3244 5
1442 3193 1673 3257 urbibus
1696 3192 1799 3242 BP
1926 3193 1954 3241 7
1982 3208 2137 3258 opor-

201 3265 504 3314 tunitatem
525 3261 632 3313 ‚BP
766 3265 798 3312 8
826 3262 1098 3326 dorasque
1122 3261 1225 3310 BP
1362 3264 1425 3311 12
1451 3261 1639 3311 reddit
1662 3260 1765 3310 BP
1808 3259 2052 3310 reddidit
2077 3261 2141 3310 M

203 3349 288 3383 em.
317 3332 576 3396 Egnatius
605 3375 608 3377 a
717 3332 779 3380 13
801 3327 918 3395 ille]
945 3332 1106 3380 malim
1134 3345 1256 3380 cum
1282 3330 1453 3380 aulici
1477 3331 1700 3396 parcius
1726 3345 1783 3380 se
1810 3334 2058 3394 agerent.

204 3403 268 3450 14
292 3403 519 3464 sumptu
540 3394 660 3446 BP¹
802 3400 866 3448 19
893 3399 1007 3448 suis
1031 3396 1193 3448 BPM
1217 3415 1307 3451 em.
1337 3399 1379 3449 G
1502 3400 1569 3448 24
1593 3396 1761 3464 apud]
1791 3397 1939 3462 aptit
1961 3397 2064 3446 BP

203 3470 267 3519 25
293 3468 500 3518 feriore
524 3465 577 3515 B
723 3470 944 3516 teneret
966 3465 1134 3516 BPM
1163 3483 1252 3516 em.
1286 3467 1327 3516 0
1472 3467 1539 3516 26
1564 3466 1845 3516 luciniano
1868 3463 1972 3513 BP
2001 3464 2135 3514 luci-

203 3537 370 3588 niano
395 3535 462 3585 M
599 3535 811 3599 grarius
835 3533 1002 3585 BPM
1020 3535 1271 3586 aerarius
1296 3534 1337 3583 S
1474 3537 1538 3585 27
1564 3534 1883 3600 prouincias
1906 3531 1958 3580 B
