2517 3884
763 815 793 830 «ο

384 997 1047 1096 HELVIVS
1134 997 1922 1096 PERTINAX

711 1200 934 1276 IVLI
988 1198 1595 1276 CAPITOLINI

312 1474 529 1536 Publio
557 1473 771 1536 Heluio
800 1475 1098 1534 Pertinaci
1147 1482 1318 1553 pater
1349 1473 1668 1534 libertinus
1701 1473 1948 1535 Heluius
1984 1474 2130 1535 Suc·
2167 1479 2203 1540 1

191 1579 397 1621 cessus
440 1561 581 1630 fuit,
627 1561 729 1637 qui
774 1559 896 1620 filio
938 1577 1159 1620 nomen
1218 1577 1290 1619 ex
1345 1560 1788 1620 continuatione
1843 1559 2127 1638 lignariae

148 1662 168 1698 5
194 1646 643 1722 negotiationiS,
691 1644 849 1722 quod
890 1645 1278 1723 pertinaciter
1323 1661 1450 1704 eam
1493 1663 1624 1705 rem
1655 1653 1923 1722 gereret,
1957 1647 2127 1726 ippo-

196 1733 381 1792 suisse
425 1730 667 1790 fatetur.
730 1737 907 1791 natus
950 1737 1039 1790 est
1069 1730 1351 1790 Pertinax
1390 1731 1452 1789 in
1481 1731 1835 1808 Appennino
1881 1732 1944 1790 in
1991 1729 2132 1790 uilla
2166 1745 2204 1791 -2

194 1816 415 1877 matris.
497 1831 688 1892 equus
727 1814 929 1893 pullus
972 1833 1040 1875 ea
1082 1813 1232 1874 hora
1289 1832 1400 1891 qua
1441 1822 1617 1874 natus
1662 1821 1753 1875 est
1791 1817 1854 1874 in
1898 1815 2130 1893 tegulas

197 1900 464 1961 ascendit
495 1908 674 1977 atque
712 1899 799 1960 ibi
831 1899 1099 1960 breuiter
1132 1907 1537 1960 commoratus
1570 1898 1790 1959 decidit
1831 1907 1889 1958 et
1930 1901 2126 1978 exspi-

194 1988 363 2046 rauit.
429 1983 543 2045 hac
574 2003 642 2044 re
674 1992 870 2045 motus
898 1991 1073 2063 pater
1114 1983 1187 2044 ad
1219 1983 1580 2045 Chaldaeum
1614 1986 1798 2045 uenit.
1863 1986 1964 2062 qui
1995 2002 2127 2044 cum
2168 2001 2196 2048 3

132 2087 171 2122 10
194 2070 277 2130 illi
310 2072 509 2130 futura
540 2071 803 2147 ingentia
830 2069 1247 2148 praedixisset,
1274 2071 1491 2148 stipem
1517 2085 1582 2128 se
1606 2068 1938 2147 perdidisse
1963 2069 2126 2128 dixit.

194 2173 343 2234 puer
372 2154 591 2216 litteris
622 2153 1027 2215 elementariis
1060 2163 1119 2214 et
1151 2153 1384 2215 calculo
1416 2153 1688 2222 inbutuS‚
1737 2152 1911 2212 datus
1955 2155 2127 2212 etiam
2167 2172 2200 2217 4

196 2241 423 2302 Graeco
454 2241 841 2318 grammatico
873 2247 1051 2316 atque
1094 2237 1233 2298 inde
1282 2237 1547 2316 Sulpicio
1589 2236 1945 2316 Apollinari,
1995 2246 2134 2316 post

198 2343 373 2402 quem
404 2326 563 2385 idem
598 2324 879 2384 Pertinax
910 2325 1341 2402 grammaticen
1371 2322 1680 2401 professus
1714 2329 1821 2382 est.
1857 2322 1960 2382 sed
1993 2341 2128 2385 cum
2169 2343 2203 2388 5

197 2413 255 2471 in
288 2429 357 2471 ea
388 2412 591 2470 minus
622 2416 903 2486 quaestus
946 2410 1298 2488 proficeret,
1341 2426 1452 2488 per
1495 2407 1828 2468 Lollianum
1869 2410 2127 2476 Auitum,

135 2509 175 2545 15
200 2495 579 2557 consularem
609 2496 840 2564 uirum,
888 2495 1076 2573 patris
1106 2502 1459 2572 patronum,
1496 2492 1751 2554 ducendi
1784 2493 2009 2552 ordinis
2041 2493 2127 2552 di·
2189 2509 2196 2514 ’

128 2591 151 2608 “
197 2583 480 2658 gnitatem
511 2581 678 2658 petit.
742 2579 880 2638 dein
922 2579 1264 2658 praefectus
1307 2577 1570 2638 cohortis
1611 2579 1674 2637 in
1719 2578 1950 2657 Syriam
1991 2597 2130 2657 pro·
2170 2594 2206 2642 6

198 2667 419 2734 fectus,
464 2665 600 2725 Tito
641 2663 880 2724 Aurelio
921 2666 1289 2742 imperatore
1331 2683 1362 2724 a
1394 2662 1670 2742 praeside
1702 2663 1936 2744 Syriae,
1973 2663 2129 2739 quod

199 2753 324 2810 sine
366 2748 793 2828 diplomatibus
836 2767 1079 2810 cursum
1126 2759 1552 2826 usurpauerat,
1598 2746 1851 2827 pedibus
1893 2747 1969 2807 'ab
2013 2749 2132 2806 An·

200 2835 416 2896 tiochia
448 2835 519 2896 ad
550 2833 909 2912 legationem
941 2851 1110 2894 suam
1138 2836 1255 2894 iter
1287 2834 1486 2894 facere
1517 2839 1760 2894 coactus
1793 2839 1900 2892 est.

134 2931 177 2968 ²⁰
322 2918 493 2982 Bello
524 2917 803 2979 Parthico
832 2918 1125 2978 industria
1150 2931 1255 2980 sua
1295 2919 1663 2997 promeritus
1698 2919 1759 2976 in
1785 2917 2132 2978 Brittaniam
2163 2918 2210 2980 2

200 3004 523 3067 translatus
556 3011 647 3064 est
701 3019 769 3064 ac
819 3011 1107 3064 retentus,
1172 3011 1312 3083 post
1341 3005 1402 3064 in
1435 3003 1656 3063 Moesia
1710 3003 1866 3062 rexit
1917 3000 2129 3061 halam.
2173 3020 2204 3065 2

298 3176 329 3224 3
353 3172 577 3238 publico
600 3172 705 3222 BP
810 3173 1095 3222 Pertinaci
1120 3189 1213 3223 om.
1239 3172 1292 3220 B
1422 3174 1456 3221 4
1479 3171 1788 3236 linguariae
1813 3170 1864 3219 B
1887 3169 2136 3220 lanariae

204 3241 537 3292 Mommsenus
562 3242 647 3306 qui
670 3240 903 3304 conferri
924 3241 1059 3292 iubet
1083 3257 1127 3291 c.
1157 3244 1207 3296 3.
1238 3243 1273 3288 3
1309 3248 1358 3290 et
1385 3243 1512 3291 titul.
1541 3239 1693 3290 Orell.
1723 3242 1859 3288 4206
1996 3240 2028 3286 6
2054 3237 2135 3286 fa-

204 3314 387 3358 teatur
409 3308 461 3357 B
600 3311 628 3358 7
653 3308 854 3358 Martis
879 3307 945 3358 M
986 3309 1165 3373 patris
1190 3307 1340 3358 Iord.
1369 3311 1496 3360 conl.
1525 3325 1569 3359 c,
1599 3309 1648 3362 3,
1678 3309 1712 3357 3
1851 3307 1882 3355 8
1918 3310 1974 3354 et
2011 3306 2134 3356 add.

204 3375 343 3426 eoee.²
490 3378 554 3426 10
580 3375 1011 3440 praedidixisset
1033 3376 1135 3425 BP
1280 3377 1509 3440 stirpem
1533 3375 1636 3423 BP
1781 3376 1844 3422 12
1869 3387 2136 3437 gramma-

206 3445 315 3494 tica
341 3444 393 3492 B
532 3445 713 3508 sulpio
738 3443 842 3492 BP
1002 3447 1065 3492 14
1101 3445 1159 3493 in
1184 3459 1279 3494 om.
1305 3442 1356 3490 B
1507 3445 1570 3492 18
1597 3441 1876 3492 anthiocia
1903 3440 2006 3488 BP

210 3515 268 3560 19
290 3512 565 3576 legionem
594 3513 634 3562 0
772 3515 1005 3560 conatus
1028 3511 1079 3560 B
