2517 3884
372 173 499 238 206
1077 175 1229 232 AELI
1271 175 1603 238 LAMPRIDII

377 352 704 423 argentata,
742 351 799 404 et
831 361 982 421 quae
1013 361 1232 404 aurum
1262 341 1358 403 uel
1389 359 1655 420 gemmas
1684 343 1746 402 in
1778 342 2179 404 calciamentis
2210 341 2316 404 ha-

378 431 613 492 herent..

304 513 346 577 5
507 515 666 592 Ergo
699 531 832 576 cum
864 512 1244 574 hibernasset
1262 509 1646 574 Nicomediae
1678 520 1856 592 atque
1888 515 2086 576 omnia
2115 515 2312 574 sordi·

377 602 453 663 de
485 607 690 679 ageret
718 600 1090 677 inireturque
1123 617 1156 658 a
1197 599 1347 658 uiris
1390 604 1449 657 et
1496 597 1771 667 subaret,
1836 600 2032 660 statim
2092 599 2315 660 milites

375 688 518 750 facti
549 685 643 746 sui
671 684 991 763 paenituit,
1037 682 1200 760 quod
1230 685 1293 746 in
1326 683 1655 744 Macrinum
1690 685 2211 762 conspirauerant,
2247 693 2314 745 ut
2366 699 2397 740 5

374 772 538 833 hunc
567 771 906 849 principem
939 769 1226 838 facerent,
1275 775 1453 848 atque
1483 769 1547 827 in
1579 767 2008 830 consobrinum
2042 769 2317 832 eiusdem

375 853 745 932 Heliogabali
775 853 1196 923 Alexandrum,
1232 870 1413 931 quem
1445 853 1759 914 Caesarem
1792 854 2313 916 senatusMacrino

307 949 339 996 2
377 944 740 1019 interempto
773 938 1208 1018 appellauerat,
1252 938 1623 1000 inclinauere
1657 940 1906 1000 animos
1989 941 2121 1016 quis
2152 942 2313 1002 enim

377 1027 538 1088 ferre
579 1032 786 1104 posset
826 1026 1163 1104 principem
1203 1041 1315 1102 per
1358 1031 1571 1101 cuncta
1614 1042 1761 1085 caua
1804 1027 2073 1103 corporis
2115 1024 2313 1086 libidi-

373 1129 513 1172 nem
542 1111 951 1190 recipientem,
987 1127 1123 1170 cum
1152 1127 1229 1168 ne
1259 1107 1499 1168 beluam
1524 1108 1764 1185 quidem
1794 1108 1971 1171 talem
1996 1111 2311 1188 quisquam
2344 1125 2397 1164 10

309 1207 340 1254 3
380 1197 573 1258 ferat?
620 1195 844 1257 Romae
875 1194 1134 1275 denique
1164 1193 1321 1254 nihil·
1345 1194 1467 1271 egit
1497 1193 1688 1262 aliud,
1723 1195 1839 1255 nisi
1871 1203 1938 1255 ut
1969 1197 2313 1256 emissarios

375 1281 643 1349 haberet,
691 1281 794 1356 qui
827 1282 882 1340 ei
912 1279 1066 1340 bene
1099 1285 1339 1341 uasatos
1369 1280 1793 1358 perquirerent
1837 1296 2059 1356 eosque
2102 1279 2175 1343 ad
2206 1299 2313 1340 au-

374 1366 494 1428 lam
545 1365 979 1445 perducerent,
1042 1372 1108 1425 ut
1169 1382 1379 1425 eorum
1438 1363 1880 1444 conditionibus
1925 1366 2048 1426 frui
2088 1373 2312 1444 posset.

306 1461 342 1508 4
376 1451 590 1530 agebat
619 1457 932 1528 praeterea
975 1449 1135 1510 domi
1177 1448 1441 1510 fabulam
1473 1449 1748 1510 Paridis
1732 1468 1861 1536 lpse
1893 1451 2142 1515 Veneris
2172 1469 2313 1529 per·

377 1554 584 1597 sonam
617 1534 890 1602 subienS,
934 1535 1014 1594 ita
1047 1541 1114 1592 ut
1145 1534 1342 1596 subito
1373 1541 1573 1594 uestes
1614 1534 1687 1596 ad
1728 1525 1913 1612 pedes
1955 1535 2311 1604 defluerent,
2346 1549 2401 1588 1⁵

374 1619 694 1696 nudusque
734 1637 852 1678 una
896 1635 1078 1685 manu
1119 1617 1191 1679 ad
1233 1635 1552 1678 mammam
1593 1617 1777 1678 altera
1819 1619 2114 1699 pudendis
2145 1619 2315 1680 adhi-

373 1705 496 1766 bita
524 1702 978 1780 ingenicularet,
1014 1701 1452 1780 posterioribus
1493 1703 1895 1764 eminentibus
1934 1705 1997 1762 in
2030 1703 2313 1765 subacto-

307 1801 338 1848 5
373 1807 502 1850 rem
534 1789 776 1848 reiectis
820 1794 878 1847 et
919 1788 1230 1866 oppositis,
1307 1785 1543 1847 uultum
1581 1794 1896 1864 praeterea
1939 1787 2150 1848 eodem
2192 1805 2318 1866 quo

373 1876 577 1936 Venus
618 1873 884 1953 pingitur
941 1871 1244 1932 schemate
1303 1871 1597 1949 figurabat
1657 1890 1910 1951 corpore
1957 1878 2083 1933 toto
2128 1891 2313 1954 expo-

371 1958 532 2028 litus,
562 1976 695 2018 eum
728 1959 987 2018 fructum
1018 1958 1178 2018 uitae
1208 1957 1598 2036 praecipuum
1630 1957 1993 2028 existimanS,
2012 1960 2062 2018 si
2093 1959 2313 2038 dignus
2341 1977 2397 2016 20

376 2051 552 2121 atque
585 2051 762 2122 aptus
792 2041 1026 2104 libidini
1056 2041 1456 2120 plurimorum
1484 2041 1811 2104 uideretur.

299 2125 340 2189 6
497 2127 776 2190 Vendidit
819 2134 880 2188 et
919 2128 1183 2188 honores
1229 2132 1288 2186 et
1330 2127 1652 2205 dignitates
1704 2134 1765 2187 et
1805 2133 2139 2207 potestates
2190 2136 2313 2189 tam

374 2233 485 2292 per
516 2231 582 2274 se
613 2232 790 2293 quam
819 2231 933 2292 per
964 2230 1174 2274 omnes
1215 2230 1426 2273 seruos
1486 2231 1554 2272 ac
1612 2212 1925 2274 libidinum
1984 2214 2309 2276 ministros,

307 2307 338 2354 2
375 2301 436 2359 in
481 2305 756 2359 senatum
798 2296 941 2376 legit
993 2300 1122 2359 sine
1165 2296 1509 2358 discrimine
1564 2299 1770 2358 aetatis
1812 2317 2031 2359 census
2070 2301 2313 2378 generis

374 2384 664 2462 pecuniae
707 2385 940 2452 merito,
989 2381 1349 2444 militaribus
1411 2383 1589 2442 etiam
1633 2384 2063 2462 praeposituris
2103 2391 2161 2445 et
2203 2387 2307 2443 tri·
2338 2399 2393 2440 25

374 2467 699 2529 bunatibus
759 2474 818 2526 et
875 2466 1269 2544 legationibus
1330 2473 1390 2526 et
1431 2466 1741 2528 ducatibus
1782 2468 2071 2538 uenditiS,
2136 2469 2312 2530 etiam

307 2560 338 2608 3
375 2550 896 2632 procurationibus
943 2558 1001 2610 et
1030 2549 1313 2612 Palatinis
1354 2552 1578 2613 officiis
1654 2554 1891 2631 aurigas
1933 2554 2312 2631 Protogenen

377 2646 436 2698 et
478 2635 760 2699 Cordium
817 2637 1012 2715 primo
1061 2638 1126 2695 in
1180 2637 1506 2698 certamine
1561 2637 1757 2698 curuli
1802 2639 2025 2709 sociOS,
2069 2645 2209 2717 post
2247 2640 2312 2698 in

306 2729 341 2778 4
377 2723 540 2784 omni
573 2723 693 2784 uita
724 2727 784 2781 et
813 2729 948 2782 actu
978 2722 1303 2800 participes
1333 2721 1557 2782 habuit.
1606 2721 1847 2792 multos,
1884 2742 2141 2802 quorum
2174 2741 2307 2784 cor-

376 2827 526 2888 pora
556 2805 935 2886 placuerant,
971 2804 1045 2866 de
1087 2823 1303 2866 scaena
1334 2812 1393 2866 et
1436 2806 1594 2867 circo
1638 2815 1701 2868 et
1739 2807 1966 2868 harena
2004 2809 2068 2868 in
2110 2807 2306 2868 aulam
2332 2826 2387 2866 30

311 2901 342 2949 5
377 2892 654 2954 traduxit.
733 2891 1073 2954 Hieroclem
1135 2909 1285 2952 uero
1346 2893 1433 2954 sic
1490 2893 1713 2954 amauit
1746 2901 1811 2954 ut
1840 2892 2032 2953 eidem
2062 2895 2309 2971 inguina

380 2977 782 3047 oscularetur,
815 2977 976 3057 quod
1007 2977 1235 3037 dictum
1268 2978 1447 3038 etiam
1474 2977 1955 3039 inuerecundum
1986 2984 2104 3048 est,
2168 2978 2305 3038 Flo·

376 3060 524 3121 ralia
565 3080 734 3122 sacra
776 3081 840 3122 se
883 3062 1168 3122 adserens
1211 3061 1540 3123 celebrare.
1567 3063 1651 3122 .in
1682 3063 1979 3140 uirginem
2010 3062 2309 3124 Vestalem

311 3153 341 3201 6
376 3147 668 3206 incestum
733 3147 993 3257 admisit.
1094 3165 1258 3207 sacra
1290 3166 1389 3225 p.
1451 3147 1522 3208 R.
1584 3145 1832 3208 sublatis
1898 3147 2309 3227 penetralibus

477 3297 511 3346 4
535 3249 819 3363 subigeret
842 3295 1038 3349 BP²M
1197 3300 1228 3348 9
1262 3299 1571 3364 principem
1596 3299 1690 3363 qui
1714 3315 1814 3365 per
1835 3299 1941 3352 BP
2098 3301 2161 3350 10
2187 3299 2311 3364 quis

375 3365 481 3416 BP
501 3365 722 3430 quidem
745 3366 812 3416 M
910 3368 974 3416 15
1001 3366 1281 3417 subiciens
1305 3367 1356 3415 P
1378 3364 1454 3429 (ci
1477 3368 1529 3416 in
1550 3383 1657 3420 ras,
1663 3365 1682 3432 )
1796 3369 1863 3419 28
1889 3366 2152 3418 Gordium
2174 3371 2307 3433 uoly.

481 3433 676 3484 curulli
699 3433 779 3484 B¹
895 3436 958 3484 31
983 3433 1243 3486 heroclen
1267 3434 1372 3486 BP
1392 3435 1671 3486 Herodem
1694 3435 1760 3486 M
1867 3436 1931 3486 32
1960 3435 2113 3486 dictu
2140 3435 2311 3486 etiam

375 3517 557 3553 neree
584 3502 651 3551 M
782 3504 848 3553 33
874 3516 932 3553 se
959 3518 1050 3554 om.
1078 3501 1129 3552 B
1264 3502 1509 3554 ueselem
1533 3502 1607 3555 P¹
