2517 3884
0 300 15 374 fin·

735 196 1164 255 AVRELIANVS.
1251 197 1306 253 0.
1348 201 1584 253 30-33,
1937 261 1942 271 ,
2004 182 2122 257 159

321 362 604 421 Securior
635 361 894 437 denique
923 364 1138 423 iterum
1171 362 1230 421 in
1265 363 1562 441 Europam
1608 364 1765 424 redit
1794 372 1971 441 atquc
2001 362 2223 427 illic-32

193 464 402 507 omnes
434 448 536 523 qui
569 446 935 523 uagabantur
967 445 1168 506 hostes
1199 455 1337 506 nota
1368 447 1464 507 illa
1510 466 1613 509 sua
1664 452 1879 509 uirtute
1912 459 2118 511 contu-

193 532 298 591 dit.
372 532 614 591 interim
643 549 753 589 res
774 549 886 608 per
915 530 1198 591 Thracias
1213 532 1637 611 Europamque
1668 552 1905 595 omnem
1935 538 2118 595 Aure·
2156 545 2187 591 2

190 616 346 677 liano
405 617 678 693 ingentes
740 623 952 692 agente
993 616 1230 675 Firmus
1292 618 1529 691 quidam
1578 620 1793 686 extitit,
1857 622 1957 695 qui
2010 620 2125 679 sibi

140 716 164 753 5
190 704 519 779 Aegyptum
552 702 680 759 sine
723 699 1057 777 insignibus
1087 702 1357 778 imperii,
1403 704 1569 780 quasi
1614 710 1681 763 ut
1723 711 1882 763 esset
1913 707 2121 763 ciuitas

189 786 395 853 libera,
431 784 774 845 uindicauit.
837 784 907 843 ad
943 803 1116 865 quem
1151 788 1432 864 continuo
1462 787 1817 847 Aurelianus
1847 791 2113 857 reuertit,
2154 798 2187 847 3
2292 857 2297 861 ,

191 888 302 930 nec
333 868 454 929 illic
489 868 677 931 deluit
709 868 958 931 felicitas
991 869 1180 929 solita.
1258 889 1393 929 nam
1426 872 1753 949 Aegyptum
1796 874 1991 934 statim
2022 891 2118 934 re-

193 956 352 1032 cepit
382 962 578 1032 atque,
615 961 679 1013 ut
711 960 840 1013 erat
869 955 1038 1014 ferox
1071 956 1283 1023 animi,
1330 958 1684 1032 cogitatione
1717 957 1967 1027 multus,
2018 976 2121 1017 ue-

191 1039 504 1099 hementer
533 1040 816 1107 irascens,
852 1040 1009 1115 quod
1043 1038 1236 1099 adhuc
1262 1040 1535 1100 Tetricus
1550 1040 1769 1101 Gallias
1800 1044 2121 1120 optineret,

113 1142 164 1179 ιο
193 1123 563 1183 occidentem
596 1126 744 1201 petit
777 1130 952 1202 atque
982 1125 1113 1202 ipso
1143 1124 1381 1183 Tetrico
1416 1127 1741 1185 exercitum
1776 1144 1946 1185 suum
1977 1145 2116 1204 pro-

189 1209 395 1279 dente,
461 1208 617 1284 quod
662 1210 788 1267 eius
831 1207 1056 1269 scelera
1099 1210 1263 1267 ferre
1294 1227 1414 1269 non
1445 1217 1683 1287 posset,
1746 1209 1973 1270 deditas
2006 1210 2117 1270 sibi

189 1293 452 1370 legiones
483 1295 754 1370 optinuit.
832 1295 1112 1371 princeps
1142 1294 1324 1370 igitur
1356 1296 1536 1353 totius
1568 1294 1733 1355 orbis
1762 1295 2115 1355 Aurelianus
2149 1302 2184 1349 4

191 1379 412 1454 pacatis
464 1379 696 1437 oriente
753 1384 812 1437 e't
862 1377 1044 1437 ’Gallis
1106 1386 1283 1457 atque
1336 1378 1555 1457 ubique
1614 1388 1847 1439 terrore
1898 1381 2119 1439 iniecto

189 1462 434 1522 Romam
466 1464 582 1523 iter
611 1462 792 1531 flexit,
819 1470 884 1523 ut
913 1462 986 1521 de
1001 1462 1260 1543 Zenobia
1292 1462 1620 1532 etTetricO,
1652 1463 1764 1523 hoc
1796 1471 1884 1523 est
1910 1464 1983 1523 de
2000 1465 2117 1523 ori-

110 1567 159 1606 15
189 1554 324 1606 ente
351 1546 498 1605 etde
531 1546 856 1615 occidente,
885 1546 1250 1625 triumphum
1267 1546 1552 1608 Romanis
1574 1548 1761 1609 oculis
1786 1548 2116 1608 exhiberet.

313 1631 444 1691 Non
503 1630 724 1707 absque
755 1650 826 1691 re·
855 1638 946 1692 est
986 1650 1377 1709 cognoscere,
1440 1636 1541 1711 qui
1591 1634 1769 1693 luerit
1820 1632 2118 1694 Aureliani
2136 1629 2221 1692 33

188 1715 546 1794 triumphus,
625 1716 737 1775 suit
785 1718 943 1776 enim
985 1718 1483 1795 speciosissimus,
1562 1734 1771 1778 currus
1811 1720 1961 1815 regii
1993 1726 2118 1778 tres
2152 1730 2184 1783 2

186 1802 458 1868 f,uerunt
505 1802 563 1860 in
597 1798 690 1859 bis
722 1819 875 1860 unus
907 1800 1188 1869 Odenati,
1232 1809 1480 1879 argento
1513 1821 1659 1863 auro
1691 1805 1941 1879 gemmis
1974 1821 2115 1879 ope

185 1902 360 1944 rosus
391 1892 568 1961 atque
601 1885 945 1954 distinctUS,
991 1885 1171 1955 alter,
1219 1904 1397 1984 quem
1428 1905 1535 1945 rex
1577 1887 1899 1947 Persarum
1930 1888 2117 1946 Aure-

109 1990 156 2027 κο
187 1969 344 2029 liano
379 1969 534 2028 dono
581 1968 771 2039 dedit,
792 1972 932 2047 ipse
965 1989 1202 2049 quoque
1234 1972 1364 2047 pari
1396 1988 1579 2048 opere
1610 1971 1960 2039 fabricatus,
1997 1961 2115 2029 t‘er—

184 2056 328 2122 tius,
367 2071 542 2130 quem
573 2053 687 2114 sibi
718 2054 973 2114 Zenobia
1019 2062 1456 2133 composuerat,
1488 2073 1768 2133 sperans,
1806 2073 1871 2114 se
1900 2054 2113 2115 urbem

165 2139 508 2199 Romanam
545 2157 676 2198 cum
711 2158 782 2198 eo
816 2142 1098 2199 uisuram.
1177 2139 1334 2215 quod
1368 2138 1531 2199 illam
1562 2158 1683 2200 non
1715 2138 1945 2207 fefellit,
1980 2156 2117 2198 nam
2188 2141 2190 2143 ’

184 2242 320 2283 cum
354 2242 424 2282 eo
457 2222 664 2283 urbem
696 2225 968 2301 ingressa
1001 2231 1090 2284 est
1123 2226 1277 2284 uicta
1310 2230 1368 2283 et
1398 2224 1777 2301 triumphata.
1828 2225 1937 2284 fuit
1966 2223 2117 2283 alius
2153 2236 2187 2283 3

184 2326 396 2367 currus
424 2315 701 2383 quattuor
747 2310 941 2369 cernis
982 2310 1246 2378 iunctus,
1312 2310 1415 2387 qui
1460 2310 1646 2369 fuisse
1699 2310 1915 2369 dicitur
1958 2310 2118 2385 regis

106 2410 155 2449 25
185 2391 535 2452 Gothorum.
615 2388 762 2471 quo,
796 2401 860 2453 ut
883 2393 1051 2454 multi
1082 2395 1409 2453 memoriae
1442 2393 1845 2471 tradiderunt,
1881 2393 2115 2472 Capito-

181 2476 324 2536 lium
369 2472 722 2537 Aurelianus
773 2479 1050 2539 inuectus
1105 2486 1222 2547 est,
1285 2486 1353 2537 ut
1403 2478 1524 2539 illic
1566 2479 1841 2539 caederet
1883 2496 2115 2546 ceruOS,

182 2579 334 2640 quos
354 2580 490 2621 cum
524 2561 730 2623 eodem
757 2580 940 2623 curru
967 2570 1170 2641 captos
1195 2565 1439 2623 uouisse
1452 2563 1579 2623 Ioui
1612 2564 1833 2641 optimo
1860 2564 2118 2623 maximo

181 2644 507 2705 serebatur.
541 2654 1000 2723 praecesserunt
1015 2647 1313 2725 elephanti
1342 2649 1567 2724 uiginti,
1585 2650 2117 2707 ferae'mansuetae
2151 2658 2187 2704 4

181 2730 458 2807 Libycae,
487 2729 856 2791 Palaestinae
887 2731 1160 2803 diuersae
1193 2732 1500 2801 ducentae,
1534 2750 1681 2809 quas
1705 2730 1901 2791 statim
1930 2732 2117 2791 Aure-

101 2834 152 2873 30
179 2814 382 2875 lianus
409 2816 662 2893 priuatis
693 2815 964 2884 donauit,
1027 2834 1104 2875 ne
1135 2816 1345 2875 fiscum
1388 2816 1639 2876 annonis
1668 2822 1978 2891 grauaret3
2044 2816 2115 2873 ti-

316 2968 348 3015 2
375 2965 611 3015 eontulit
632 2963 713 3014 Β1
873 2968 903 3014 6
927 2964 1182 3031 reuertit]
1219 2983 1285 3015 an
1311 2981 1371 3015 se
1394 2966 1605 3015 uertit?
1766 2966 1797 3014 8
1824 2964 2117 3029 cogitatio-

178 3048 307 3083 nem
330 3034 482 3083 ultus
506 3034 761 3097 Eyssenh.
911 3036 972 3083 12
998 3034 1240 3099 regionis
1264 3033 1315 3083 B
1339 3034 1597 3098 regiones
1618 3034 1671 3083 P
1692 3040 1729 3085 t.
1754 3033 1903 3085 Iord.
2054 3034 2119 3081 13

179 3100 510 3165 origientem
535 3100 614 3149 B¹
667 3102 932 3151 orientem
958 3101 1100 3154 Gall.
1127 3100 1263 3151 B²P
1293 3101 1507 3151 oriente
1528 3101 1685 3152 Gall.
1712 3101 1773 3151 M
1807 3100 2019 3149 oriente
2060 3104 2119 3149 et.

179 3169 246 3219 G.
281 3170 472 3232 scripsi
628 3170 833 3233 ubique
867 3170 1066 3218 terrori
1099 3169 1250 3218 uicto
1285 3170 1436 3233 eripe
1470 3184 1555 3217 me
1590 3168 1678 3217 his
1711 3169 1922 3217 inuicte
1956 3167 2117 3217 malis

176 3238 408 3285 Romam
431 3236 536 3285 BP
577 3237 820 3301 undique
846 3237 1010 3286 terris
1033 3238 1262 3287 Romam
1287 3237 1355 3285 M
1371 3253 1459 3287 em.
1489 3236 1531 3286 S
1563 3235 1651 3300 (cs.
1678 3238 1795 3301 triy.
1825 3244 1922 3299 tyr.
1950 3250 1993 3284 c.
2022 3234 2115 3301 24)

318 3305 384 3353 14
406 3308 471 3353 ut
495 3320 588 3354 om.
615 3305 665 3353 P
799 3305 960 3354 zobia
984 3302 1132 3353 B¹P¹
1162 3304 1321 3367 (corr.
1346 3303 1398 3352 B
1407 3302 1530 3367 2Ρῧ)
1684 3307 1746 3355 15
1773 3302 2041 3367 exliberet
2063 3302 2115 3351 B

319 3372 382 3421 16
408 3372 478 3421 ab
504 3388 562 3420 re
588 3372 652 3422 M
716 3384 722 3390 ·
811 3376 872 3423 17
898 3372 1069 3437 resgii
1091 3369 1161 3420 B¹
1304 3374 1367 3423 18
1392 3387 1559 3421 unum
1580 3372 1685 3422 BP
1842 3370 2118 3423 1911131311-

175 3442 304 3488 ctus
327 3436 468 3555 BZP
547 3441 616 3489 24
641 3454 828 3490 corrue
850 3439 996 3490 B¹P¹
1029 3441 1086 3504 (t.
1111 3439 1286 3504 lor-d.)
1441 3443 1511 3503 27
1540 3445 1705 3506 capto
1728 3438 1802 3489 P¹
1965 3440 2031 3489 29
2052 3438 2115 3486 li-

172 3506 340 3557 bicae
