2517 3884
569 202 961 260 ALEXANDER
1004 203 1313 260 SEVERVS.
1402 203 1458 258 C.
1501 205 1741 258 52—55.
1991 195 2147 260 267-

177 388 423 432 manum
453 387 576 430 non
606 369 992 447 agnoscitis.“
1051 369 1125 430 Et
1155 388 1291 430 cum
1324 368 1741 432 uehementius
1782 363 2219 430 fremerent54

179 473 249 516 ac
277 456 444 516 ferro
477 471 716 532 quoque
746 455 1151 515 minarentur:
1186 455 1543 534 „Deponite,
1575 453 1801 533 inquid,
1838 453 2117 514 dexteras

183 547 392 601 contra
421 538 656 600 hostem
692 539 1024 618 erigendaS‚
1059 540 1110 600 si
1137 540 1329 600 fortes
1360 539 1507 608 sitis,
1540 557 1638 599 me
1669 540 1826 600 enim
1858 539 1970 599 ista
1995 557 2115 599 non

179 631 429 687 terrent.
505 626 555 683 si
597 625 758 685 enim
799 642 985 685 unum
1027 625 1332 685 hominem
1365 624 1732 694 occideritiS,
1778 641 1900 684 non
1941 621 2114 685 nobis
2149 633 2181 681 2

120 725 148 764 5
177 709 373 772 deerit
403 727 504 770 res
538 727 621 788 p.,
666 727 788 770 non
819 717 1088 779 senatus,
1135 726 1256 770 non
1296 728 1355 789 p.
1390 709 1491 780 R„
1538 711 1640 788 qui
1680 727 1777 769 me
1822 708 1896 769 de
1941 707 2114 769 uobis

177 795 510 856 uindicet.“
569 813 705 855 cum
736 775 923 854 nihilo
951 794 1152 855 minus
1181 802 1319 872 post
1357 795 1470 855 ista
1512 795 1869 863 fremerent,
1918 792 2113 855 excla-
2150 804 2183 853 3

173 881 389 940 mauit:
451 879 790 950 „Quirites‚
835 878 1122 941 discedite
1163 886 1344 956 atque
1386 897 1551 940 arma
1584 877 1930 958 deponite.“
2003 879 2115 940 mi·
2149 888 2184 936 4

173 963 363 1026 raudo
419 963 692 1043 exemplo
739 963 1025 1044 depositis
1067 965 1277 1034 armiS,
1326 963 1613 1042 depositis
1670 965 1849 1024 etiam
1891 962 2114 1042 sagulis

173 1047 536 1110 militaribus
567 1066 777 1110 omnes
806 1067 926 1110 non
956 1048 1029 1110 ad
1062 1057 1277 1118 castra,
1312 1047 1420 1110 sed
1452 1049 1525 1108 ad
1562 1048 1915 1109 deuorsoria
1946 1049 2115 1110 uaria

99 1148 148 1187 10
176 1141 578 1195 recesserunt.
643 1139 903 1213 tuncque
946 1135 1228 1213 priuatim
1259 1132 1629 1194 intellectum
1661 1140 1780 1202 est,
1826 1140 2114 1209 quantum
2150 1144 2183 1193 5

176 1221 305 1280 eius
338 1219 632 1280 seueritas
662 1226 884 1298 posset.
949 1219 1206 1296 denique
1240 1220 1418 1280 etiam
1450 1219 1619 1296 signa
1651 1219 1971 1296 stipatores
2007 1227 2065 1278 et
2094 1219 2117 1277 i
2150 1227 2182 1276 6

173 1305 278 1382 qui
327 1305 752 1383 imperatorem
798 1302 1318 1364 circumdederant
1372 1304 1434 1363 in
1476 1309 1669 1364 castra
1725 1301 2110 1371 rettulerunt,

173 1407 338 1450 arma
371 1387 618 1449 collecta
646 1388 907 1468 populus
937 1388 1008 1449 ad
1051 1387 1347 1449 Palatium
1386 1387 1543 1448 tulit.
1608 1404 1740 1448 eam
1784 1394 1983 1447 tamen
2025 1386 2112 1446 le·
2149 1395 2180 1446 ’1

173 1476 416 1552 gionem
449 1490 623 1551 quam
657 1475 1070 1535 exauctorauit
1098 1479 1347 1552 rogatus
1376 1481 1512 1552 post
1542 1471 1669 1533 dies
1700 1471 1879 1541 XXX,
1913 1472 2112 1551 prius-

100 1571 149 1610 15
176 1577 353 1637 quam
385 1558 458 1620 ad
491 1558 931 1637 expeditionem
961 1559 1265 1619 Persicam
1295 1559 1799 1637 proficisceretur,
1832 1556 1969 1618 loco
2002 1575 2113 1618 suo

171 1643 437 1706 restituit
467 1659 652 1721 eaque
681 1650 988 1723 pugnante
1017 1644 1273 1704 maxime
1302 1644 1477 1712 uicit,
1524 1661 1657 1703 cum
1688 1648 1890 1703 tamen
1920 1640 2112 1704 trihu-

173 1748 286 1790 nos
318 1729 448 1790 eius
478 1728 714 1806 capitali
744 1727 964 1789 adfecit
992 1728 1305 1808 supplicio,
1342 1728 1499 1806 qupd
1531 1745 1641 1806 per
1671 1726 2113 1805 neglegentiam

171 1813 414 1874 illorum
445 1812 665 1874 milites
693 1812 847 1892 apud
879 1813 1129 1874 Dafnem
1158 1811 1445 1875 luxuriati
1474 1819 1703 1881 essent,
1738 1810 1838 1873 uel
1868 1830 1978 1891 per
2010 1832 2109 1873 co-

173 1899 504 1960 niuentiam
534 1898 889 1959 seditionem
919 1899 1163 1959 fecisset
1194 1899 1516 1958 exercitus,

99 1995 148 2034 20
299 1984 513 2062 Magno
542 1985 724 2062 igitur
752 1982 1208 2062 apparatuinde
1239 1985 1305 2043 in
1333 1983 1550 2043 Persas
1579 1982 1886 2060 profectus
1934 1981 2106 2042 Arta·
2127 1971 2211 2038 55

173 2085 400 2130 xerxen
431 2085 636 2147 regem
666 2069 1146 2147 potentissimum
1175 2067 1348 2138 uicit,
1394 2084 1531 2127 cum
1572 2067 1703 2145 ipse
1746 2083 1970 2127 cornua
2004 2064 2109 2125 ob-

171 2155 320 2222 iret,
365 2152 586 2214 milites
628 2152 1008 2223 admoneret,
1053 2150 1167 2213 suh
1206 2153 1328 2212 ictu
1372 2151 1479 2213 teli
1508 2157 1885 2219 uersaretur,
1930 2167 2111 2209 manu

171 2237 502 2316 plurimum
540 2239 796 2308 faceret,
841 2236 1109 2315 singulos
1151 2253 1423 2316 quosque
1475 2234 1693 2297 milites
1745 2235 1817 2295 ad
1869 2234 2109 2296 laudem

175 2323 384 2384 uerbis
415 2321 758 2384 adduceret.
801 2323 939 2384 fuso
971 2323 1229 2401 denique
1257 2323 1585 2401 fugatoque
1615 2327 1779 2381 tanto
1808 2337 1971 2399 rege,
2004 2320 2109 2398 qui
2143 2325 2176 2373 2

18 2449 21 2506 ὲ
97 2419 147 2460 2⁵
175 2427 312 2470 cum
343 2409 734 2487 septingentis
765 2406 1035 2469 elefantis
1063 2405 1415 2484 falcatisque
1454 2405 1619 2467 mille
1662 2413 1723 2466 et
1753 2406 2109 2483 octingentis

175 2492 451 2554 curribus
493 2493 568 2553 ad
599 2491 824 2554 bellum
863 2499 1116 2553 uenerat
1157 2493 1423 2572 equitum
1464 2491 1669 2554 multis
1708 2489 1948 2551 milibus
1988 2497 2107 2550 sta-

175 2579 280 2638 tim
308 2576 679 2639 Antiochiam
708 2576 865 2638 redit
895 2585 953 2638 et
983 2578 1058 2638 de
1088 2577 1337 2656 praeda,
1384 2594 1564 2655 quam
1593 2577 1794 2638 Persis
1838 2575 2105 2654 diripuit,

176 2681 352 2725 suum
383 2661 596 2724 ditauit
625 2663 975 2731 exercitum,
1009 2681 1146 2724 cum
1178 2669 1238 2722 et
1266 2661 1541 2724 tribunos
1572 2680 1639 2722 ea
1682 2677 1834 2738 quae
1875 2679 1985 2740 per
2018 2661 2106 2721 ui-

178 2765 280 2809 cos
311 2746 686 2827 diripuerant
716 2754 776 2808 et
804 2746 988 2808 duces
1021 2755 1080 2808 et
1107 2749 1275 2826 ipsos
1306 2746 1524 2809 milites
1554 2744 1779 2806 hahere
1809 2746 2100 2806 iussisset.

19 2821 21 2826 ’
99 2841 150 2883 ³0
176 2839 424 2910 tumque
474 2833 950 2920 primum-serui
1000 2833 1220 2894 Persae
1278 2832 1435 2912 apud
1486 2832 1790 2892 Romanos
1840 2831 2104 2897 fuerunt,
2143 2835 2176 2884 3

278 3055 304 3103 1
334 3053 598 3104 fremeret
620 3080 686 3088 —·
710 3052 1014 3103 minaretur
1036 3052 1103 3102 M
1243 3054 1277 3102 3
1302 3053 1443 3101 estis
1468 3052 1530 3100 M
1646 3051 1679 3101 5
1704 3046 1883 3114 respll
1901 3048 1953 3098 B
2075 3050 2141 3100 9

176 3119 242 3170 de
270 3126 457 3172 castra
480 3120 584 3170 BP
719 3117 1036 3171 deuossoria
1061 3117 1133 3168 B¹
1160 3119 1369 3182 (lineola
1387 3125 1575 3184 postea
1598 3134 1734 3170 eras.
1740 3117 1757 3180 )
1861 3117 1985 3167 uari
2009 3115 2113 3165 BP

277 3191 342 3239 10
365 3189 646 3253 priuatum
669 3188 773 3238 BP
908 3191 967 3239 11
993 3188 1051 3238 hi
1076 3187 1244 3238 BPM
1354 3187 1419 3238 18
1444 3187 1817 3237 conibentiam
1841 3184 1944 3234 BP
1964 3199 2107 3234 com-

173 3256 422 3308 bentiam
445 3256 506 3308 M
646 3258 711 3306 19
735 3256 1004 3307 fecissent
1024 3256 1093 3306 M
1224 3257 1293 3306 20
1316 3252 1467 3320 inde]
1496 3254 1563 3304 de
1588 3257 1639 3304 in
1662 3255 1713 3303 P
1732 3270 1803 3305 ex
1826 3253 1888 3302 in
1908 3268 2045 3303 corr.
2067 3259 2104 3303 t.

175 3323 322 3378 Iov-d.
461 3324 520 3374 in
544 3340 637 3376 om.
661 3323 832 3374 BPM
977 3326 1041 3374 21
1068 3324 1189 3388 ipse
1213 3322 1531 3374 Alexander
1553 3321 1703 3372 P⁸M
1841 3319 2023 3371 adiret
2047 3320 2116 3370 M

172 3393 235 3441 22
261 3393 614 3444 subiectustu
644 3392 740 3441 BP
759 3393 1011 3444 subietus
1033 3392 1094 3442 M
1230 3394 1297 3442 23
1322 3396 1421 3441 aut
1444 3389 1665 3441 laudem
1687 3390 1789 3440 BP
1921 3390 1988 3439 27
2012 3403 2111 3437 an-

171 3459 439 3511 thiociam
463 3460 514 3509 P
661 3462 728 3511 29
755 3459 1062 3526 diripuerat
1083 3458 1228 3510 B¹M
1378 3463 1435 3509 et
1459 3464 1577 3509 a'nte
1601 3459 1754 3524 ipsos
1778 3474 1871 3509 om.
1898 3455 1971 3507 B¹

169 3528 320 3593 ipses
343 3527 416 3578 B¹
558 3530 624 3579 30
649 3543 877 3594 cumque
901 3528 1005 3577 BP
1138 3530 1344 3578 Persae
1369 3527 1518 3578 serui
1539 3527 1607 3577 M
