<?xml version="1.0" encoding="UTF-8"?>
<!DOCTYPE html PUBLIC "-//W3C//DTD XHTML 1.0 Transitional//EN"
    "http://www.w3.org/TR/xhtml1/DTD/xhtml1-transitional.dtd">
<html xmlns="http://www.w3.org/1999/xhtml" xml:lang="en" lang="en">
 <head>
  <title>
</title>
<meta http-equiv="Content-Type" content="text/html;charset=utf-8" />
  <meta name='ocr-system' content='tesseract 3.04.00' />
  <meta name='ocr-capabilities' content='ocr_page ocr_carea ocr_par ocr_line ocrx_word'/>
</head>
<body>
  <div class='ocr_page' id='page_1' title='image "./scriptoreshisto02petegoog_0602.png"; bbox 0 0 2517 3884; ppageno 0'>
   <div class='ocr_carea' id='block_1_1' title="bbox 304 152 2184 253">
    <p class='ocr_par' dir='ltr' id='par_1_1' title="bbox 304 152 2184 253">
     <span class='ocr_line' id='line_1_1' title="bbox 304 152 2184 253; baseline 0.003 -12"><span class='ocrx_word' id='word_1_1' title='bbox 304 190 535 241; x_wconf 78' lang='lat' dir='ltr'><strong>mnEx</strong></span> <span class='ocrx_word' id='word_1_2' title='bbox 572 187 922 240; x_wconf 70' lang='lat' dir='ltr'><strong>HOMINVM</strong></span> <span class='ocrx_word' id='word_1_3' title='bbox 955 188 1053 239; x_wconf 83' lang='lat' dir='ltr'><strong>ET</strong></span> <span class='ocrx_word' id='word_1_4' title='bbox 1088 188 1346 241; x_wconf 81' lang='lat' dir='ltr'>RERVM</span> <span class='ocrx_word' id='word_1_5' title='bbox 1380 188 1958 241; x_wconf 80' lang='lat' dir='ltr'><strong>MEMORABILIVM</strong></span> <span class='ocrx_word' id='word_1_6' title='bbox 2046 152 2184 253; x_wconf 74' lang='grc'>287,</span> 
     </span>
    </p>
   </div>
   <div class='ocr_carea' id='block_1_2' title="bbox 135 358 1099 1034">
    <p class='ocr_par' dir='ltr' id='par_1_2' title="bbox 135 358 1099 1033">
     <span class='ocr_line' id='line_1_2' title="bbox 140 358 1096 423; baseline 0 -14"><span class='ocrx_word' id='word_1_7' title='bbox 140 358 449 409; x_wconf 87' lang='lat' dir='ltr'><strong>bellianum</strong></span> <span class='ocrx_word' id='word_1_8' title='bbox 484 358 540 407; x_wconf 97' lang='lat' dir='ltr'><strong>II</strong></span> <span class='ocrx_word' id='word_1_9' title='bbox 567 359 683 422; x_wconf 90' lang='lat'>114,</span> <span class='ocrx_word' id='word_1_10' title='bbox 710 360 800 421; x_wconf 85' lang='lat'><strong>19;</strong></span> <span class='ocrx_word' id='word_1_11' title='bbox 838 360 922 409; x_wconf 86' lang='lat'><strong>23.</strong></span> <span class='ocrx_word' id='word_1_12' title='bbox 964 372 1096 423; x_wconf 87' lang='lat' dir='ltr'><strong>qua-</strong></span> 
     </span>
     <span class='ocr_line' id='line_1_3' title="bbox 140 426 1097 492; baseline -0.001 -15"><span class='ocrx_word' id='word_1_13' title='bbox 140 428 231 477; x_wconf 88' lang='lat' dir='ltr'><strong>uis</strong></span> <span class='ocrx_word' id='word_1_14' title='bbox 272 426 585 492; x_wconf 82' lang='lat' dir='ltr'>principum</span> <span class='ocrx_word' id='word_1_15' title='bbox 630 426 977 476; x_wconf 78' lang='lat' dir='ltr'><strong>human-itate</strong></span> <span class='ocrx_word' id='word_1_16' title='bbox 1026 426 1097 476; x_wconf 82' lang='lat' dir='ltr'><strong>ad</strong></span> 
     </span>
     <span class='ocr_line' id='line_1_4' title="bbox 142 494 1096 561; baseline 0 -16"><span class='ocrx_word' id='word_1_17' title='bbox 142 494 546 560; x_wconf 83' lang='lat' dir='ltr'><strong>aequalitatem</strong></span> <span class='ocrx_word' id='word_1_18' title='bbox 581 494 809 559; x_wconf 86' lang='lat' dir='ltr'><strong>perduci</strong></span> <span class='ocrx_word' id='word_1_19' title='bbox 853 509 964 545; x_wconf 88' lang='lat' dir='ltr'><strong>non</strong></span> <span class='ocrx_word' id='word_1_20' title='bbox 1000 508 1096 561; x_wconf 88' lang='lat' dir='ltr'><strong>po·</strong></span> 
     </span>
     <span class='ocr_line' id='line_1_5' title="bbox 138 561 1095 624; baseline -0.002 -11"><span class='ocrx_word' id='word_1_21' title='bbox 138 567 368 613; x_wconf 83' lang='lat' dir='ltr'><strong>tuerunt</strong></span> <span class='ocrx_word' id='word_1_22' title='bbox 402 561 460 612; x_wconf 90' lang='lat'><strong>11</strong></span> <span class='ocrx_word' id='word_1_23' title='bbox 486 563 601 624; x_wconf 83' lang='lat'>115,</span> <span class='ocrx_word' id='word_1_24' title='bbox 628 563 675 612; x_wconf 89' lang='lat'><strong>1.</strong></span> <span class='ocrx_word' id='word_1_25' title='bbox 702 576 915 612; x_wconf 90' lang='lat' dir='ltr'><strong>omnem</strong></span> <span class='ocrx_word' id='word_1_26' title='bbox 938 561 1095 612; x_wconf 87' lang='lat' dir='ltr'><strong>Isau-</strong></span> 
     </span>
     <span class='ocr_line' id='line_1_6' title="bbox 138 628 1097 695; baseline 0 -16"><span class='ocrx_word' id='word_1_27' title='bbox 138 644 322 681; x_wconf 85' lang='lat' dir='ltr'>rorum</span> <span class='ocrx_word' id='word_1_28' title='bbox 372 630 778 695; x_wconf 86' lang='lat' dir='ltr'><strong>possessionem</strong></span> <span class='ocrx_word' id='word_1_29' title='bbox 832 628 1097 679; x_wconf 85' lang='lat' dir='ltr'><strong>Claudius</strong></span> 
     </span>
     <span class='ocr_line' id='line_1_7' title="bbox 138 697 1099 748; baseline 0 -1"><span class='ocrx_word' id='word_1_30' title='bbox 138 698 238 747; x_wconf 89' lang='lat' dir='ltr'><strong>uni</strong></span> <span class='ocrx_word' id='word_1_31' title='bbox 291 713 358 748; x_wconf 84' lang='lat' dir='ltr'><strong>ex</strong></span> <span class='ocrx_word' id='word_1_32' title='bbox 413 697 767 747; x_wconf 77' lang='lat' dir='ltr'><strong>amicissimIs</strong></span> <span class='ocrx_word' id='word_1_33' title='bbox 820 697 955 747; x_wconf 86' lang='lat' dir='ltr'><strong>dare</strong></span> <span class='ocrx_word' id='word_1_34' title='bbox 1001 712 1099 748; x_wconf 90' lang='lat' dir='ltr'><strong>uo·</strong></span> 
     </span>
     <span class='ocr_line' id='line_1_8' title="bbox 137 764 1095 830; baseline -0.001 -14"><span class='ocrx_word' id='word_1_35' title='bbox 137 766 265 827; x_wconf 90' lang='lat' dir='ltr'><strong>luit,</strong></span> <span class='ocrx_word' id='word_1_36' title='bbox 302 780 373 815; x_wconf 86' lang='lat' dir='ltr'><strong>ne</strong></span> <span class='ocrx_word' id='word_1_37' title='bbox 412 764 540 830; x_wconf 89' lang='lat' dir='ltr'><strong>quid</strong></span> <span class='ocrx_word' id='word_1_38' title='bbox 578 780 645 814; x_wconf 84' lang='lat' dir='ltr'><strong>ex</strong></span> <span class='ocrx_word' id='word_1_39' title='bbox 684 780 753 815; x_wconf 87' lang='lat' dir='ltr'><strong>ea</strong></span> <span class='ocrx_word' id='word_1_40' title='bbox 788 770 985 830; x_wconf 81' lang='lat' dir='ltr'><strong>postea</strong></span> <span class='ocrx_word' id='word_1_41' title='bbox 1010 780 1095 815; x_wconf 88' lang='lat' dir='ltr'><strong>re-</strong></span> 
     </span>
     <span class='ocr_line' id='line_1_9' title="bbox 136 832 1097 896; baseline -0.002 -13"><span class='ocrx_word' id='word_1_42' title='bbox 136 832 405 883; x_wconf 87' lang='lat' dir='ltr'><strong>bellionis</strong></span> <span class='ocrx_word' id='word_1_43' title='bbox 450 837 698 891; x_wconf 79' lang='lat' dir='ltr'><strong>oreretur</strong></span> <span class='ocrx_word' id='word_1_44' title='bbox 741 832 797 881; x_wconf 89' lang='lat'><strong>11</strong></span> <span class='ocrx_word' id='word_1_45' title='bbox 849 834 1097 896; x_wconf 90' lang='grc'>116,11.</span> 
     </span>
     <span class='ocr_line' id='line_1_10' title="bbox 135 899 1099 965; baseline -0.002 -14"><span class='ocrx_word' id='word_1_46' title='bbox 135 902 499 952; x_wconf 83' lang='lat' dir='ltr'><strong>barbarorum</strong></span> <span class='ocrx_word' id='word_1_47' title='bbox 546 900 640 965; x_wconf 91' lang='lat' dir='ltr'><strong>qui</strong></span> <span class='ocrx_word' id='word_1_48' title='bbox 676 899 824 965; x_wconf 87' lang='lat' dir='ltr'><strong>apud</strong></span> <span class='ocrx_word' id='word_1_49' title='bbox 858 901 929 950; x_wconf 88' lang='lat' dir='ltr'><strong>Is.</strong></span> <span class='ocrx_word' id='word_1_50' title='bbox 968 904 1099 950; x_wconf 84' lang='lat' dir='ltr'><strong>sunt</strong></span> 
     </span>
     <span class='ocr_line' id='line_1_11' title="bbox 138 966 1099 1034; baseline -0.005 -13"><span class='ocrx_word' id='word_1_51' title='bbox 138 969 270 1021; x_wconf 88' lang='lat' dir='ltr'><strong>loca</strong></span> <span class='ocrx_word' id='word_1_52' title='bbox 315 969 647 1034; x_wconf 84' lang='lat' dir='ltr'><strong>ingressus</strong></span> <span class='ocrx_word' id='word_1_53' title='bbox 651 973 737 1019; x_wconf 86' lang='lat' dir='ltr'><strong>est</strong></span> <span class='ocrx_word' id='word_1_54' title='bbox 781 967 994 1018; x_wconf 90' lang='lat' dir='ltr'><strong>Probus</strong></span> <span class='ocrx_word' id='word_1_55' title='bbox 1040 966 1099 1017; x_wconf 84' lang='lat'><strong>11</strong></span> 
     </span>
    </p>
   </div>
   <div class='ocr_carea' id='block_1_3' title="bbox 1215 358 2181 954">
    <p class='ocr_par' dir='ltr' id='par_1_3' title="bbox 1215 358 2181 953">
     <span class='ocr_line' id='line_1_12' title="bbox 1221 358 2169 423; baseline 0.003 -15"><span class='ocrx_word' id='word_1_56' title='bbox 1221 364 1278 408; x_wconf 88' lang='lat' dir='ltr'><strong>et</strong></span> <span class='ocrx_word' id='word_1_57' title='bbox 1314 359 1434 423; x_wconf 89' lang='lat' dir='ltr'><strong>ipse</strong></span> <span class='ocrx_word' id='word_1_58' title='bbox 1471 358 1704 423; x_wconf 82' lang='lat' dir='ltr'><strong>sumpsit</strong></span> <span class='ocrx_word' id='word_1_59' title='bbox 1741 362 1796 408; x_wconf 90' lang='lat' dir='ltr'><strong>et</strong></span> <span class='ocrx_word' id='word_1_60' title='bbox 1831 359 2040 410; x_wconf 78' lang='lat' dir='ltr'><strong>milites</strong></span> <span class='ocrx_word' id='word_1_61' title='bbox 2085 365 2169 411; x_wconf 86' lang='lat' dir='ltr'><strong>to·</strong></span> 
     </span>
     <span class='ocr_line' id='line_1_13' title="bbox 1218 426 2180 494; baseline 0.002 -19"><span class='ocrx_word' id='word_1_62' title='bbox 1218 430 1382 491; x_wconf 82' lang='lat' dir='ltr'><strong>gatos</strong></span> <span class='ocrx_word' id='word_1_63' title='bbox 1419 440 1542 475; x_wconf 88' lang='lat' dir='ltr'><strong>esse</strong></span> <span class='ocrx_word' id='word_1_64' title='bbox 1587 426 1752 475; x_wconf 85' lang='lat' dir='ltr'><strong>iussit</strong></span> <span class='ocrx_word' id='word_1_65' title='bbox 1797 428 1890 488; x_wconf 92' lang='grc'><strong>66,</strong></span> <span class='ocrx_word' id='word_1_66' title='bbox 1929 428 2010 477; x_wconf 92' lang='grc'><strong>28.</strong></span> <span class='ocrx_word' id='word_1_67' title='bbox 2071 444 2180 494; x_wconf 82' lang='lat' dir='ltr'><strong>per</strong></span> 
     </span>
     <span class='ocr_line' id='line_1_14' title="bbox 1216 493 2171 561; baseline 0.002 -18"><span class='ocrx_word' id='word_1_68' title='bbox 1216 494 1262 543; x_wconf 93' lang='lat'><strong>1.</strong></span> <span class='ocrx_word' id='word_1_69' title='bbox 1310 493 1433 545; x_wconf 89' lang='lat' dir='ltr'><strong>Seu.</strong></span> <span class='ocrx_word' id='word_1_70' title='bbox 1488 508 1748 558; x_wconf 82' lang='lat' dir='ltr'><strong>magnam</strong></span> <span class='ocrx_word' id='word_1_71' title='bbox 1791 500 2006 561; x_wconf 84' lang='lat' dir='ltr'><strong>partem</strong></span> <span class='ocrx_word' id='word_1_72' title='bbox 2051 498 2171 546; x_wconf 85' lang='lat' dir='ltr'><strong>auri</strong></span> 
     </span>
     <span class='ocr_line' id='line_1_15' title="bbox 1218 561 2178 628; baseline 0.003 -17"><span class='ocrx_word' id='word_1_73' title='bbox 1218 561 1360 611; x_wconf 87' lang='lat' dir='ltr'><strong>fecit</strong></span> <span class='ocrx_word' id='word_1_74' title='bbox 1407 564 1528 623; x_wconf 84' lang='lat'><strong>133,</strong></span> <span class='ocrx_word' id='word_1_75' title='bbox 1583 561 1668 612; x_wconf 94' lang='grc'><strong>26.</strong></span> <span class='ocrx_word' id='word_1_76' title='bbox 1741 562 1786 613; x_wconf 95' lang='grc' dir='ltr'><strong>Ῑ.</strong></span> <span class='ocrx_word' id='word_1_77' title='bbox 1843 578 1986 628; x_wconf 86' lang='lat' dir='ltr'><strong>quae</strong></span> <span class='ocrx_word' id='word_1_78' title='bbox 2045 564 2178 614; x_wconf 82' lang='lat' dir='ltr'><strong>oleo</strong></span> 
     </span>
     <span class='ocr_line' id='line_1_16' title="bbox 1220 628 2181 700; baseline 0.002 -21"><span class='ocrx_word' id='word_1_79' title='bbox 1220 634 1373 695; x_wconf 89' lang='lat' dir='ltr'><strong>eget,</strong></span> <span class='ocrx_word' id='word_1_80' title='bbox 1413 632 1631 700; x_wconf 75' lang='lat' dir='ltr'><strong>tantum</strong></span> <span class='ocrx_word' id='word_1_81' title='bbox 1667 628 1900 680; x_wconf 85' lang='lat' dir='ltr'><strong>donauit</strong></span> <span class='ocrx_word' id='word_1_82' title='bbox 1935 630 2060 681; x_wconf 85' lang='lat' dir='ltr'><strong>Seu.</strong></span> <span class='ocrx_word' id='word_1_83' title='bbox 2111 636 2181 680; x_wconf 79' lang='lat' dir='ltr'><strong>ut</strong></span> 
     </span>
     <span class='ocr_line' id='line_1_17' title="bbox 1215 689 2181 768; baseline 0.004 -23"><span class='ocrx_word' id='word_1_84' title='bbox 1215 712 1318 762; x_wconf 89' lang='lat' dir='ltr'><strong>per</strong></span> <span class='ocrx_word' id='word_1_85' title='bbox 1385 689 1818 763; x_wconf 79' lang='lat' dir='ltr'><strong>quinquennium</strong></span> <span class='ocrx_word' id='word_1_86' title='bbox 1889 696 2181 768; x_wconf 81' lang='lat' dir='ltr'><strong>sufficeret</strong></span> 
     </span>
     <span class='ocr_line' id='line_1_18' title="bbox 1219 760 2174 827; baseline 0.002 -13"><span class='ocrx_word' id='word_1_87' title='bbox 1219 765 1484 827; x_wconf 89' lang='grc'>142,17.</span> <span class='ocrx_word' id='word_1_88' title='bbox 1543 764 1749 817; x_wconf 85' lang='lat' dir='ltr'><strong>Italiae</strong></span> <span class='ocrx_word' id='word_1_89' title='bbox 1787 760 2174 819; x_wconf 78' lang='lat' dir='ltr'><strong>com-ectorem</strong></span> 
     </span>
     <span class='ocr_line' id='line_1_19' title="bbox 1217 832 2175 896; baseline 0.004 -15"><span class='ocrx_word' id='word_1_90' title='bbox 1217 832 1498 882; x_wconf 76' lang='lat' dir='ltr'><strong>Tetricum</strong></span> <span class='ocrx_word' id='word_1_91' title='bbox 1558 833 1702 883; x_wconf 83' lang='lat' dir='ltr'><strong>fecit</strong></span> <span class='ocrx_word' id='word_1_92' title='bbox 1757 832 1888 887; x_wconf 87' lang='lat' dir='ltr'><strong>Aur.</strong></span> <span class='ocrx_word' id='word_1_93' title='bbox 1936 835 1993 884; x_wconf 95' lang='lat' dir='ltr'><strong>II</strong></span> <span class='ocrx_word' id='word_1_94' title='bbox 2053 837 2175 896; x_wconf 89' lang='grc'><strong>113</strong></span> 
     </span>
     <span class='ocr_line' id='line_1_20' title="bbox 1218 899 2176 954; baseline 0.004 -5"><span class='ocrx_word' id='word_1_95' title='bbox 1218 902 1305 950; x_wconf 90' lang='grc'><strong>21.</strong></span> <span class='ocrx_word' id='word_1_96' title='bbox 1350 899 1574 950; x_wconf 88' lang='lat' dir='ltr'><strong>Italiam</strong></span> <span class='ocrx_word' id='word_1_97' title='bbox 1617 899 1883 951; x_wconf 87' lang='lat' dir='ltr'><strong>liberauit</strong></span> <span class='ocrx_word' id='word_1_98' title='bbox 1935 902 2070 954; x_wconf 87' lang='lat' dir='ltr'><strong>Aur.</strong></span> <span class='ocrx_word' id='word_1_99' title='bbox 2113 902 2176 953; x_wconf 91' lang='lat'><strong>11</strong></span> 
     </span>
    </p>
   </div>
   <div class='ocr_carea' id='block_1_4' title="bbox 1219 968 1447 1030">
    <p class='ocr_par' dir='ltr' id='par_1_4' title="bbox 1219 968 1447 1030">
     <span class='ocr_line' id='line_1_21' title="bbox 1219 968 1447 1030; baseline 0.009 -13"><span class='ocrx_word' id='word_1_100' title='bbox 1219 969 1336 1030; x_wconf 83' lang='lat'>165,</span> <span class='ocrx_word' id='word_1_101' title='bbox 1365 968 1447 1019; x_wconf 90' lang='grc'><strong>16.</strong></span> 
     </span>
    </p>
   </div>
   <div class='ocr_carea' id='block_1_5' title="bbox 138 1033 2171 1102">
    <p class='ocr_par' dir='ltr' id='par_1_5' title="bbox 138 1033 2171 1102">
     <span class='ocr_line' id='line_1_22' title="bbox 138 1033 2171 1102; baseline 0.001 -17"><span class='ocrx_word' id='word_1_102' title='bbox 138 1037 265 1101; x_wconf 88' lang='grc'>198,</span> <span class='ocrx_word' id='word_1_103' title='bbox 302 1038 355 1087; x_wconf 90' lang='grc'>4.</span> <span class='ocrx_word' id='word_1_104' title='bbox 390 1036 571 1087; x_wconf 77' lang='lat' dir='ltr'><strong>Isauri</strong></span> <span class='ocrx_word' id='word_1_105' title='bbox 606 1036 851 1087; x_wconf 86' lang='lat' dir='ltr'><strong>latrones</strong></span> <span class='ocrx_word' id='word_1_106' title='bbox 884 1036 942 1087; x_wconf 91' lang='lat'><strong>11</strong></span> <span class='ocrx_word' id='word_1_107' title='bbox 978 1038 1095 1098; x_wconf 92' lang='grc'>200,</span> <span class='ocrx_word' id='word_1_108' title='bbox 1152 1035 1301 1100; x_wconf 85' lang='lat' dir='ltr'><strong>apud</strong></span> <span class='ocrx_word' id='word_1_109' title='bbox 1336 1034 1574 1085; x_wconf 83' lang='lat' dir='ltr'><strong>Italicam</strong></span> <span class='ocrx_word' id='word_1_110' title='bbox 1598 1033 1917 1100; x_wconf 85' lang='lat' dir='ltr'><strong>Scipionum</strong></span> <span class='ocrx_word' id='word_1_111' title='bbox 1954 1041 2171 1102; x_wconf 85' lang='lat' dir='ltr'><strong>tempo-</strong></span> 
     </span>
    </p>
   </div>
   <div class='ocr_carea' id='block_1_6' title="bbox 140 1106 229 1155">
    <p class='ocr_par' dir='ltr' id='par_1_6' title="bbox 140 1106 229 1155">
     <span class='ocr_line' id='line_1_23' title="bbox 140 1106 229 1155; baseline 0.028 -2"><span class='ocrx_word' id='word_1_112' title='bbox 140 1106 229 1155; x_wconf 83' lang='lat'><strong>25.</strong></span> 
     </span>
    </p>
   </div>
   <div class='ocr_carea' id='block_1_7' title="bbox 1215 1102 2172 1155">
    <p class='ocr_par' dir='ltr' id='par_1_7' title="bbox 1215 1102 2172 1155">
     <span class='ocr_line' id='line_1_24' title="bbox 1215 1102 2172 1155; baseline 0.002 -2"><span class='ocrx_word' id='word_1_113' title='bbox 1215 1104 1369 1153; x_wconf 87' lang='lat' dir='ltr'><strong>ribus</strong></span> <span class='ocrx_word' id='word_1_114' title='bbox 1413 1102 1691 1152; x_wconf 84' lang='lat' dir='ltr'><strong>Hadriani</strong></span> <span class='ocrx_word' id='word_1_115' title='bbox 1736 1104 1976 1153; x_wconf 87' lang='lat' dir='ltr'><strong>maiores</strong></span> <span class='ocrx_word' id='word_1_116' title='bbox 2022 1119 2172 1155; x_wconf 88' lang='lat' dir='ltr'><strong>rese·</strong></span> 
     </span>
    </p>
   </div>
   <div class='ocr_carea' id='block_1_8' title="bbox 62 1170 2204 1440">
    <p class='ocr_par' dir='ltr' id='par_1_8' title="bbox 62 1170 2184 1440">
     <span class='ocr_line' id='line_1_25' title="bbox 62 1170 2170 1238; baseline -0 -16"><span class='ocrx_word' id='word_1_117' title='bbox 62 1172 286 1222; x_wconf 75' lang='lat' dir='ltr'><strong>Isauria</strong></span> <span class='ocrx_word' id='word_1_118' title='bbox 320 1172 377 1221; x_wconf 93' lang='lat'><strong>11</strong></span> <span class='ocrx_word' id='word_1_119' title='bbox 413 1172 643 1237; x_wconf 88' lang='lat'>114,18</span> <span class='ocrx_word' id='word_1_120' title='bbox 704 1172 959 1235; x_wconf 87' lang='grc'>22.198,</span> <span class='ocrx_word' id='word_1_121' title='bbox 1008 1173 1091 1224; x_wconf 90' lang='lat'><strong>12.</strong></span> <span class='ocrx_word' id='word_1_122' title='bbox 1216 1171 1416 1221; x_wconf 89' lang='lat' dir='ltr'><strong>derunt</strong></span> <span class='ocrx_word' id='word_1_123' title='bbox 1450 1173 1509 1234; x_wconf 87' lang='lat'><strong>3,</strong></span> <span class='ocrx_word' id='word_1_124' title='bbox 1547 1172 1598 1220; x_wconf 91' lang='grc'><strong>6.</strong></span> <span class='ocrx_word' id='word_1_125' title='bbox 1636 1170 1924 1233; x_wconf 85' lang='lat' dir='ltr'><strong>(Italicae)</strong></span> <span class='ocrx_word' id='word_1_126' title='bbox 1970 1172 2028 1220; x_wconf 90' lang='lat' dir='ltr'><strong>in</strong></span> <span class='ocrx_word' id='word_1_127' title='bbox 2074 1187 2170 1238; x_wconf 88' lang='lat' dir='ltr'><strong>pa·</strong></span> 
     </span>
     <span class='ocr_line' id='line_1_26' title="bbox 138 1237 2204 1305; baseline 0 -17"><span class='ocrx_word' id='word_1_128' title='bbox 138 1266 209 1275; x_wconf 97' lang='lat'><strong>—</strong></span> <span class='ocrx_word' id='word_1_129' title='bbox 245 1239 311 1289; x_wconf 87' lang='lat' dir='ltr'><strong>de</strong></span> <span class='ocrx_word' id='word_1_130' title='bbox 358 1242 433 1291; x_wconf 88' lang='lat' dir='ltr'><strong>Is.</strong></span> <span class='ocrx_word' id='word_1_131' title='bbox 482 1243 675 1305; x_wconf 86' lang='lat' dir='ltr'><strong>optate</strong></span> <span class='ocrx_word' id='word_1_132' title='bbox 720 1239 879 1289; x_wconf 89' lang='lat' dir='ltr'><strong>uenit</strong></span> <span class='ocrx_word' id='word_1_133' title='bbox 928 1239 1089 1292; x_wconf 86' lang='lat' dir='ltr'><strong>Alex.</strong></span> <span class='ocrx_word' id='word_1_134' title='bbox 1214 1240 1326 1289; x_wconf 75' lang='lat' dir='ltr'><strong>tria</strong></span> <span class='ocrx_word' id='word_1_135' title='bbox 1371 1237 1549 1288; x_wconf 87' lang='lat' dir='ltr'><strong>Hadr.</strong></span> <span class='ocrx_word' id='word_1_136' title='bbox 1599 1238 2028 1303; x_wconf 84' lang='lat' dir='ltr'><strong>quinquennalis</strong></span> <span class='ocrx_word' id='word_1_137' title='bbox 2065 1241 2204 1289; x_wconf 78' lang='lat' dir='ltr'><strong>fuit·-</strong></span> 
     </span>
     <span class='ocr_line' id='line_1_27' title="bbox 136 1306 1424 1372; baseline 0.001 -17"><span class='ocrx_word' id='word_1_138' title='bbox 136 1307 268 1372; x_wconf 86' lang='lat' dir='ltr'><strong>imp.</strong></span> <span class='ocrx_word' id='word_1_139' title='bbox 288 1309 407 1370; x_wconf 83' lang='lat'><strong>269,</strong></span> <span class='ocrx_word' id='word_1_140' title='bbox 434 1310 516 1358; x_wconf 93' lang='grc'><strong>30.</strong></span> <span class='ocrx_word' id='word_1_141' title='bbox 555 1307 627 1357; x_wconf 88' lang='lat' dir='ltr'><strong>Is.</strong></span> <span class='ocrx_word' id='word_1_142' title='bbox 666 1306 931 1357; x_wconf 85' lang='lat' dir='ltr'><strong>liberauit</strong></span> <span class='ocrx_word' id='word_1_143' title='bbox 952 1307 1089 1357; x_wconf 87' lang='lat' dir='ltr'><strong>Pro·</strong></span> <span class='ocrx_word' id='word_1_144' title='bbox 1218 1308 1302 1370; x_wconf 84' lang='lat'><strong>19,</strong></span> <span class='ocrx_word' id='word_1_145' title='bbox 1343 1308 1424 1356; x_wconf 87' lang='lat'><strong>13.</strong></span> 
     </span>
     <span class='ocr_line' id='line_1_28' title="bbox 136 1372 2163 1440; baseline -0 -16"><span class='ocrx_word' id='word_1_146' title='bbox 136 1374 241 1424; x_wconf 88' lang='lat' dir='ltr'><strong>bus</strong></span> <span class='ocrx_word' id='word_1_147' title='bbox 276 1374 561 1425; x_wconf 82' lang='lat' dir='ltr'>Palfuerio</span> <span class='ocrx_word' id='word_1_148' title='bbox 598 1375 816 1426; x_wconf 89' lang='lat' dir='ltr'><strong>latrone</strong></span> <span class='ocrx_word' id='word_1_149' title='bbox 843 1379 1007 1440; x_wconf 72' lang='lat' dir='ltr'><strong>capto</strong></span> <span class='ocrx_word' id='word_1_150' title='bbox 1034 1378 1092 1425; x_wconf 87' lang='lat' dir='ltr'><strong>et</strong></span> <span class='ocrx_word' id='word_1_151' title='bbox 1142 1374 1336 1425; x_wconf 79' lang='lat' dir='ltr'><strong>Italica</strong></span> <span class='ocrx_word' id='word_1_152' title='bbox 1374 1372 1688 1423; x_wconf 81' lang='lat' dir='ltr'><strong>adlectione</strong></span> <span class='ocrx_word' id='word_1_153' title='bbox 1723 1372 2044 1438; x_wconf 87' lang='lat' dir='ltr'><strong>Hispaniae</strong></span> <span class='ocrx_word' id='word_1_154' title='bbox 2071 1390 2163 1424; x_wconf 86' lang='lat' dir='ltr'><strong>ex-</strong></span> 
     </span>
    </p>
   </div>
   <div class='ocr_carea' id='block_1_9' title="bbox 61 1442 2178 1577">
    <p class='ocr_par' dir='ltr' id='par_1_9' title="bbox 61 1442 2178 1576">
     <span class='ocr_line' id='line_1_29' title="bbox 136 1442 1703 1505; baseline 0 -14"><span class='ocrx_word' id='word_1_155' title='bbox 136 1442 437 1493; x_wconf 80' lang='lat' dir='ltr'><strong>interfecto</strong></span> <span class='ocrx_word' id='word_1_156' title='bbox 470 1443 527 1492; x_wconf 93' lang='grc' dir='ltr'><strong>ΙΙ</strong></span> <span class='ocrx_word' id='word_1_157' title='bbox 566 1444 684 1505; x_wconf 89' lang='grc'>198,</span> <span class='ocrx_word' id='word_1_158' title='bbox 722 1444 769 1495; x_wconf 85' lang='grc'><strong>3.</strong></span> <span class='ocrx_word' id='word_1_159' title='bbox 1217 1442 1456 1493; x_wconf 80' lang='lat' dir='ltr'><strong>haustae</strong></span> <span class='ocrx_word' id='word_1_160' title='bbox 1492 1443 1703 1501; x_wconf 89' lang='grc'>63,19.</span> 
     </span>
     <span class='ocr_line' id='line_1_30' title="bbox 61 1508 2178 1577; baseline 0 -17"><span class='ocrx_word' id='word_1_161' title='bbox 61 1510 273 1561; x_wconf 77' lang='lat' dir='ltr'><strong>Isiacos</strong></span> <span class='ocrx_word' id='word_1_162' title='bbox 336 1526 467 1561; x_wconf 86' lang='lat' dir='ltr'><strong>uere</strong></span> <span class='ocrx_word' id='word_1_163' title='bbox 530 1511 712 1576; x_wconf 87' lang='lat' dir='ltr'><strong>pineis</strong></span> <span class='ocrx_word' id='word_1_164' title='bbox 772 1524 947 1575; x_wconf 86' lang='lat' dir='ltr'><strong>usque</strong></span> <span class='ocrx_word' id='word_1_165' title='bbox 1024 1509 1097 1559; x_wconf 90' lang='lat' dir='ltr'><strong>ad</strong></span> <span class='ocrx_word' id='word_1_166' title='bbox 1148 1510 1352 1561; x_wconf 76' lang='lat' dir='ltr'><strong>Italicis</strong></span> <span class='ocrx_word' id='word_1_167' title='bbox 1389 1508 1715 1560; x_wconf 83' lang='lat' dir='ltr'><strong>ciuitatibus</strong></span> <span class='ocrx_word' id='word_1_168' title='bbox 1747 1509 2080 1559; x_wconf 85' lang='lat' dir='ltr'><strong>frumentum</strong></span> <span class='ocrx_word' id='word_1_169' title='bbox 2105 1525 2178 1577; x_wconf 75' lang='lat' dir='ltr'><strong>ex</strong></span> 
     </span>
    </p>
   </div>
   <div class='ocr_carea' id='block_1_10' title="bbox 59 1576 2178 2319">
    <p class='ocr_par' dir='ltr' id='par_1_10' title="bbox 59 1576 2178 2319">
     <span class='ocr_line' id='line_1_31' title="bbox 136 1576 2111 1643; baseline -0.001 -16"><span class='ocrx_word' id='word_1_170' title='bbox 136 1578 441 1643; x_wconf 88' lang='lat' dir='ltr'><strong>perniciem</strong></span> <span class='ocrx_word' id='word_1_171' title='bbox 494 1582 689 1643; x_wconf 85' lang='lat' dir='ltr'><strong>pectus</strong></span> <span class='ocrx_word' id='word_1_172' title='bbox 735 1578 967 1628; x_wconf 89' lang='lat' dir='ltr'><strong>tundere</strong></span> <span class='ocrx_word' id='word_1_173' title='bbox 1006 1593 1095 1628; x_wconf 88' lang='lat' dir='ltr'><strong>co·</strong></span> <span class='ocrx_word' id='word_1_174' title='bbox 1216 1578 1355 1628; x_wconf 90' lang='lat' dir='ltr'><strong>urbe</strong></span> <span class='ocrx_word' id='word_1_175' title='bbox 1391 1578 1614 1627; x_wconf 86' lang='lat' dir='ltr'><strong>Marcus</strong></span> <span class='ocrx_word' id='word_1_176' title='bbox 1651 1576 1882 1627; x_wconf 89' lang='lat' dir='ltr'><strong>donauit</strong></span> <span class='ocrx_word' id='word_1_177' title='bbox 1904 1578 2111 1639; x_wconf 87' lang='grc'>63,11.</span> 
     </span>
     <span class='ocr_line' id='line_1_32' title="bbox 134 1613 1998 1712; baseline -0.001 -16"><span class='ocrx_word' id='word_1_178' title='bbox 134 1646 307 1711; x_wconf 82' lang='lat' dir='ltr'><strong>gebat</strong></span> <span class='ocrx_word' id='word_1_179' title='bbox 342 1645 493 1696; x_wconf 83' lang='lat' dir='ltr'><strong>Com.</strong></span> <span class='ocrx_word' id='word_1_180' title='bbox 534 1647 617 1709; x_wconf 90' lang='grc'><strong>96,</strong></span> <span class='ocrx_word' id='word_1_181' title='bbox 656 1648 741 1699; x_wconf 88' lang='grc'>20.</span> <span class='ocrx_word' id='word_1_182' title='bbox 780 1645 973 1712; x_wconf 86' lang='lat' dir='ltr'><strong>capita</strong></span> <span class='ocrx_word' id='word_1_183' title='bbox 1002 1660 1093 1697; x_wconf 84' lang='lat' dir='ltr'><strong>eo·</strong></span> <span class='ocrx_word' id='word_1_184' title='bbox 1148 1646 1370 1696; x_wconf 80' lang='lat' dir='ltr'><strong><em>Italicae</em></strong></span> <span class='ocrx_word' id='word_1_185' title='bbox 1405 1645 1663 1711; x_wconf 77' lang='lat' dir='ltr'><strong>regiones</strong></span> <span class='ocrx_word' id='word_1_186' title='bbox 1697 1644 1755 1695; x_wconf 91' lang='grc' dir='ltr'><strong>ΙΙ</strong></span> <span class='ocrx_word' id='word_1_187' title='bbox 1791 1646 1875 1708; x_wconf 88' lang='lat'><strong>34,</strong></span> <span class='ocrx_word' id='word_1_188' title='bbox 1915 1613 1998 1697; x_wconf 89' lang='lat'><strong>24.</strong></span> 
     </span>
     <span class='ocr_line' id='line_1_33' title="bbox 134 1712 2175 1779; baseline 0.001 -16"><span class='ocrx_word' id='word_1_189' title='bbox 134 1728 253 1763; x_wconf 87' lang='lat' dir='ltr'><strong>rum</strong></span> <span class='ocrx_word' id='word_1_190' title='bbox 308 1714 557 1779; x_wconf 84' lang='lat' dir='ltr'><strong>grauiter</strong></span> <span class='ocrx_word' id='word_1_191' title='bbox 609 1713 953 1765; x_wconf 86' lang='lat' dir='ltr'><strong>obtundebat</strong></span> <span class='ocrx_word' id='word_1_192' title='bbox 997 1729 1093 1764; x_wconf 87' lang='lat' dir='ltr'><strong>ore</strong></span> <span class='ocrx_word' id='word_1_193' title='bbox 1146 1714 1326 1765; x_wconf 80' lang='lat' dir='ltr'><strong>Italici</strong></span> <span class='ocrx_word' id='word_1_194' title='bbox 1404 1713 1668 1764; x_wconf 86' lang='lat' dir='ltr'><strong>dilectum</strong></span> <span class='ocrx_word' id='word_1_195' title='bbox 1738 1712 2015 1763; x_wconf 88' lang='lat' dir='ltr'><strong>Hadriani</strong></span> <span class='ocrx_word' id='word_1_196' title='bbox 2085 1730 2175 1765; x_wconf 87' lang='lat' dir='ltr'><strong>re·</strong></span> 
     </span>
     <span class='ocr_line' id='line_1_34' title="bbox 1212 1780 2178 1844; baseline 0.001 -13"><span class='ocrx_word' id='word_1_197' title='bbox 1212 1781 1544 1832; x_wconf 79' lang='lat' dir='ltr'><strong>tractabant</strong></span> <span class='ocrx_word' id='word_1_198' title='bbox 1604 1784 1695 1844; x_wconf 82' lang='lat'><strong>13,</strong></span> <span class='ocrx_word' id='word_1_199' title='bbox 1764 1783 1847 1834; x_wconf 83' lang='lat'><strong>23.</strong></span> <span class='ocrx_word' id='word_1_200' title='bbox 1953 1780 2178 1841; x_wconf 72' lang='lat' dir='ltr'><strong>Italicis</strong></span> 
     </span>
     <span class='ocr_line' id='line_1_35' title="bbox 59 1847 2173 1915; baseline 0 -17"><span class='ocrx_word' id='word_1_201' title='bbox 59 1850 213 1899; x_wconf 74' lang='lat' dir='ltr'><strong>isicia</strong></span> <span class='ocrx_word' id='word_1_202' title='bbox 265 1851 475 1915; x_wconf 88' lang='lat' dir='ltr'><strong>primus</strong></span> <span class='ocrx_word' id='word_1_203' title='bbox 534 1850 673 1899; x_wconf 79' lang='lat' dir='ltr'><strong>fecit</strong></span> <span class='ocrx_word' id='word_1_204' title='bbox 725 1849 793 1901; x_wconf 89' lang='lat' dir='ltr'><strong>de</strong></span> <span class='ocrx_word' id='word_1_205' title='bbox 840 1850 1089 1915; x_wconf 85' lang='lat' dir='ltr'><strong>piscibus</strong></span> <span class='ocrx_word' id='word_1_206' title='bbox 1216 1864 1409 1899; x_wconf 87' lang='lat' dir='ltr'><strong>aurum</strong></span> <span class='ocrx_word' id='word_1_207' title='bbox 1456 1847 1804 1898; x_wconf 86' lang='lat' dir='ltr'><strong>coronarium</strong></span> <span class='ocrx_word' id='word_1_208' title='bbox 1850 1848 1983 1897; x_wconf 82' lang='lat' dir='ltr'><strong>Pius</strong></span> <span class='ocrx_word' id='word_1_209' title='bbox 2044 1849 2173 1899; x_wconf 84' lang='lat' dir='ltr'><strong>red-</strong></span> 
     </span>
     <span class='ocr_line' id='line_1_36' title="bbox 136 1916 1590 1980; baseline -0.002 -13"><span class='ocrx_word' id='word_1_210' title='bbox 136 1916 265 1971; x_wconf 87' lang='lat' dir='ltr'><strong>Hel.</strong></span> <span class='ocrx_word' id='word_1_211' title='bbox 308 1918 428 1980; x_wconf 89' lang='lat'><strong>216,</strong></span> <span class='ocrx_word' id='word_1_212' title='bbox 468 1920 547 1969; x_wconf 91' lang='grc'><strong>17.</strong></span> <span class='ocrx_word' id='word_1_213' title='bbox 1210 1917 1350 1966; x_wconf 86' lang='lat' dir='ltr'><strong>didit</strong></span> <span class='ocrx_word' id='word_1_214' title='bbox 1383 1916 1469 1979; x_wconf 87' lang='grc'><strong>37,</strong></span> <span class='ocrx_word' id='word_1_215' title='bbox 1510 1918 1590 1965; x_wconf 92' lang='grc'><strong>11.</strong></span> 
     </span>
     <span class='ocr_line' id='line_1_37' title="bbox 72 1983 1896 2048; baseline -0.001 -14"><span class='ocrx_word' id='word_1_216' title='bbox 72 1984 233 2037; x_wconf 75' lang='lat' dir='ltr'><strong>Isidis</strong></span> <span class='ocrx_word' id='word_1_217' title='bbox 268 2000 435 2036; x_wconf 85' lang='lat' dir='ltr'><strong>sacra</strong></span> <span class='ocrx_word' id='word_1_218' title='bbox 486 1985 663 2035; x_wconf 88' lang='lat' dir='ltr'><strong>coluit</strong></span> <span class='ocrx_word' id='word_1_219' title='bbox 708 1984 859 2036; x_wconf 83' lang='lat' dir='ltr'><strong>Com.</strong></span> <span class='ocrx_word' id='word_1_220' title='bbox 896 1986 992 2048; x_wconf 84' lang='lat'><strong>96,</strong></span> <span class='ocrx_word' id='word_1_221' title='bbox 1038 1985 1087 2038; x_wconf 93' lang='grc'>8.</span> <span class='ocrx_word' id='word_1_222' title='bbox 1141 2010 1211 2020; x_wconf 92' lang='grc'>-</span> <span class='ocrx_word' id='word_1_223' title='bbox 1248 1984 1528 2034; x_wconf 86' lang='lat' dir='ltr'><strong>exercitus</strong></span> <span class='ocrx_word' id='word_1_224' title='bbox 1563 1983 1620 2033; x_wconf 92' lang='lat'><strong>11</strong></span> <span class='ocrx_word' id='word_1_225' title='bbox 1658 1984 1777 2045; x_wconf 89' lang='grc'>192,</span> <span class='ocrx_word' id='word_1_226' title='bbox 1813 1983 1896 2033; x_wconf 86' lang='grc'><strong>26.</strong></span> 
     </span>
     <span class='ocr_line' id='line_1_38' title="bbox 132 2049 2134 2117; baseline 0 -16"><span class='ocrx_word' id='word_1_227' title='bbox 132 2053 250 2117; x_wconf 87' lang='grc'>148,</span> <span class='ocrx_word' id='word_1_228' title='bbox 290 2054 374 2103; x_wconf 89' lang='grc'><strong>32.</strong></span> <span class='ocrx_word' id='word_1_229' title='bbox 416 2054 539 2111; x_wconf 88' lang='grc'>174,</span> <span class='ocrx_word' id='word_1_230' title='bbox 576 2054 659 2102; x_wconf 78' lang='grc' dir='ltr'><strong>23ῖ</strong></span> <span class='ocrx_word' id='word_1_231' title='bbox 713 2052 759 2101; x_wconf 90' lang='grc' dir='ltr'><strong>Ι.</strong></span> <span class='ocrx_word' id='word_1_232' title='bbox 808 2066 973 2102; x_wconf 85' lang='lat' dir='ltr'><strong>sacra</strong></span> <span class='ocrx_word' id='word_1_233' title='bbox 1008 2051 1089 2101; x_wconf 86' lang='lat' dir='ltr'><strong>fe·</strong></span> <span class='ocrx_word' id='word_1_234' title='bbox 1143 2053 1380 2101; x_wconf 77' lang='lat' dir='ltr'><strong>Italicum</strong></span> <span class='ocrx_word' id='word_1_235' title='bbox 1413 2049 1750 2115; x_wconf 69' lang='lat' dir='ltr'><strong>praesidium</strong></span> <span class='ocrx_word' id='word_1_236' title='bbox 1786 2050 1845 2099; x_wconf 90' lang='lat'><strong>11</strong></span> <span class='ocrx_word' id='word_1_237' title='bbox 1882 2050 2004 2112; x_wconf 87' lang='grc'>162,</span> <span class='ocrx_word' id='word_1_238' title='bbox 2049 2052 2134 2101; x_wconf 87' lang='grc'><strong>19.</strong></span> 
     </span>
     <span class='ocr_line' id='line_1_39' title="bbox 130 2117 1857 2185; baseline -0.002 -16"><span class='ocrx_word' id='word_1_239' title='bbox 130 2134 263 2170; x_wconf 89' lang='lat' dir='ltr'><strong>rens</strong></span> <span class='ocrx_word' id='word_1_240' title='bbox 287 2120 453 2170; x_wconf 86' lang='lat' dir='ltr'><strong>Pesc.</strong></span> <span class='ocrx_word' id='word_1_241' title='bbox 488 2120 674 2185; x_wconf 88' lang='lat' dir='ltr'><strong>pictus</strong></span> <span class='ocrx_word' id='word_1_242' title='bbox 709 2120 769 2168; x_wconf 88' lang='lat' dir='ltr'><strong>in</strong></span> <span class='ocrx_word' id='word_1_243' title='bbox 790 2117 943 2169; x_wconf 87' lang='lat' dir='ltr'><strong>Com.</strong></span> <span class='ocrx_word' id='word_1_244' title='bbox 964 2118 1093 2169; x_wconf 85' lang='lat' dir='ltr'><strong>hor·</strong></span> <span class='ocrx_word' id='word_1_245' title='bbox 1141 2119 1333 2169; x_wconf 84' lang='lat' dir='ltr'><strong>Italum</strong></span> <span class='ocrx_word' id='word_1_246' title='bbox 1371 2132 1580 2182; x_wconf 88' lang='lat' dir='ltr'><strong>aequor</strong></span> <span class='ocrx_word' id='word_1_247' title='bbox 1617 2119 1733 2179; x_wconf 88' lang='grc'>160,</span> <span class='ocrx_word' id='word_1_248' title='bbox 1772 2118 1857 2167; x_wconf 91' lang='grc'><strong>21.</strong></span> 
     </span>
     <span class='ocr_line' id='line_1_40' title="bbox 132 2185 1824 2248; baseline -0.002 -11"><span class='ocrx_word' id='word_1_249' title='bbox 132 2189 211 2237; x_wconf 88' lang='lat' dir='ltr'><strong>tis</strong></span> <span class='ocrx_word' id='word_1_250' title='bbox 248 2187 549 2238; x_wconf 87' lang='lat' dir='ltr'><strong>uidebatur</strong></span> <span class='ocrx_word' id='word_1_251' title='bbox 585 2187 699 2248; x_wconf 87' lang='lat'>148,</span> <span class='ocrx_word' id='word_1_252' title='bbox 740 2190 824 2237; x_wconf 86' lang='lat'><strong>31.</strong></span> <span class='ocrx_word' id='word_1_253' title='bbox 859 2186 1090 2236; x_wconf 83' lang='lat' dir='ltr'><strong>Romam</strong></span> <span class='ocrx_word' id='word_1_254' title='bbox 1145 2188 1249 2237; x_wconf 79' lang='lat' dir='ltr'><strong>iter</strong></span> <span class='ocrx_word' id='word_1_255' title='bbox 1286 2185 1580 2235; x_wconf 89' lang='lat' dir='ltr'><strong>metientia</strong></span> <span class='ocrx_word' id='word_1_256' title='bbox 1618 2186 1735 2247; x_wconf 85' lang='lat'>111,</span> <span class='ocrx_word' id='word_1_257' title='bbox 1773 2186 1824 2233; x_wconf 91' lang='grc'>7.</span> 
     </span>
     <span class='ocr_line' id='line_1_41' title="bbox 135 2252 1972 2319; baseline -0.002 -16"><span class='ocrx_word' id='word_1_258' title='bbox 135 2253 456 2319; x_wconf 85' lang='lat' dir='ltr'><strong>deportauit</strong></span> <span class='ocrx_word' id='word_1_259' title='bbox 494 2254 1038 2316; x_wconf 85' lang='lat' dir='ltr'><strong>Oar.1‘14,18;22.</strong></span> <span class='ocrx_word' id='word_1_260' title='bbox 1144 2256 1444 2303; x_wconf 75' lang='lat' dir='ltr'><strong>itinerarius</strong></span> <span class='ocrx_word' id='word_1_261' title='bbox 1480 2255 1727 2318; x_wconf 87' lang='lat' dir='ltr'><strong>sumptus</strong></span> <span class='ocrx_word' id='word_1_262' title='bbox 1763 2252 1847 2314; x_wconf 83' lang='lat'><strong>96,</strong></span> <span class='ocrx_word' id='word_1_263' title='bbox 1887 2253 1972 2301; x_wconf 91' lang='grc'><strong>11.</strong></span> 
     </span>
    </p>
   </div>
   <div class='ocr_carea' id='block_1_11' title="bbox 58 2318 2165 2453">
    <p class='ocr_par' dir='ltr' id='par_1_11' title="bbox 58 2318 2135 2453">
     <span class='ocr_line' id='line_1_42' title="bbox 58 2318 2056 2386; baseline -0.001 -15"><span class='ocrx_word' id='word_1_264' title='bbox 58 2323 225 2371; x_wconf 74' lang='lat' dir='ltr'><strong>Isium</strong></span> <span class='ocrx_word' id='word_1_265' title='bbox 285 2322 551 2371; x_wconf 85' lang='lat' dir='ltr'><strong>decenter</strong></span> <span class='ocrx_word' id='word_1_266' title='bbox 624 2322 848 2372; x_wconf 86' lang='lat' dir='ltr'><strong>ornauit</strong></span> <span class='ocrx_word' id='word_1_267' title='bbox 923 2320 1081 2372; x_wconf 83' lang='lat' dir='ltr'><strong>Alex.</strong></span> <span class='ocrx_word' id='word_1_268' title='bbox 1138 2322 1349 2386; x_wconf 78' lang='lat' dir='ltr'><strong>Ityraei</strong></span> <span class='ocrx_word' id='word_1_269' title='bbox 1381 2320 1673 2386; x_wconf 85' lang='lat' dir='ltr'><strong>sagittarii</strong></span> <span class='ocrx_word' id='word_1_270' title='bbox 1707 2318 1765 2369; x_wconf 93' lang='lat'><strong>11</strong></span> <span class='ocrx_word' id='word_1_271' title='bbox 1805 2320 1934 2382; x_wconf 89' lang='grc'>144,</span> <span class='ocrx_word' id='word_1_272' title='bbox 1973 2321 2056 2371; x_wconf 92' lang='grc'><strong>29.</strong></span> 
     </span>
     <span class='ocr_line' id='line_1_43' title="bbox 129 2387 2165 2453; baseline -0.001 -14"><span class='ocrx_word' id='word_1_273' title='bbox 129 2390 261 2453; x_wconf 88' lang='grc'>246,</span> <span class='ocrx_word' id='word_1_274' title='bbox 303 2391 355 2443; x_wconf 88' lang='grc'><strong>4.</strong></span> <span class='ocrx_word' id='word_1_275' title='bbox 1138 2390 1331 2440; x_wconf 78' lang='lat' dir='ltr'><strong>Iudaei</strong></span> <span class='ocrx_word' id='word_1_276' title='bbox 1361 2388 1534 2439; x_wconf 87' lang='lat' dir='ltr'><strong>Hadr.</strong></span> <span class='ocrx_word' id='word_1_277' title='bbox 1573 2388 1705 2453; x_wconf 87' lang='lat' dir='ltr'><strong>imp.</strong></span> <span class='ocrx_word' id='word_1_278' title='bbox 1732 2392 2020 2438; x_wconf 84' lang='lat' dir='ltr'><strong>mouerunt</strong></span> <span class='ocrx_word' id='word_1_279' title='bbox 2043 2387 2165 2438; x_wconf 87' lang='lat' dir='ltr'><strong>bel</strong></span> 
     </span>
    </p>
   </div>
   <div class='ocr_carea' id='block_1_12' title="bbox 55 2455 2168 2726">
    <p class='ocr_par' dir='ltr' id='par_1_12' title="bbox 55 2455 2160 2726">
     <span class='ocr_line' id='line_1_44' title="bbox 55 2455 2160 2521; baseline -0.001 -14"><span class='ocrx_word' id='word_1_280' title='bbox 55 2484 127 2495; x_wconf 82' lang='lat'><strong>—-</strong></span> <span class='ocrx_word' id='word_1_281' title='bbox 161 2457 508 2508; x_wconf 89' lang='lat' dir='ltr'><strong>Metellinum</strong></span> <span class='ocrx_word' id='word_1_282' title='bbox 542 2456 601 2508; x_wconf 85' lang='lat'><strong>11</strong></span> <span class='ocrx_word' id='word_1_283' title='bbox 639 2458 755 2521; x_wconf 89' lang='grc'>114,</span> <span class='ocrx_word' id='word_1_284' title='bbox 792 2460 841 2518; x_wconf 87' lang='lat'><strong>9,</strong></span> <span class='ocrx_word' id='word_1_285' title='bbox 1026 2502 1031 2507; x_wconf 94' lang='lat'><strong>.</strong></span> <span class='ocrx_word' id='word_1_286' title='bbox 1207 2457 1352 2521; x_wconf 88' lang='lat' dir='ltr'><strong>lum,</strong></span> <span class='ocrx_word' id='word_1_287' title='bbox 1400 2455 1546 2521; x_wconf 90' lang='lat' dir='ltr'><strong>quod</strong></span> <span class='ocrx_word' id='word_1_288' title='bbox 1603 2455 1944 2506; x_wconf 77' lang='lat' dir='ltr'><strong>notabantur</strong></span> <span class='ocrx_word' id='word_1_289' title='bbox 1999 2456 2160 2505; x_wconf 86' lang='lat' dir='ltr'><strong>muti</strong></span> 
     </span>
     <span class='ocr_line' id='line_1_45' title="bbox 61 2494 2160 2592; baseline -0 -17"><span class='ocrx_word' id='word_1_290' title='bbox 61 2526 230 2576; x_wconf 70' lang='lat' dir='ltr'><strong>Italia</strong></span> <span class='ocrx_word' id='word_1_291' title='bbox 266 2527 315 2582; x_wconf 88' lang='grc'>9,</span> <span class='ocrx_word' id='word_1_292' title='bbox 356 2528 439 2577; x_wconf 89' lang='grc'><strong>12.</strong></span> <span class='ocrx_word' id='word_1_293' title='bbox 478 2528 564 2590; x_wconf 91' lang='grc'><strong>22,</strong></span> <span class='ocrx_word' id='word_1_294' title='bbox 600 2526 650 2575; x_wconf 91' lang='grc'><strong>8.</strong></span> <span class='ocrx_word' id='word_1_295' title='bbox 687 2494 755 2577; x_wconf 88' lang='lat' dir='ltr'>H</span> <span class='ocrx_word' id='word_1_296' title='bbox 773 2527 874 2589; x_wconf 72' lang='grc'>,18,</span> <span class='ocrx_word' id='word_1_297' title='bbox 910 2528 961 2577; x_wconf 92' lang='grc'><strong>9.</strong></span> <span class='ocrx_word' id='word_1_298' title='bbox 997 2526 1083 2589; x_wconf 89' lang='grc'><strong>46,</strong></span> <span class='ocrx_word' id='word_1_299' title='bbox 1206 2524 1328 2576; x_wconf 86' lang='lat' dir='ltr'><strong>lare</strong></span> <span class='ocrx_word' id='word_1_300' title='bbox 1366 2524 1642 2592; x_wconf 79' lang='lat' dir='ltr'><strong>genitalia</strong></span> <span class='ocrx_word' id='word_1_301' title='bbox 1680 2525 1772 2584; x_wconf 91' lang='grc'><strong>14,</strong></span> <span class='ocrx_word' id='word_1_302' title='bbox 1836 2524 1920 2576; x_wconf 88' lang='grc'><strong>28.</strong></span> <span class='ocrx_word' id='word_1_303' title='bbox 1981 2523 2160 2574; x_wconf 90' lang='lat' dir='ltr'><strong>rebel-</strong></span> 
     </span>
     <span class='ocr_line' id='line_1_46' title="bbox 131 2591 2168 2658; baseline -0 -15"><span class='ocrx_word' id='word_1_304' title='bbox 131 2595 217 2645; x_wconf 89' lang='grc'><strong>32.</strong></span> <span class='ocrx_word' id='word_1_305' title='bbox 291 2594 376 2658; x_wconf 87' lang='grc'><strong>69,</strong></span> <span class='ocrx_word' id='word_1_306' title='bbox 416 2595 498 2647; x_wconf 90' lang='grc'><strong>11.</strong></span> <span class='ocrx_word' id='word_1_307' title='bbox 557 2596 640 2652; x_wconf 86' lang='grc'><strong>97,</strong></span> <span class='ocrx_word' id='word_1_308' title='bbox 680 2596 765 2645; x_wconf 85' lang='grc'><strong>13.</strong></span> <span class='ocrx_word' id='word_1_309' title='bbox 837 2596 963 2654; x_wconf 90' lang='grc'>103,</span> <span class='ocrx_word' id='word_1_310' title='bbox 998 2596 1082 2645; x_wconf 90' lang='grc'><strong>31.</strong></span> <span class='ocrx_word' id='word_1_311' title='bbox 1207 2593 1393 2645; x_wconf 87' lang='lat' dir='ltr'><strong>lantes</strong></span> <span class='ocrx_word' id='word_1_312' title='bbox 1440 2591 1690 2643; x_wconf 85' lang='lat' dir='ltr'><strong>contudit</strong></span> <span class='ocrx_word' id='word_1_313' title='bbox 1735 2592 1870 2641; x_wconf 82' lang='lat' dir='ltr'><strong>Pius</strong></span> <span class='ocrx_word' id='word_1_314' title='bbox 1922 2594 2017 2656; x_wconf 87' lang='grc'><strong>37,</strong></span> <span class='ocrx_word' id='word_1_315' title='bbox 2077 2594 2168 2643; x_wconf 88' lang='grc'><strong>29.</strong></span> 
     </span>
     <span class='ocr_line' id='line_1_47' title="bbox 127 2659 2162 2726; baseline -0.001 -15"><span class='ocrx_word' id='word_1_316' title='bbox 127 2662 249 2725; x_wconf 90' lang='grc'>203,</span> <span class='ocrx_word' id='word_1_317' title='bbox 287 2662 335 2713; x_wconf 91' lang='grc'><strong>7,</strong></span> <span class='ocrx_word' id='word_1_318' title='bbox 392 2663 508 2721; x_wconf 87' lang='grc'>224,</span> <span class='ocrx_word' id='word_1_319' title='bbox 547 2662 598 2713; x_wconf 92' lang='grc'><strong>8.</strong></span> <span class='ocrx_word' id='word_1_320' title='bbox 633 2662 662 2711; x_wconf 91' lang='lat'>1</span> <span class='ocrx_word' id='word_1_321' title='bbox 698 2663 827 2724; x_wconf 89' lang='grc'>202,</span> <span class='ocrx_word' id='word_1_322' title='bbox 867 2664 916 2713; x_wconf 91' lang='grc'><strong>2.</strong></span> <span class='ocrx_word' id='word_1_323' title='bbox 964 2663 1083 2726; x_wconf 89' lang='grc'>266,</span> <span class='ocrx_word' id='word_1_324' title='bbox 1203 2663 1251 2712; x_wconf 94' lang='grc' dir='ltr'><strong>Ι.</strong></span> <span class='ocrx_word' id='word_1_325' title='bbox 1303 2660 1425 2712; x_wconf 87' lang='lat' dir='ltr'><strong>fieri</strong></span> <span class='ocrx_word' id='word_1_326' title='bbox 1471 2660 1571 2711; x_wconf 85' lang='lat' dir='ltr'><strong>sub</strong></span> <span class='ocrx_word' id='word_1_327' title='bbox 1620 2659 1780 2725; x_wconf 86' lang='lat' dir='ltr'><strong>graui</strong></span> <span class='ocrx_word' id='word_1_328' title='bbox 1825 2673 2010 2723; x_wconf 88' lang='lat' dir='ltr'><strong>poena</strong></span> <span class='ocrx_word' id='word_1_329' title='bbox 2066 2675 2162 2709; x_wconf 91' lang='lat' dir='ltr'><strong>ue·</strong></span> 
     </span>
    </p>
   </div>
   <div class='ocr_carea' id='block_1_13' title="bbox 122 2727 2168 3535">
    <p class='ocr_par' dir='ltr' id='par_1_13' title="bbox 122 2727 2168 3473">
     <span class='ocr_line' id='line_1_48' title="bbox 126 2727 2159 2792; baseline -0.001 -15"><span class='ocrx_word' id='word_1_330' title='bbox 126 2730 209 2779; x_wconf 90' lang='grc'><strong>23.</strong></span> <span class='ocrx_word' id='word_1_331' title='bbox 248 2727 306 2777; x_wconf 90' lang='lat'><strong>11</strong></span> <span class='ocrx_word' id='word_1_332' title='bbox 330 2728 414 2791; x_wconf 85' lang='lat'><strong>65,</strong></span> <span class='ocrx_word' id='word_1_333' title='bbox 450 2729 535 2782; x_wconf 89' lang='grc'><strong>26.</strong></span> <span class='ocrx_word' id='word_1_334' title='bbox 571 2727 706 2790; x_wconf 83' lang='grc'>136,</span> <span class='ocrx_word' id='word_1_335' title='bbox 746 2730 829 2779; x_wconf 87' lang='grc'><strong>28.</strong></span> <span class='ocrx_word' id='word_1_336' title='bbox 865 2730 955 2792; x_wconf 85' lang='grc'><strong>66,</strong></span> <span class='ocrx_word' id='word_1_337' title='bbox 995 2730 1079 2779; x_wconf 87' lang='grc'><strong>26.</strong></span> <span class='ocrx_word' id='word_1_338' title='bbox 1202 2729 1310 2779; x_wconf 87' lang='lat' dir='ltr'><strong>tuit</strong></span> <span class='ocrx_word' id='word_1_339' title='bbox 1345 2728 1474 2780; x_wconf 82' lang='lat' dir='ltr'><strong>Seu.</strong></span> <span class='ocrx_word' id='word_1_340' title='bbox 1511 2729 1638 2791; x_wconf 88' lang='lat'><strong>134,</strong></span> <span class='ocrx_word' id='word_1_341' title='bbox 1673 2728 1726 2778; x_wconf 87' lang='lat'><strong>4.</strong></span> <span class='ocrx_word' id='word_1_342' title='bbox 1795 2728 1854 2777; x_wconf 75' lang='lat'><strong>1:</strong></span> <span class='ocrx_word' id='word_1_343' title='bbox 1891 2741 2159 2792; x_wconf 87' lang='lat' dir='ltr'><strong>praecep·</strong></span> 
     </span>
     <span class='ocr_line' id='line_1_49' title="bbox 128 2792 2164 2861; baseline -0.002 -14"><span class='ocrx_word' id='word_1_344' title='bbox 128 2795 247 2859; x_wconf 87' lang='lat'><strong>118,</strong></span> <span class='ocrx_word' id='word_1_345' title='bbox 289 2799 337 2847; x_wconf 90' lang='lat'><strong>1.</strong></span> <span class='ocrx_word' id='word_1_346' title='bbox 394 2796 523 2860; x_wconf 89' lang='grc'>208,</span> <span class='ocrx_word' id='word_1_347' title='bbox 562 2798 610 2846; x_wconf 91' lang='grc'><strong>9.</strong></span> <span class='ocrx_word' id='word_1_348' title='bbox 669 2795 726 2845; x_wconf 89' lang='lat'><strong>11</strong></span> <span class='ocrx_word' id='word_1_349' title='bbox 764 2797 853 2861; x_wconf 84' lang='lat'><strong>18,</strong></span> <span class='ocrx_word' id='word_1_350' title='bbox 893 2798 941 2850; x_wconf 89' lang='lat'><strong>1.</strong></span> <span class='ocrx_word' id='word_1_351' title='bbox 991 2798 1076 2859; x_wconf 89' lang='grc'><strong>20,</strong></span> <span class='ocrx_word' id='word_1_352' title='bbox 1199 2802 1315 2846; x_wconf 90' lang='lat' dir='ltr'><strong>tum</strong></span> <span class='ocrx_word' id='word_1_353' title='bbox 1339 2800 1402 2845; x_wconf 90' lang='lat' dir='ltr'><strong>ut</strong></span> <span class='ocrx_word' id='word_1_354' title='bbox 1427 2792 1890 2845; x_wconf 79' lang='lat' dir='ltr'><strong>struthocamelos</strong></span> <span class='ocrx_word' id='word_1_355' title='bbox 1929 2793 2164 2843; x_wconf 83' lang='lat' dir='ltr'><strong>ederent-</strong></span> 
     </span>
     <span class='ocr_line' id='line_1_50' title="bbox 127 2860 2168 2926; baseline -0.001 -12"><span class='ocrx_word' id='word_1_356' title='bbox 127 2865 211 2914; x_wconf 86' lang='lat'><strong>12.</strong></span> <span class='ocrx_word' id='word_1_357' title='bbox 248 2865 373 2924; x_wconf 91' lang='grc'>220,</span> <span class='ocrx_word' id='word_1_358' title='bbox 410 2864 495 2915; x_wconf 90' lang='grc'><strong>26.</strong></span> <span class='ocrx_word' id='word_1_359' title='bbox 568 2865 639 2915; x_wconf 88' lang='lat' dir='ltr'><strong>It.</strong></span> <span class='ocrx_word' id='word_1_360' title='bbox 686 2874 879 2912; x_wconf 80' lang='lat' dir='ltr'><strong>aurum</strong></span> <span class='ocrx_word' id='word_1_361' title='bbox 924 2878 1078 2915; x_wconf 89' lang='lat' dir='ltr'><strong>coro·</strong></span> <span class='ocrx_word' id='word_1_362' title='bbox 1200 2864 1340 2913; x_wconf 83' lang='lat' dir='ltr'><strong>dixit</strong></span> <span class='ocrx_word' id='word_1_363' title='bbox 1381 2863 1511 2913; x_wconf 87' lang='lat' dir='ltr'><strong>Hel.</strong></span> <span class='ocrx_word' id='word_1_364' title='bbox 1567 2864 1696 2919; x_wconf 91' lang='grc'>222,</span> <span class='ocrx_word' id='word_1_365' title='bbox 1749 2863 1797 2914; x_wconf 94' lang='grc'><strong>7.</strong></span> <span class='ocrx_word' id='word_1_366' title='bbox 1859 2860 2168 2926; x_wconf 81' lang='lat' dir='ltr'><strong>priuilegia</strong></span> 
     </span>
     <span class='ocr_line' id='line_1_51' title="bbox 124 2927 2160 2995; baseline -0.001 -14"><span class='ocrx_word' id='word_1_367' title='bbox 124 2932 345 2982; x_wconf 89' lang='lat' dir='ltr'><strong>narium</strong></span> <span class='ocrx_word' id='word_1_368' title='bbox 388 2930 711 2981; x_wconf 81' lang='lat' dir='ltr'><strong>Hadrianus</strong></span> <span class='ocrx_word' id='word_1_369' title='bbox 768 2930 981 2981; x_wconf 85' lang='lat' dir='ltr'><strong>remisit</strong></span> <span class='ocrx_word' id='word_1_370' title='bbox 1027 2934 1077 2995; x_wconf 89' lang='grc'><strong>8,</strong></span> <span class='ocrx_word' id='word_1_371' title='bbox 1198 2933 1515 2981; x_wconf 85' lang='lat' dir='ltr'><strong>reseruauit</strong></span> <span class='ocrx_word' id='word_1_372' title='bbox 1559 2930 1692 2991; x_wconf 88' lang='grc'>243,</span> <span class='ocrx_word' id='word_1_373' title='bbox 1738 2930 1788 2979; x_wconf 92' lang='grc'><strong>6.</strong></span> <span class='ocrx_word' id='word_1_374' title='bbox 1838 2927 2030 2979; x_wconf 89' lang='lat' dir='ltr'><strong>modus</strong></span> <span class='ocrx_word' id='word_1_375' title='bbox 2068 2942 2160 2978; x_wconf 79' lang='lat' dir='ltr'><strong>sa.-</strong></span> 
     </span>
     <span class='ocr_line' id='line_1_52' title="bbox 127 2966 2161 3063; baseline -0.002 -14"><span class='ocrx_word' id='word_1_376' title='bbox 127 2998 207 3050; x_wconf 82' lang='lat'><strong>16.</strong></span> <span class='ocrx_word' id='word_1_377' title='bbox 245 3000 288 3050; x_wconf 95' lang='lat'><strong>1.</strong></span> <span class='ocrx_word' id='word_1_378' title='bbox 332 2998 614 3050; x_wconf 83' lang='lat' dir='ltr'><strong>consuluit</strong></span> <span class='ocrx_word' id='word_1_379' title='bbox 647 2998 793 3049; x_wconf 79' lang='lat' dir='ltr'><strong>datis</strong></span> <span class='ocrx_word' id='word_1_380' title='bbox 827 2998 1077 3049; x_wconf 85' lang='lat' dir='ltr'><strong>iuridicis</strong></span> <span class='ocrx_word' id='word_1_381' title='bbox 1199 2998 1484 3049; x_wconf 87' lang='lat' dir='ltr'><strong>cerdotum</strong></span> <span class='ocrx_word' id='word_1_382' title='bbox 1506 2966 2006 3063; x_wconf 71' lang='lat' dir='ltr'><strong>praedicandorum</strong></span> <span class='ocrx_word' id='word_1_383' title='bbox 2031 2998 2161 3060; x_wconf 83' lang='lat'><strong>261,</strong></span> 
     </span>
     <span class='ocr_line' id='line_1_53' title="bbox 122 3062 2150 3131; baseline -0.001 -14"><span class='ocrx_word' id='word_1_384' title='bbox 122 3068 347 3119; x_wconf 84' lang='lat' dir='ltr'><strong>Marcus</strong></span> <span class='ocrx_word' id='word_1_385' title='bbox 372 3070 464 3130; x_wconf 88' lang='grc'><strong>63,</strong></span> <span class='ocrx_word' id='word_1_386' title='bbox 494 3069 574 3119; x_wconf 90' lang='grc'><strong>18.</strong></span> <span class='ocrx_word' id='word_1_387' title='bbox 610 3066 671 3117; x_wconf 89' lang='lat' dir='ltr'><strong>in</strong></span> <span class='ocrx_word' id='word_1_388' title='bbox 703 3066 879 3117; x_wconf 86' lang='lat' dir='ltr'><strong>Italia</strong></span> <span class='ocrx_word' id='word_1_389' title='bbox 915 3080 1079 3131; x_wconf 88' lang='lat' dir='ltr'><strong>quar·</strong></span> <span class='ocrx_word' id='word_1_390' title='bbox 1199 3068 1282 3117; x_wconf 89' lang='grc'><strong>14.</strong></span> <span class='ocrx_word' id='word_1_391' title='bbox 1353 3068 1398 3117; x_wconf 92' lang='grc' dir='ltr'><strong>Ι.</strong></span> <span class='ocrx_word' id='word_1_392' title='bbox 1471 3066 1678 3115; x_wconf 89' lang='lat' dir='ltr'><strong>dictum</strong></span> <span class='ocrx_word' id='word_1_393' title='bbox 1733 3062 2004 3128; x_wconf 86' lang='lat' dir='ltr'><strong>quoddam</strong></span> <span class='ocrx_word' id='word_1_394' title='bbox 2075 3064 2150 3115; x_wconf 83' lang='lat' dir='ltr'><strong>ab</strong></span> 
     </span>
     <span class='ocr_line' id='line_1_54' title="bbox 124 3132 2156 3201; baseline -0.002 -16"><span class='ocrx_word' id='word_1_395' title='bbox 124 3139 239 3185; x_wconf 87' lang='lat' dir='ltr'><strong>tam</strong></span> <span class='ocrx_word' id='word_1_396' title='bbox 292 3140 509 3201; x_wconf 84' lang='lat' dir='ltr'><strong>partem</strong></span> <span class='ocrx_word' id='word_1_397' title='bbox 562 3139 853 3187; x_wconf 85' lang='lat' dir='ltr'><strong>senatores</strong></span> <span class='ocrx_word' id='word_1_398' title='bbox 896 3135 1074 3201; x_wconf 85' lang='lat' dir='ltr'><strong>possi·</strong></span> <span class='ocrx_word' id='word_1_399' title='bbox 1164 3135 1357 3185; x_wconf 58' lang='lat' dir='ltr'><strong>„Alam</strong></span> <span class='ocrx_word' id='word_1_400' title='bbox 1407 3134 1819 3199; x_wconf 85' lang='lat' dir='ltr'><strong>frequentatum</strong></span> <span class='ocrx_word' id='word_1_401' title='bbox 1878 3132 2156 3195; x_wconf 87' lang='grc'>266,11.</span> 
     </span>
     <span class='ocr_line' id='line_1_55' title="bbox 126 3199 2158 3268; baseline -0.001 -15"><span class='ocrx_word' id='word_1_402' title='bbox 126 3204 257 3253; x_wconf 84' lang='lat' dir='ltr'><strong>dere</strong></span> <span class='ocrx_word' id='word_1_403' title='bbox 318 3204 487 3255; x_wconf 88' lang='lat' dir='ltr'><strong>iussit</strong></span> <span class='ocrx_word' id='word_1_404' title='bbox 542 3202 769 3254; x_wconf 87' lang='lat' dir='ltr'><strong>Marcus</strong></span> <span class='ocrx_word' id='word_1_405' title='bbox 831 3205 933 3268; x_wconf 87' lang='grc'><strong>63,</strong></span> <span class='ocrx_word' id='word_1_406' title='bbox 994 3204 1075 3253; x_wconf 91' lang='grc'><strong>24.</strong></span> <span class='ocrx_word' id='word_1_407' title='bbox 1196 3202 1241 3253; x_wconf 93' lang='grc' dir='ltr'><strong>Ι.</strong></span> <span class='ocrx_word' id='word_1_408' title='bbox 1263 3216 1540 3252; x_wconf 90' lang='lat' dir='ltr'><strong>nummum</strong></span> <span class='ocrx_word' id='word_1_409' title='bbox 1575 3202 1910 3250; x_wconf 88' lang='lat' dir='ltr'><strong>uenerantur</strong></span> <span class='ocrx_word' id='word_1_410' title='bbox 1944 3199 2002 3249; x_wconf 88' lang='grc' dir='ltr'><strong>ΙΙ</strong></span> <span class='ocrx_word' id='word_1_411' title='bbox 2033 3201 2158 3265; x_wconf 87' lang='grc'>209,</span> 
     </span>
     <span class='ocr_line' id='line_1_56' title="bbox 128 3266 2152 3336; baseline -0.002 -15"><span class='ocrx_word' id='word_1_412' title='bbox 128 3286 272 3335; x_wconf 85' lang='lat' dir='ltr'><strong>quae</strong></span> <span class='ocrx_word' id='word_1_413' title='bbox 308 3273 377 3321; x_wconf 89' lang='lat' dir='ltr'><strong>ad</strong></span> <span class='ocrx_word' id='word_1_414' title='bbox 412 3272 689 3323; x_wconf 87' lang='lat' dir='ltr'><strong>munimen</strong></span> <span class='ocrx_word' id='word_1_415' title='bbox 724 3272 795 3322; x_wconf 88' lang='lat' dir='ltr'><strong>It.</strong></span> <span class='ocrx_word' id='word_1_416' title='bbox 833 3270 1075 3336; x_wconf 85' lang='lat' dir='ltr'><strong>pertine·</strong></span> <span class='ocrx_word' id='word_1_417' title='bbox 1199 3274 1282 3322; x_wconf 90' lang='grc'><strong>19.</strong></span> <span class='ocrx_word' id='word_1_418' title='bbox 1328 3271 1372 3321; x_wconf 95' lang='grc' dir='ltr'><strong>Ι.</strong></span> <span class='ocrx_word' id='word_1_419' title='bbox 1421 3268 1897 3333; x_wconf 76' lang='lat' dir='ltr'><strong>archisynagogus</strong></span> <span class='ocrx_word' id='word_1_420' title='bbox 1948 3268 2006 3316; x_wconf 91' lang='lat' dir='ltr'><strong>in</strong></span> <span class='ocrx_word' id='word_1_421' title='bbox 2041 3266 2152 3317; x_wconf 85' lang='lat' dir='ltr'><strong>Ae—</strong></span> 
     </span>
     <span class='ocr_line' id='line_1_57' title="bbox 122 3335 2151 3406; baseline -0.002 -17"><span class='ocrx_word' id='word_1_422' title='bbox 122 3340 281 3402; x_wconf 90' lang='lat' dir='ltr'><strong>bant,</strong></span> <span class='ocrx_word' id='word_1_423' title='bbox 318 3343 723 3406; x_wconf 85' lang='lat' dir='ltr'><strong>conposuerunt</strong></span> <span class='ocrx_word' id='word_1_424' title='bbox 757 3340 981 3389; x_wconf 83' lang='lat' dir='ltr'><strong>Marcus</strong></span> <span class='ocrx_word' id='word_1_425' title='bbox 1022 3343 1077 3389; x_wconf 89' lang='lat' dir='ltr'><strong>et</strong></span> <span class='ocrx_word' id='word_1_426' title='bbox 1197 3341 1368 3406; x_wconf 83' lang='lat' dir='ltr'><strong>gypto</strong></span> <span class='ocrx_word' id='word_1_427' title='bbox 1414 3336 1841 3387; x_wconf 87' lang='lat' dir='ltr'><strong>mathematicus</strong></span> <span class='ocrx_word' id='word_1_428' title='bbox 1873 3335 2151 3401; x_wconf 81' lang='lat' dir='ltr'><strong>haruspex</strong></span> 
     </span>
     <span class='ocr_line' id='line_1_58' title="bbox 125 3406 1730 3473; baseline -0.003 -14"><span class='ocrx_word' id='word_1_429' title='bbox 125 3408 303 3459; x_wconf 88' lang='lat' dir='ltr'><strong>Verus</strong></span> <span class='ocrx_word' id='word_1_430' title='bbox 340 3408 432 3471; x_wconf 89' lang='grc'><strong>66,</strong></span> <span class='ocrx_word' id='word_1_431' title='bbox 476 3410 526 3460; x_wconf 89' lang='grc'><strong>9.</strong></span> <span class='ocrx_word' id='word_1_432' title='bbox 579 3409 639 3457; x_wconf 91' lang='lat' dir='ltr'><strong>in</strong></span> <span class='ocrx_word' id='word_1_433' title='bbox 688 3409 759 3458; x_wconf 89' lang='lat' dir='ltr'><strong>It.</strong></span> <span class='ocrx_word' id='word_1_434' title='bbox 812 3406 1075 3473; x_wconf 89' lang='lat' dir='ltr'><strong>plurimos</strong></span> <span class='ocrx_word' id='word_1_435' title='bbox 1198 3406 1398 3473; x_wconf 87' lang='lat' dir='ltr'><strong>aliptes</strong></span> <span class='ocrx_word' id='word_1_436' title='bbox 1434 3406 1492 3457; x_wconf 91' lang='lat'><strong>11</strong></span> <span class='ocrx_word' id='word_1_437' title='bbox 1525 3407 1643 3463; x_wconf 91' lang='grc'>209,</span> <span class='ocrx_word' id='word_1_438' title='bbox 1681 3406 1730 3455; x_wconf 89' lang='grc'><strong>8.</strong></span> 
     </span>
    </p>

    <p class='ocr_par' dir='ltr' id='par_1_14' title="bbox 122 3470 2150 3535">
     <span class='ocr_line' id='line_1_59' title="bbox 122 3470 2150 3535; baseline -0.001 -11"><span class='ocrx_word' id='word_1_439' title='bbox 122 3475 548 3525; x_wconf 84' lang='lat' dir='ltr'><strong>Marcomannos</strong></span> <span class='ocrx_word' id='word_1_440' title='bbox 602 3476 848 3526; x_wconf 85' lang='lat' dir='ltr'><strong>traduxit</strong></span> <span class='ocrx_word' id='word_1_441' title='bbox 882 3476 973 3535; x_wconf 89' lang='lat'><strong>62,</strong></span> <span class='ocrx_word' id='word_1_442' title='bbox 1021 3476 1071 3525; x_wconf 92' lang='lat'><strong>6.</strong></span> <span class='ocrx_word' id='word_1_443' title='bbox 1126 3474 1454 3526; x_wconf 88' lang='lat' dir='ltr'><strong>Iudaeorum</strong></span> <span class='ocrx_word' id='word_1_444' title='bbox 1522 3472 1651 3523; x_wconf 87' lang='lat' dir='ltr'><strong>libri</strong></span> <span class='ocrx_word' id='word_1_445' title='bbox 1716 3472 2034 3522; x_wconf 83' lang='lat' dir='ltr'><strong>citantur</strong></span> <span class='ocrx_word' id='word_1_446' title='bbox 2091 3470 2150 3522; x_wconf 91' lang='lat'><strong>11</strong></span> 
     </span>
    </p>
   </div>
   <div class='ocr_carea' id='block_1_14' title="bbox 118 3542 1430 3608">
    <p class='ocr_par' dir='ltr' id='par_1_15' title="bbox 118 3542 1430 3608">
     <span class='ocr_line' id='line_1_60' title="bbox 118 3542 1430 3608; baseline -0.002 -15"><span class='ocrx_word' id='word_1_447' title='bbox 118 3542 355 3594; x_wconf 86' lang='lat' dir='ltr'><strong>ueniens</strong></span> <span class='ocrx_word' id='word_1_448' title='bbox 399 3543 457 3592; x_wconf 89' lang='lat' dir='ltr'><strong>in</strong></span> <span class='ocrx_word' id='word_1_449' title='bbox 501 3544 571 3594; x_wconf 88' lang='lat' dir='ltr'><strong>It.</strong></span> <span class='ocrx_word' id='word_1_450' title='bbox 616 3544 839 3595; x_wconf 87' lang='lat' dir='ltr'><strong>Marcus</strong></span> <span class='ocrx_word' id='word_1_451' title='bbox 886 3547 1073 3608; x_wconf 84' lang='lat' dir='ltr'><strong>togam</strong></span> <span class='ocrx_word' id='word_1_452' title='bbox 1196 3544 1310 3603; x_wconf 87' lang='lat'><strong>124,</strong></span> <span class='ocrx_word' id='word_1_453' title='bbox 1351 3543 1430 3593; x_wconf 86' lang='grc'><strong>11.</strong></span> 
     </span>
    </p>
   </div>
   <div class='ocr_carea' id='block_1_15' title="bbox 136 1780 972 1846">
    <p class='ocr_par' dir='ltr' id='par_1_16' title="bbox 136 1780 972 1846">
     <span class='ocr_line' id='line_1_61' title="bbox 136 1780 972 1846; baseline 0.004 -15"><span class='ocrx_word' id='word_1_454' title='bbox 136 1780 422 1833; x_wconf 87' lang='lat' dir='ltr'><strong>simulacri</strong></span> <span class='ocrx_word' id='word_1_455' title='bbox 462 1782 720 1846; x_wconf 86' lang='lat' dir='ltr'><strong>(Anubis)</strong></span> <span class='ocrx_word' id='word_1_456' title='bbox 762 1783 846 1845; x_wconf 83' lang='lat'><strong>96,</strong></span> <span class='ocrx_word' id='word_1_457' title='bbox 886 1784 972 1834; x_wconf 90' lang='grc'><strong>22.</strong></span> 
     </span>
    </p>
   </div>
  </div>
 </body>
</html>
