2517 3884
2 10 24 157 qr

759 170 1189 248 AVREMANVS.
1279 191 1335 247 c,
1380 195 1619 245 27—30.
2034 187 2149 251 157

219 356 388 418 uidit.
441 354 514 414 de
536 360 660 431 'qua
693 373 878 434 pauca
910 355 1118 415 saltem
1148 355 1297 415 libet
1327 356 1545 416 dicere.
1596 359 1947 417 meministis
1972 360 2147 427 enim,
2170 359 2255 421 29

219 442 407 501 fuisse
440 442 500 499 in
544 439 766 518 templo
810 440 970 499 Iouis
1012 442 1221 518 optimi
1273 442 1514 505 maximi
1556 441 1868 519 Capitolini
1911 441 2152 520 pallium

219 526 408 585 breue
441 542 808 603 purpureum
838 524 1130 593 lanestre,
1177 526 1248 585 ad
1282 525 1436 601 quod
1470 544 1605 585 cum
1638 534 1945 587 matronae
1978 534 2153 603 atque
2212 537 2235 565 'r

218 613 349 689 ipse
380 609 734 671 Aurelianus
765 610 1084 685 iungerent
1124 604 1419 689 purpuras
1462 621 1658 678 suas,‘
1692 612 1910 671 cineris
1951 612 2153 689 specie

165 708 193 749 5
222 694 556 754 decolorari
590 693 944 754 uidebantur
975 702 1212 754 ceterae
1255 694 1443 754 diuini
1486 697 1927 773 comparatione
1962 694 2149 772 fulgo-

219 782 322 841 ris.
371 780 496 852 boc
516 798 734 839 munus
767 796 873 838 rex
897 779 1213 838 Persarum
1245 778 1320 838 ab
1345 778 1507 839 Indis
1530 779 1919 852 interioribus
1950 798 2149 857 sump-
2188 794 2219 840 2

218 872 346 923 tum
375 863 692 924 Aureliano
724 852 959 923 dedisse
1001 862 1383 942 perhibetur,
1418 863 1717 924 scribens:
1750 864 1977 933 „Sume
2009 884 2151 943 pur-

219 967 450 1027 puram,
484 948 672 1026 qualis
703 947 856 1025 apud
889 966 998 1007 nos
1030 956 1161 1008 est.‘
1247 993 1536 1007 .........
1587 967 1723 1007 nam
1765 956 1975 1026 postea
2018 948 2150 1007 dili·
2189 965 2219 1010 3

221 1034 566 1111 gentissime
599 1039 658 1093 et
689 1032 1044 1092 Aurelianus
1075 1040 1135 1092 ct
1165 1032 1396 1092 Probus
1441 1038 1501 1091 et
1531 1034 1801 1109 proxime
1836 1031 2149 1093 Diocletia-

142 1134 195 1173 ιο
223 1136 331 1178 nus
389 1118 588 1177 missis
649 1116 1116 1194 diligentissimis
1189 1117 1637 1178 confectoribus
1706 1117 2154 1192 req'uisiuerunt

220 1201 338 1261 tale
397 1220 584 1279 genus
642 1219 946 1281 purpurae
1006 1220 1116 1262 nec
1190 1208 1391 1262 tamen
1459 1204 1733 1263 inuenire
1805 1197 2148 1279 potueruut.

222 1286 440 1347 dicitur
493 1287 654 1346 enim
711 1286 934 1364 sandyx
976 1286 1176 1346 Indica
1221 1286 1398 1347 talem
1438 1304 1767 1365 purpuram
1809 1288 2039 1355 facere,
2102 1287 2154 1345 si

224 1378 482 1431 curetur.
779 1442 787 1451 ,

201 1466 208 1471 “
353 1455 468 1515 Sed
513 1461 577 1515 ut
619 1455 691 1515 ad
735 1457 972 1533 incepta
1013 1455 1387 1523 redeamuS,·
1420 1456 1630 1532 ingens
1690 1463 1813 1514 tum
1870 1456 2153 1533 strepitus
2172 1454 2255 1517 30

145 1556 195 1597 15
223 1540 478 1600 militum
524 1542 635 1600 fuit
665 1542 956 1607 omnium,
1002 1540 1321 1600 Zenobiam
1354 1541 1427 1600 ad
1458 1558 1713 1617 poenam
1755 1540 2147 1617 poscentium.

225 1625 329 1685 sed
361 1624 718 1686 Aurelianus
757 1625 1068 1701 indignum
1110 1627 1457 1693 aestimanS,
1513 1624 1827 1685 mulierem
1869 1626 2148 1690 interimi,
2189 1637 2219 1683 2

224 1712 436 1776 occisis
465 1710 788 1789 plerisque,
834 1706 1050 1786 quibus
1091 1710 1430 1769 auctoribus
1468 1709 1565 1768 illa
1612 1707 1837 1768 bellum
1880 1717 2153 1768 mouerat

221 1803 542 1873 parauerat
582 1801 878 1871 gesserat,
939 1794 1241 1872 triumpho
1286 1793 1608 1871 ,mulierem
1662 1795 2026 1861 reseruauit,
2088 1802 2151 1851 ut

221 1879 431 1957 populi
479 1879 732 1938 Romani
785 1878 972 1938 oculis
1026 1886 1184 1937 esset
1232 1879 1513 1938 ostentui.
1592 1895 1777 1953 graue
1825 1879 1985 1937 inter
2048 1895 2148 1935 eos
2187 1892 2217 1938 3

145 1980 195 2019 20
223 1966 325 2041 qui
356 1965 515 2023 caesi
560 1970 698 2023 sunt
738 1963 812 2023 de
843 1963 1113 2039 Longino
1154 1961 1512 2041 philosopho
1556 1963 1741 2021 fuisse
1781 1960 2151 2039 perhibetur,

224 2064 338 2125 quo
391 2047 491 2107 illa
537 2050 821 2125 magistro
865 2065 970 2107 usa
1015 2066 1149 2106 esse
1195 2047 1267 2106 ad
1312 2048 1573 2107 Graecas
1624 2045 1858 2105 litteras
1914 2045 2149 2111 dicitur,

223 2151 400 2214 quem
444 2132 686 2211 quidem
726 2131 1076 2193 Aurelianus
1117 2132 1342 2191 idcirco
1397 2131 1613 2191 dicitur
1668 2130 1953 2189 occidisse
1996 2128 2153 2206 quod

221 2216 540 2295 superbior
583 2216 680 2276 illa
730 2216 983 2294 epistula
1025 2217 1214 2294 ipsius
1273 2215 1577 2275 diceretur
1618 2214 1833 2273 dictata
1884 2212 2148 2279 consilio,

221 2303 497 2378 quamuis
529 2302 676 2381 Syro
711 2308 868 2361 esset
897 2318 1174 2361 sermone
1205 2306 1502 2360 contexta.

141 2404 192 2444 25
349 2387 564 2446 Pacato
624 2388 803 2463 igitur
859 2388 1088 2446 oriente
1147 2388 1210 2445 in
1257 2386 1559 2463 Europam
1601 2383 1954 2443 Aurelianus
1998 2382 2151 2441 redit
2188 2397 2219 2443 4

217 2474 411 2532 uictor
441 2477 618 2550 atque
651 2469 771 2530 illic
801 2470 1136 2548 Carporum
1167 2472 1371 2548 copias
1405 2468 1631 2529 adflixit
1664 2476 1754 2535 et,
1818 2486 1951 2528 cum
1983 2464 2152 2526 illum

219 2556 534 2634 Carpicum
577 2562 818 2615 senatus
871 2556 1180 2615 absentem
1223 2562 1529 2624 uocasset,
1594 2554 1911 2614 mandasse
1956 2571 1986 2611 e
2019 2552 2151 2611 lor-‘o

217 2642 437 2701 fertur:
483 2640 829 2718 „Superest,
862 2659 920 2718 p.
957 2659 1028 2707 c.,
1075 2649 1138 2699 ut
1179 2658 1274 2699 me
1309 2637 1482 2700 etiam
1515 2638 1929 2716 Carpisculum
1974 2655 2150 2696 uoce-

215 2727 360 2785 tis.“
435 2723 791 2803 carpisclum
823 2726 982 2783 enim
1025 2741 1214 2800 genus
1255 2723 1627 2783 calciamenti
1672 2740 1821 2790 esse,
1870 2722 2013 2779 satis
2045 2737 2149 2779 no·
2190 2736 2219 2781 5

142 2810 347 2870 sotum
390 2816 496 2868 est.
573 2809 731 2887 quod
791 2826 1124 2885 cognomen
1182 2808 1454 2868 deforme
1502 2806 1845 2874 uidebatur,
1912 2822 2046 2863 cum
2074 2812 2153 2863 'et

355 3030 386 3078 8
412 3044 524 3077 non
545 3028 597 3076 B
685 3035 809 3091 post
832 3032 916 3076 est
941 3027 1131 3090 Eynat.
1159 3027 1388 3075 addidit.-
1416 3024 1514 3074 sed
1538 3024 1643 3073 hoc
1670 3023 1871 3073 falsum
1896 3022 2021 3071 fuit.
2059 3038 2152 3087 690

217 3090 445 3145 lacunam
467 3097 752 3158 significetui
777 3094 1050 3158 (Eyssenlz.
1057 3094 1074 3156 )
1220 3096 1283 3142 14
1310 3092 1409 3142 sed
1436 3091 1609 3141 sedux
1632 3091 1735 3141 BP
1757 3091 1857 3140 sed
1883 3090 1949 3139 M
1969 3079 2067 3139 sed
2090 3094 2153 3139 ut

215 3164 408 3227 scripsi
565 3168 754 3212 tamen
775 3162 943 3212 BPM
961 3166 1078 3211 tum
1098 3163 1290 3225 scripsi
1449 3162 1511 3209 16
1535 3158 2032 3223 indignaestimans
2056 3157 2158 3207 BP

220 3229 328 3293 (lin.
351 3247 467 3294 sup.
493 3246 526 3281 a
551 3238 630 3280 est
653 3248 685 3279 a
706 3246 807 3282 sec.
833 3228 918 3293 m.)
943 3230 1230 3294 indignum
1255 3228 1655 3277 existimansM
1672 3226 1960 3291 indignum
1986 3226 2153 3275 aesti-

216 3313 375 3347 mans
398 3300 586 3361 scripsi
721 3301 788 3349 20
810 3297 1026 3347 filosofo
1049 3268 1152 3346 BP
1284 3299 1353 3345 23
1376 3296 1545 3345 elicta.
1568 3295 1619 3345 B
1636 3296 1842 3343 1-26
1868 3308 2155 3358 caprorum

216 3365 320 3415 BP
342 3381 631 3429 corporum
655 3366 720 3415 M
817 3368 880 3415 27
907 3366 1228 3415 mundasset
1250 3364 1374 3413 loco
1398 3364 1449 3413 B
1470 3363 1763 3413 mandasse
1788 3362 1909 3412 loco
1933 3362 1983 3411 P
2004 3378 2153 3411 man-

219 3434 383 3483 dasse
409 3433 560 3482 illico
585 3433 652 3483 M
669 3450 759 3485 em.
786 3434 828 3483 S
940 3436 1005 3485 28
1033 3432 1363 3497 carpliscum
1385 3431 1489 3481 BP
1511 3431 1880 3497 carpisculum
1902 3430 1970 3479 M
2089 3432 2155 3479 30

219 3516 526 3565 cognomen
549 3502 696 3564 quod
720 3501 820 3551 BP
