2517 3884
548 181 615 236 Μ.
660 179 812 236 ANT.
856 179 1330 274 PHILOSOPHVS.
1387 180 1440 236 c.
1471 186 1708 237 22—24.
2011 176 2095 242 63

170 346 423 425 luptates
452 346 654 408 curari
702 346 1089 407 uehementer
1128 347 1436 426 praecepit
1474 365 1586 426 per
1618 345 1938 408 ditissimos
1972 348 2092 409 edi-

174 439 347 492 tores.
410 431 521 491 fuit
563 432 724 492 enim
764 429 985 511 populo
1028 431 1123 492 hic
1168 449 1398 502 sermo,
1461 449 1594 492 cum
1639 431 1976 494 sustulisset
2018 433 2090 494 ad
2130 442 2167 492 5

170 515 383 578 bellum
417 515 804 594 gladiatoreS,
850 515 1007 593 quod
1047 515 1338 595 populum
1381 515 1626 577 sublatis
1684 515 2094 596 uoluptatibus

168 601 341 663 uellet
374 618 593 679 cogere
624 601 697 660 ad
728 599 1181 680 philosophiam.
1258 603 1516 662 iusserat
1546 602 1738 670 enim,
1772 619 1846 662 ne
1877 605 2090 663 merci·
2130 611 2166 660 6

124 689 359 746 smonia
404 685 876 765 impedirentur,
920 684 1149 746 tardius
1190 687 1592 763 pantomimos
1621 686 1890 747 exhiberi
1917 688 2093 748 nonis

168 771 393 832 diebuS.
470 771 545 832 de
590 772 798 830 amatis
837 771 1241 849 pantomimis
1270 769 1344 830 ab
1387 789 1572 830 uxore
1612 769 1726 832 fuit
1753 790 1982 839 sermo,
2027 780 2096 833 ut
2131 782 2164 830 7

167 857 439 934 superius
467 855 740 915 diximus.
790 855 895 915 sed
926 855 1073 914 haec
1105 856 1303 915 omnia
1332 873 1442 933 per
1475 853 1752 934 epistolas
1781 873 1920 917 suas
1947 875 2092 935 pur-

165 943 341 1019 gauit.
388 939 551 1000 idem
592 939 827 1000 Marcus
869 939 1066 1000 sederi
1108 941 1171 1000 in
1217 938 1558 1001 ciuitatibus
1599 943 1793 1002 uetuit
1831 943 1894 1002 in
1926 943 2094 1020 equis
2131 951 2164 1000 8

166 1027 289 1086 siue
332 1022 643 1086 uehiculis,
720 1023 956 1085 lauacra
1000 1025 1179 1086 mixta
1222 1027 1562 1086 summouit.
1625 1043 1827 1086 mores
1869 1034 2092 1086 matro-

100 1127 141 1166 ιο
164 1129 375 1171 narum
408 1111 727 1189 conposuit
756 1108 1094 1170 diffluentes
1128 1116 1186 1170 et
1214 1111 1505 1170 iuuenum
1534 1107 1844 1171 nobilium.
1925 1130 2094 1172 sacra

166 1194 469 1274 Serapidis
530 1213 559 1256 a
621 1192 975 1272 uulgaritate
1016 1193 1287 1255 Pelusiae
1346 1195 1686 1255 summouit.
1773 1195 1930 1257 fama
1985 1197 2095 1255 fuit
2130 1206 2162 1254 9

164 1298 321 1362 sane,
356 1279 515 1359 quod
548 1279 659 1340 sub
704 1277 1198 1358 philosophorum
1242 1281 1441 1358 specie
1474 1278 1712 1357 quidam
1744 1297 1872 1339 rem
1897 1278 2093 1358 publi-

166 1383 289 1424 cam
323 1371 617 1426 uexarent
648 1370 706 1423 et
736 1365 1018 1443 priuatos,
1095 1363 1253 1443 quod
1287 1362 1387 1423 ille
1416 1365 1714 1443 purgauit.

285 1450 435 1509 Erat
462 1466 593 1509 mos
623 1450 735 1508 iste
755 1450 1052 1510 Antonino
1084 1458 1151 1509 ut
1180 1450 1377 1508 omnia
1410 1449 1658 1509 crimina
1692 1449 1924 1508 minore
1951 1468 2090 1528 sup·
2111 1444 2198 1508 24

98 1551 141 1590 15
164 1532 339 1612 plicio
354 1551 535 1610 quam
554 1531 791 1610 legibus
812 1532 990 1612 plecti
1002 1532 1196 1595 solent
1219 1535 1480 1612 puniret,
1499 1535 1772 1610 quamuis
1795 1534 2089 1595 nonnum-

165 1636 335 1694 quam
372 1625 581 1680 contra
614 1618 963 1680 manifestos
1006 1628 1065 1678 et
1104 1621 1375 1696 grauium
1411 1620 1727 1679 criminum
1757 1637 1894 1678 reos
1923 1621 2089 1678 inex-

166 1703 407 1764 orabilis
437 1710 839 1782 permaneret.
918 1702 1199 1781 capitales
1229 1722 1439 1764 causas
1469 1703 1779 1765 hominum
1807 1702 2088 1764 honesto·
2127 1710 2168 1758 s

166 1806 295 1850 rum
325 1790 457 1867 ipse
496 1789 807 1865 cognouit,
872 1795 931 1847 et
971 1787 1211 1866 quidem
1254 1805 1485 1850 summa
1529 1790 1850 1867 aequitate,
1912 1789 1991 1847 ita
2026 1796 2092 1849 ut

164 1883 503 1952 praetorem
534 1870 1021 1952 reprehenderet,
1070 1874 1172 1952 qui
1214 1873 1330 1932 cito
1365 1891 1608 1932 reorum
1651 1891 1858 1934 causas
1890 1872 2092 1934 audie-

106 1972 145 2012 20
166 1967 269 2028 rat,
300 1957 665 2037 iuberetque
694 1957 863 2018 illum
892 1958 1109 2018 iterum
1134 1975 1515 2034 cognoscere,
1549 1957 1851 2034 dignitatis
1883 1975 2092 2018 eorum

164 2045 453 2104 interesse
484 2043 709 2110 dicem,
742 2049 810 2102 ut
837 2041 913 2104 ab
946 2061 1016 2102 eo
1049 2042 1397 2102 audirentur
1439 2043 1539 2120 qui
1581 2061 1692 2120 pro
1735 2039 1957 2120 populo
1997 2043 2088 2100 iu-

164 2127 409 2188 dicaret.
472 2128 832 2205 aequitatem
863 2134 1061 2188 autem
1093 2128 1269 2187 etiam
1303 2127 1458 2186 circa
1489 2133 1692 2206 captos
1723 2125 1925 2186 hostes
1987 2144 2090 2186 cu·
2127 2135 2161 2184 3

166 2213 429 2274 stodiuit.
462 2212 728 2272 infinitos
759 2231 832 2272 ex
862 2211 1142 2290 gentibus
1173 2212 1235 2270 in
1267 2210 1538 2272 Romano
1571 2208 1700 2270 solo
1731 2208 2085 2271 conlocauit.

166 2296 413 2358 Fulmen
445 2297 521 2356 de
551 2295 715 2356 caelo
745 2296 1025 2376 precibus
1057 2298 1179 2358 suis
1220 2303 1427 2356 contra
1483 2295 1744 2356 hostium
1785 2295 2088 2356 machina·
2125 2305 2160 2352 4

104 2396 145 2436 2⁵
166 2391 433 2443 mentum
465 2383 713 2442 extorsit
742 2382 866 2442 suis
894 2381 1097 2460 pluuia
1139 2382 1483 2459 impetrata,
1533 2399 1669 2440 cum
1713 2381 1811 2441 siti
1852 2380 2086 2441 labora·

166 2476 313 2529 rent.
402 2465 599 2526 Voluit
654 2465 1154 2528 Marcomanniam
1214 2467 1604 2544 prouinciam,
1667 2465 1854 2526 uoluit
1910 2467 2086 2525 etiam
2125 2475 2158 2524 5

165 2553 519 2613 Sarmatiam
552 2549 750 2611 facere
782 2558 840 2612 et
869 2551 1124 2622 fecisset,
1188 2551 1304 2610 nisi
1346 2550 1588 2610 Auidius
1620 2550 1853 2612 Cassius
1892 2548 2089 2610 rebel·
2125 2560 2159 2608 6

164 2635 345 2698 lasset
375 2636 490 2698 suh
524 2635 735 2696 eodem
763 2637 824 2695 in
852 2635 1093 2697 Oriente
1125 2642 1303 2714 atque
1333 2637 1758 2714 imperatorem
1791 2654 1854 2695 se
1886 2633 2089 2714 appel-

162 2720 356 2790 lasset,
393 2728 462 2781 ut
490 2719 733 2801 quidam
764 2721 995 2790 dicunt,
1038 2720 1320 2782 Faustina
1363 2720 1630 2787 uolente,
1664 2739 1814 2799 quae
1859 2719 1932 2779 (le
1963 2737 2086 2778 ma-

104 2809 259 2867 30τίῐὶ
319 2804 667 2868 ualetudine
726 2805 1088 2884 desperaret.
1167 2803 1266 2865 alii
1296 2805 1518 2872 dicunt,
1583 2806 1864 2865 ementita
1894 2812 2089 2863 morte
2126 2815 2155 2862 7

164 2892 445 2952 Antonini
476 2891 748 2951 Cassium
777 2892 1199 2970 imperatorem
1234 2909 1298 2950 se
1331 2887 1679 2969 appellasse,
1715 2907 1849 2948 cum
1882 2887 2087 2948 diuum

164 2976 425 3037 Marcum
469 2973 843 3054 appellasset.
922 2984 981 3034 et
1007 2975 1342 3036 Antoninus
1385 2973 1622 3053 quidem
1664 2991 1783 3033 non
1828 2981 1919 3033 est
1948 2975 2090 3032 satis
2125 2985 2158 3034 8

256 3166 289 3214 3
314 3161 629 3226 uoluptatis
652 3159 769 3212 BP¹
875 3163 906 3212 5
932 3159 1155 3212 nouotis
1178 3162 1230 3211 P
1250 3175 1358 3210 non
1382 3159 1530 3209 uotis
1554 3159 1674 3208 ΒΜ
1691 3175 1781 3209 em.
1811 3156 1852 3206 S
1955 3174 2090 3224 pan-

168 3232 397 3281 tominus
422 3229 475 3279 B
610 3231 644 3279 6
670 3230 1005 3295 pantominis
1029 3229 1080 3279 B
1235 3232 1265 3278 7
1292 3227 1563 3293 pugnauit
1587 3227 1652 3277 P¹
1803 3228 1833 3276 8
1867 3227 2091 3276 Marcus

165 3299 279 3359 sort.
306 3301 455 3348 uncis
477 3298 827 3348 includendam
948 3299 1009 3347 11
1038 3296 1304 3362 pellosiae
1330 3295 1382 3344 B
1407 3295 1651 3359 pelosiae
1676 3293 1842 3345 BPM
1862 3294 2092 3344 Pelusia

174 3367 384 3418 Vrsinus
524 3368 589 3416 13
616 3365 887 3431 pugnauit
964 3365 978 3396 ¹
1116 3367 1183 3416 25
1208 3379 1304 3414 sus
1327 3362 1448 3414 BP¹
1585 3363 1861 3426 imperata
1884 3362 1949 3410 P¹

166 3436 223 3486 27
248 3435 580 3486 sarmaciam
604 3433 654 3483 B
770 3430 976 3502 facere]
1004 3435 1055 3482 in
1080 3435 1130 3484 P
1150 3448 1183 3482 a
1208 3434 1259 3481 in
1283 3446 1388 3483 ras.
1503 3433 1570 3482 28
1594 3429 1901 3495 appellauit
1926 3427 2090 3478 BPM

166 3503 505 3568 appellasset
526 3503 719 3567 scripsi
852 3503 916 3552 32
942 3499 1255 3566 appellasse
1282 3499 1386 3548 BP
