2517 3884
911 181 1183 240 PROBVS.
1270 182 1328 238 C.
1374 187 1543 240 4-6,
1806 178 1812 185 ’
2082 177 2206 244 189

259 353 538 416 tribunus
569 351 844 412 tramisso
876 349 1145 410 Danuuio
1177 349 1361 410 multa
1390 351 1626 412 fortiter
1653 353 1913 422 fecisset,
1966 353 2205 432 publice

261 441 326 500 in
357 438 637 510 contione
667 433 924 496 donatus
957 441 1047 495 est
1076 433 1265 496 hastis
1293 437 1463 514 puris
1484 443 1782 514 quattuor,
1818 440 2055 500 coronis
2075 437 2213 499 ual-

253 521 494 584 larib'us
523 519 773 588 duabus,
807 537 1030 580 corona
1059 521 1248 581 ciuica
1275 539 1413 590 una,
1445 520 1679 582 uexillis
1708 524 1875 601 puris
1906 531 2202 602 quattuor,

263 606 510 668 armillis
551 606 752 666 aureis
793 603 1046 673 duabus,
1091 614 1312 684 torque·
1350 624 1535 667 aureo
1564 625 1701 677 unc,
1742 614 1949 685 patera
1981 607 2203 670 sacrifi-

207 705 238 746 5
265 691 378 754 cali
437 688 842 770 quinquelibri
899 707 1035 750 una.
1099 706 1216 767 quo
1278 689 1519 767 quidem
1576 699 1848 770 tempore
1901 693 2203 755 Valerium
2238 701 2271 750 2

261 777 639 844 Flaccinum,
685 773 1132 836 adulescentem
1184 773 1475 844 nobilem,
1528 783 1843 855 parentem
1884 771 2199 857 Valeriani,

261 881 298 922 e
327 859 676 933 Quadorum
705 858 986 920 liberauit
1015 877 1212 920 manu.
1247 859 1409 920 unde
1436 859 1525 920 illi
1548 861 1897 923 Valerianus
1920 881 2205 924 coronam

260 948 516 1007 ciuicam
529 942 760 1005 detulit.
792 943 981 1004 uerba
1005 944 1302 1004 Valeriani
1315 962 1428 1023 pro
1456 947 1732 1007 contione
1752 945 2025 1017 habitaz,
2032 949 2201 1018 ,Sus·
2239 957 2273 1006 3

261 1033 416 1110 cipe,
465 1029 679 1099 Probe,
712 1029 979 1146 praemia
1007 1047 1121 1108 pro
1150 1047 1218 1089 re
1249 1044 1331 1108 Ρ.
1367 1031 1603 1109 suscipe
1636 1049 1922 1092 coronam
1950 1033 2205 1094 'ciuicam

181 1129 237 1170 ιο
261 1133 374 1196 pro
433 1120 754 1194 parente.“
813 1130 932 1190 quo
990 1113 1231 1192 quidem
1287 1121 1561 1194 tempore
1615 1113 1914 1192 legionem
1947 1119 2203 1179 tertiam
2237 1129 2274 1178 4

263 1200 458 1261 eidem
491 1198 730 1268 addidit,
763 1198 878 1258 sub
909 1199 1250 1260 testimonio
1280 1197 1639 1260 huiusmodi.

387 1283 654 1362 Epistula
687 1283 762 1343 de
804 1282 1042 1362 legione
1081 1285 1298 1343 tertia·
1666 1311 1669 1316 ·
2239 1298 2272 1348 5

390 1368 556 1438 „Res
603 1375 808 1446 gestae
848 1375 1003 1438 tuae,
1049 1367 1246 1429 Probe
1288 1369 1613 1438 carissime,
1645 1369 1887 1437 faciunt,
1926 1376 1989 1430 ut
2018 1377 2077 1430 et
2106 1388 2198 1430 se·

261 1455 390 1514 rius
435 1452 672 1512 tradere
713 1453 974 1514 maiores
1022 1452 1127 1512 tibi
1173 1454 1473 1514 exercitus
1512 1452 1721 1514 uidear
1754 1461 1811 1514 et
1854 1455 1969 1514 cito
2001 1461 2201 1515 tamen

181 1549 238 1592 15
262 1537 512 1598 tradam.
559 1539 766 1616 recipe
803 1539 868 1596 in
905 1533 1082 1598 fidem
1117 1545 1283 1599 tuam
1321 1537 1618 1616 legionem
1649 1539 1887 1608 tertiam.
1918 1537 2197 1609 Felicem,
2237 1551 2271 1600 6

261 1639 441 1700 quam
505 1639 616 1700 ego
658 1620 1044 1682 adhuc-nulli
1088 1624 1203 1683 nisi
1245 1630 1537 1700 prouecto
1580 1623 1700 1683 iam
1748 1622 2007 1692 credidi;
2054 1623 2203 1686 mihi
2368 1630 2373 1634 '

258 1715 464 1768 autem
508 1725 578 1766 eo
621 1712 890 1785 tempore
933 1705 1158 1768 credita
1201 1715 1313 1776 est,
1373 1726 1489 1786 quo
1533 1714 1591 1768 et
1630 1726 1727 1768 me
1772 1727 2059 1770 canosum
2081 1711 2202 1788 -qui

259 1790 547 1852 credebat
587 1808 723 1852 cum
765 1791 1162 1869 gratulatione
1208 1792 1376 1853 uidit.
1442 1793 1549 1852 sed
1602 1811 1713 1870 ego
1752 1795 1815 1854 in
1853 1799 1915 1852 te
1945 1811 2067 1853 non
2098 1812 2199 1854 ex·
2238 1806 2271 1856 ’1

258 1883 470 1955 specto
501 1883 773 1945 aetatem,
809 1894 944 1936 cum
971 1883 1031 1936 et
1060 1876 1381 1936 uirtutibus
1400 1875 1648 1955 fulgeas,
1684 1885 1743 1938 et
1772 1875 2040 1937 moribus
2069 1877 2199 1957 pol-

175 1975 232 2016 so
255 1960 404 2022 leas,
451 1961 660 2022 Vestes
692 1961 797 2021 tibi
827 1948 1092 2038 triplices
1121 1959 1251 2020 dari
1291 1962 1455 2030 iussi,
1504 1959 1783 2022 salarium
1813 1961 2031 2040 duplex
2061 1963 2195 2031 feci,
2236 1975 2271 2025 8

255 2043 636 2108 uexillarium
669 2045 1017 2125 deputaui.“

389 2129 662 2208 Longum
702 2137 812 2199 est,
875 2131 925 2190 si
965 2147 1076 2208 per
1117 2146 1218 2190 res
1257 2136 1459 2207 gestas
1502 2131 1651 2190 tanti
1679 2147 2032 2208 percurram
2062 2131 2197 2200 uiri,
2230 2132 2273 2197 6

257 2233 415 2295 quae
444 2214 548 2275 ille
579 2213 689 2274 sub
720 2213 1053 2282 Valeriano,
1108 2231 1259 2292 quae
1292 2213 1401 2275 sub
1436 2213 1722 2283 Gallicae,
1758 2231 1909 2292 quae
1940 2214 2051 2275 sub
2082 2216 2196 2276 Au-

254 2299 488 2360 reliano
533 2305 592 2359 et
634 2297 876 2360 Claudio
917 2300 1187 2377 priuatus
1235 2298 1463 2368 fecerit,
1511 2301 1744 2379 quoties
1786 2317 2023 2361 murum
2056 2318 2197 2364 con-

177 2399 232 2441 25
259 2384 583 2453 scenderit‚
616 2382 839 2445 uallum
871 2382 1200 2462 diripuerit,
1249 2382 1486 2444 hostem
1517 2386 1848 2445 comminus
1877 2387 2197 2446 intereme-

254 2471 357 2543 rit,
383 2468 541 2528 dona
569 2469 911 2548 principum
935 2469 1277 2537 emeruerit,
1306 2487 1438 2528 rem
1455 2488 1515 2548 p.
1549 2470 1611 2528 in
1644 2471 1949 2548 antiquum
1979 2477 2198 2531 statum

257 2572 362 2616 sua
406 2555 633 2614 uirtute
685 2551 1030 2613 reddiderit.
1095 2553 1271 2614 docet
1310 2551 1561 2614 Gallieni
1607 2554 1861 2633 epistula
1902 2554 1973 2614 ad
2004 2554 2194 2616 tribu·
2232 2571 2264 2618 2

253 2657 366 2699 nos
400 2638 570 2706 data,·
590 2638 694 2714 qui
723 2638 905 2698 fuerit
933 2637 1194 2699 Probus:

256 2723 608 2793 „Gallienus
647 2724 947 2800 Augustus
975 2722 1236 2783 tribunis
1279 2725 1652 2784 exercituum
1706 2683 2195 2803 Illyricianorum.

140 2863 148 2870 .
179 2825 232 2867 so
385 2808 635 2868 Etiamsi
673 2815 906 2886 patrem
947 2825 1147 2867 meum
1187 2807 1380 2868 fatalis
1424 2806 1564 2867 belli
1606 2808 1834 2867 Persici
1871 2809 2196 2868 necessitas

253 2894 466 2962 tenuit,
515 2890 706 2952 habeo
740 2898 935 2952 tamen
966 2874 1279 2970 parentem
1308 2891 1616 2952 Aurelium
1647 2890 1929 2960 Probum,
1965 2909 2081 2969 quo
2112 2891 2195 2952 la-

255 2977 510 3039 borante
549 2978 776 3056 possim
821 2994 955 3037 esse
999 2994 1269 3038 securus,
1316 2979 1417 3057 qui
1450 2978 1502 3036 si
1533 2977 1837 3047 adfuisset,
1871 2994 2195 3054 numquam

256 3059 356 3122 ille
386 3079 462 3122 ne
493 3060 890 3122 nominandus
921 3060 1164 3138 quidem
1203 3067 1491 3140 tyrannus
1532 3060 1647 3122 sibi
1694 3068 2042 3140 usurpasset
2081 3065 2193 3122 im-

395 3232 424 3278 1
449 3205 712 3280 trzimisso
733 3228 786 3279 B
925 3229 1168 3280 danubio
1192 3228 1363 3278 BPM
1492 3231 1525 3280 8
1548 3229 1748 3280 nexilis
1772 3228 1841 3278 B¹
1982 3231 2013 3280 5
2039 3232 2194 3296 quin-

258 3297 510 3362 quelibra
534 3295 610 3346 Β1
755 3297 786 3346 6
810 3297 1076 3348 Flaccum
1099 3295 1168 3346 M
1325 3297 1388 3346 19
1412 3296 1594 3364 fulges
1616 3297 1720 3348 BP
1864 3299 1941 3361 ,20
1964 3299 2099 3349 tribi
2122 3295 2195 3347 B1

393 3366 463 3415 24
487 3365 745 3429 quotiens
769 3363 917 3416 P³M
1073 3366 1142 3415 25
1177 3365 1425 3414 cominus
1448 3365 1499 3414 P
1656 3366 1936 3416 interemit
1959 3366 2065 3416 BP

257 3431 324 3482 26
348 3432 660 3550 prinssiplplm
682 3433 764 3483 B¹
901 3434 969 3483 29
993 3431 1309 3484 tribuni‘B¹
1336 3434 1591 3484 tribunus
1614 3433 1666 3482 P
1686 3441 1722 3486 t.
1750 3433 1901 3488 Iord.
2040 3449 2194 3484 exer-

259 3500 430 3550 citum
507 3501 560 3550 P
1924 3503 1931 3508 ”
