2517 3884
364 167 447 235 66
1052 174 1207 232 lvml
1248 175 1637 234 CAPITOLINI'

368 350 643 404 testatem
686 343 908 412 iunxit,
954 343 1324 420 congiarium
1383 341 1606 422 populo
1647 341 1812 404 dedit
1854 351 1916 404 et
1956 345 2300 424 spectacula

297 435 331 483 6
367 429 643 496 mirifica;
694 427 833 489 dein
866 426 1064 488 ciuilia
1094 426 1280 488 multa
1311 445 1488 488 eorre
1531 429 1592 488 't.
1663 427 1999 506 gladiatorii
2027 433 2300 492 muneris

302 521 335 569 ’1-
370 520 641 592 sumptus
672 513 916 574 modum
946 513 1105 573 fecit.
1156 513 1452 574 sententia
1491 445 1757 574 xlatonis
1799 531 2054 593 semper»
2081 517 2146 576 in
2185 534 2298 577 ore

365 597 523 658 illius
580 599 724 666 fnit,
794 597 1011 658 florere
1064 599 1370 667 ciuitates,
1431 599 1482 658 si
1523 604 1626 658 aut
1655 597 1997 678 philosophi
2039 601 2299 680 impera-

298 691 333 739 8
368 691 503 744 rent
552 691 655 744 aut
706 684 1072 761 imperantes
1124 681 1716 761 philosopha-rentur.
1783 683 1906 744 filio
1937 703 2048 746 suo
2078 685 2301 747 Bruttii
2352 701 2380 741 5

366 769 707 829 Prae-sentis
736 766 917 828 filiam
947 769 1140 828 iunxit
1170 769 1401 846 nuptiis
1437 767 1758 830 celebratis
1789 769 2068 849 exemplo
2095 773 2298 850 priua-

299 862 331 910 9
368 862 597 923 torum,
662 867 849 930 quare
894 854 1077 914 etiam
1120 853 1507 930 congiarium
1533 853 1696 936 dedit
1723 854 1966 938 populo.
2045 855 2192 916 Dein
2225 857 2296 916 ad

330 937 803 998 conficiendum
834 937 1059 1000 bellum
1118 955 1450 998 conuersus
1507 939 1588 998 ἰιι
1611 939 2124 1002 administratione
2167 941 2300 1001 eius

370 1022 509 1083 belli
569 1022 692 1084 obit
752 1021 1090 1083 labentibus
1131 1025 1249 1084 iam
1295 1021 1405 1084 filii
1448 1023 1719 1085 moribus
1761 1024 1834 1086 ab
1863 1026 2134 1086 instituto
2165 1043 2295 1086 suc.

269 1117 333 1164 10
371 1109 631 1169 triennio
672 1107 895 1168 bellum
945 1110 1155 1188 postea
1205 1125 1340 1170 cum
1380 1108 1816 1170 Marcomannis
1857 1108 2300 1171 Hermunduris
2329 1127 2380 1165 ιο

368 1193 656 1254 Sarmatis
683 1193 903 1264 Quadis
935 1195 1113 1254 etiam
1147 1194 1271 1271 egit·
1295 1201 1387 1262 et,
1436 1195 1486 1253 si
1528 1212 1684 1254 anno
1713 1213 1834 1254 uno
1877 1195 2294 1273 superfuisset,

269 1288 329 1335 11
370 1279 711 1358 prouincias
740 1297 816 1339 ex
847 1278 941 1339 his
970 1279 1229 1339 fecisset.
1277 1280 1430 1340 Ante
1460 1277 1709 1340 biduum
1733 1297 1910 1358 quam
1943 1281 2295 1357 exspiraret,

367 1364 637 1424 admissis
668 1365 871 1424 amicis
889 1363 1117 1424 x>dicitur
1146 1364 1483 1425 ostendisse
1513 1365 1863 1426 sententiam
1895 1363 1972 1424 de
1999 1364 2120 1424 filio
2153 1383 2296 1424 ean·

367 1448 501 1508 dem
536 1465 713 1525 quam
737 1447 1047 1528 Philippus
1078 1448 1151 1508 de
1164 1448 1522 1519 Alexandro,
1557 1468 1695 1510 cum
1725 1449 1800 1510 de
1830 1449 1946 1510 hoc
1975 1450 2132 1511 male
2159 1468 2297 1510 sen-

366 1535 534 1602 tiret,
597 1533 819 1593 addens
858 1535 1107 1594 nimium
1152 1553 1219 1595 se
1259 1551 1440 1612 aegre
1480 1535 1641 1595 serre
1685 1535 1870 1596 filium
1913 1537 2296 1615 superstitem
2327 1549 2378 1589 15

268 1626 331 1674 12
366 1616 827 1694 relinquentem.
888 1637 1024 1678 nam
1076 1619 1193 1679 iam
1226 1619 1590 1680 Commodus
1619 1627 1856 1699 turpem
1889 1639 1954 1682 se
1986 1629 2046 1682 et
2075 1639 2294 1682 cruen-

368 1714 491 1764 tum
523 1701 875 1764 ostentabat.

261 1780 347 1844 28
495 1788 655 1849 Mors
687 1799 885 1849 autem
908 1788 1045 1850 talis
1074 1789 1215 1849 suit:
1250 1807 1386 1850 cum
1417 1796 1732 1867 aegrotare
1761 1792 2077 1870 coepisset,
2111 1789 2296 1851 filium

365 1872 681 1934 aduocauit
710 1880 887 1952 atque
918 1873 994 1934 ab
1026 1892 1099 1934 eo
1128 1875 1392 1953 primum
1411 1876 1579 1953 petit,
1613 1883 1679 1936 ut
1704 1873 1847 1936 belli
1871 1875 2150 1953 reliquias
2173 1893 2294 1935 non

297 1964 327 2012 2
366 1967 847 2038 contempneret,
906 1978 986 2019 ne
1025 1959 1338 2020 uideretur
1379 1977 1508 2020 rem
1553 1959 1856 2038 publicam
1885 1961 2174 2039 prodere.
2213 1968 2289 2029 et,
2322 1975 2376 2014 20

366 2062 500 2105 cum
530 2043 685 2105 filius
716 2045 771 2104 ei
799 2043 1243 2123 respondisset,
1307 2062 1530 2124 cupere
1571 2063 1638 2106 se
1667 2047 1930 2125 primum
1959 2047 2292 2114 sanitatem,

364 2137 432 2191 ut
461 2128 662 2198 uellet,
694 2131 986 2208 permisit,
1019 2136 1233 2209 petens
1264 2136 1500 2200 tamen,
1543 2137 1612 2191 ut
1641 2136 2045 2210 exspectasset
2073 2147 2298 2209 paucos

296 2222 328 2269 3
365 2214 509 2286 dies,
565 2213 709 2274 haut
759 2214 936 2274 simul
993 2215 1495 2292 proficisceretur.
1555 2214 1770 2275 deinde
1814 2214 2100 2277 abstinuit
2129 2216 2294 2276 uictu

296 2305 333 2389 4
365 2306 629 2378 potuque
661 2300 816 2357 mori
844 2300 1096 2376 cupiens
1128 2299 1412 2378 auxitque
1441 2299 1738 2360 morbum
1785 2307 1954 2360 sexta
1985 2301 2082 2360 die
2112 2319 2291 2361 uoca-

364 2385 442 2444 tis
473 2383 677 2443 amicis
708 2389 767 2442 et
786 2382 991 2442 ridens
1012 2399 1113 2442 res
1134 2381 1443 2451 humanaS,
1476 2391 1730 2443 mortem
1755 2390 1955 2444 autem
1986 2391 2294 2464 contemp·
2322 2401 2378 2440 ‘25

364 2486 515 2528 nens
544 2467 615 2528 ad
648 2468 875 2526 amicos
898 2466 1077 2528 dixit.
1114 2467 1302 2545 „quid
1335 2467 1408 2527 de
1439 2485 1534 2526 me
1565 2467 1722 2528 fletis
1754 2475 1816 2528 et
1843 2487 1966 2529 non
1996 2471 2196 2547 magis
2221 2470 2295 2531 de

296 2563 328 2611 5
365 2551 703 2631 pestilentia
732 2558 793 2610 et
822 2552 1125 2612 communi
1155 2559 1348 2612 morte
1379 2553 1736 2629 cogitatis?“
1789 2561 1851 2614 et
1881 2571 2015 2614 cum
2047 2553 2134 2614 illi
2166 2555 2294 2616 uel-

362 2637 488 2696 lent
518 2634 821 2710 recedere,
839 2637 1254 2714 ingemescens
1283 2637 1394 2698 ait:
1431 2638 1506 2696 ‘si
1536 2638 1666 2698 iam·
1684 2657 1780 2699 me
1811 2638 2122 2710 dimittitis,
2162 2640 2296 2700 uale

295 2730 326 2777 6
362 2719 537 2781 uobis
577 2717 709 2780 dico
752 2738 863 2780 uos
900 2720 1313 2800 praecedens&
1347 2777 1352 2781 .
1393 2729 1453 2782 et
1491 2741 1628 2784 cum
1669 2722 1743 2784 ab
1776 2742 1846 2785 eo
1878 2733 2290 2802 quaereretur,

365 2806 459 2865 cui
510 2803 695 2865 filium
754 2805 1231 2877 commendaret,
1277 2805 1378 2866 ille
1429 2807 1772 2889 respondit:
1829 2810 2056 2877 mobis,
2099 2810 2148 2869 si
2201 2809 2288 2867 di·
2317 2824 2376 2864 ao

294 2902 324 2950 7
362 2890 742 2968 gnus-fuerit,
777 2897 838 2952 et
866 2890 959 2952 dis
998 2891 1476 2954 immortalibus'.
1541 2897 1842 2956 exercitus
1869 2895 2102 2972 cognita
2135 2892 2291 2954 mala

362 2975 703 3035 ualetudine
743 2974 1271 3038 uehementissime
1312 2978 1621 3050 dolebant,
1682 2981 1820 3058 quia
1877 2978 2042 3038 illum
2101 2979 2286 3040 unice

464 3095 495 3143 3
532 3095 868 3144 sententiam
892 3093 960 3144 P¹
1116 3099 1150 3146 5
1180 3095 1546 3162 imperatores
1579 3098 1648 3148 M
1803 3097 1835 3147 8
1869 3093 2292 3162 conficiendum}

361 3159 548 3211 iciend
583 3163 637 3210 in
659 3161 711 3210 P
738 3164 791 3212 in
814 3180 921 3215 ras.
1084 3167 1123 3216 9
1150 3165 1265 3215 obii
1287 3165 1391 3215 BP
1421 3165 1560 3216 obiit
1584 3165 1652 3215 M
1804 3167 1868 3216 10
1902 3162 2294 3228 hermynduris

360 3228 465 3278 BP
599 3231 665 3280 15
686 3231 905 3281 minime
929 3231 1097 3282 BPM
1114 3249 1207 3284 em.
1233 3231 1288 3283 S
1410 3235 1474 3282 16
1498 3233 1812 3300 relinquens
1835 3232 2002 3282 BPM
2020 3249 2111 3284 em.
2138 3231 2180 3283 G

360 3298 428 3347 20
462 3297 892 3364 condempneret
924 3299 976 3348 B
1143 3303 1207 3352 21
1242 3301 1592 3366 respondisse
1624 3295 1744 3350 ΒΡι
1778 3315 1823 3351 c.
1859 3299 1930 3350 ΡΒ
2091 3303 2157 3352 23
2191 3305 2296 3351 aut

360 3363 537 3416 BPM.
564 3381 654 3417 em.
680 3365 729 3418 S
856 3368 916 3418 ui
936 3368 1040 3418 BP
1084 3369 1208 3419 cibo
1231 3369 1299 3420 M
1338 3369 1493 3432 uictu
1514 3371 1656 3434 scrip
1657 3371 1708 3419 si
1727 3367 1924 3433 (Iord.)
2069 3371 2136 3421 25
2160 3385 2292 3420 eon

362 3433 665 3514 dempnens
687 3435 740 3485 B
896 3438 967 3487 26
998 3437 1163 3502 quide
1196 3435 1318 3487 BP*
1365 3427 1497 3502 qu'id
1521 3452 1606 3489 me
1617 3386 1790 3488 pP⁸⁸M
1831 3436 1964 3504 quid
1997 3436 2066 3488 de
2098 3440 2296 3504 scripsi

360 3501 589 3569 (Iord.)
697 3506 763 3556 32
786 3504 1039 3556 tolebant
1061 3504 1114 3554 B
1513 3527 1538 3564 χ
