2517 3884
704 159 1009 217 ΜΑΧΙΜΙΝΙ
1050 159 1195 217 nvo.
1287 160 1344 217 C.
1395 164 1630 217 12—15.
2050 152 2130 217 13

180 333 377 397 teret,
442 326 607 405 quod
654 326 725 387 ad
772 326 1185 389 crudelitatem
1236 327 1546 388 uideretur
1589 328 1861 407 operari:
1924 324 2128 387 c‘ontra

187 432 331 475 eum
363 412 766 475 defectionem
798 420 1105 491 pararunt.
1164 430 1279 473 nec
1309 410 1502 473 solum
1534 412 1802 481 Romani,
1838 412 1962 481 sed,
1995 414 2131 491 quia
2167 420 2200 470 6

191 506 256 558 et
285 500 350 558 in
378 497 603 559 milites
634 495 955 566 Saeuiebat,
991 498 1288 558 exercitus
1319 499 1417 578 qui
1447 499 1507 557 in
1532 498 1732 559 Africa
1763 504 1890 557 erat
1941 497 2133 558 subita

192 597 255 644 et
297 584 534 660 ingenti
594 582 883 643 seditione
927 582 1290 643 Gordianum
1324 600 1560 651 senem,
1622 583 1820 643 uirum
1851 583 2131 659 grauissi-

129 686 163 727 5
194 686 387 736 mum,
422 669 526 747 qui
557 676 687 728 erat
714 684 823 745 pro
856 666 1120 734 consule,
1152 669 1574 746 imperatorem
1601 668 1891 727 fecerunt.
1965 669 2134 728 cuius

192 754 483 814 factionis
512 750 610 813 hic
639 752 789 813 ordo
818 753 957 813 fuit:

332 837 476 898 Erat
506 838 635 899 fisci
677 844 1030 917 procurator
1070 838 1133 897 in
1164 836 1376 916 Libya,
1441 838 1541 914 qui
1596 854 1805 898 omnes
1835 837 2135 898 Maximini
2158 830 2238 896 14

196 922 403 985 studio
446 920 837 1001 spoliauerat;
884 921 981 983 bic
1024 940 1135 1001 per
1175 924 1540 983 rusticanam
1584 920 1854 1001 plebem,
1917 921 2132 982 deinde

198 1017 264 1070 et
299 1007 593 1087 quosdam
623 1006 843 1067 milites
868 1009 1270 1086 interemptus
1303 1005 1573 1087 est†per
1605 1025 1709 1067 eos
1740 1008 1842 1085 qui
1871 1008 2131 1068 rationa-

106 1111 165 1151 ιο
194 1092 325 1155 lem
354 1093 417 1152 in
448 1091 739 1154 honorem
769 1091 1069 1153 Maximini
1128 1091 1542 1153 defendebant.
1620 1092 1726 1152 sed
1785 1110 1920 1151 cum
1963 1091 2130 1151 uide·
2168 1101 2199 1149 2
2235 1118 2244 1123 ·

202 1185 349 1239 rent
377 1184 654 1237 auctores
686 1176 885 1238 caedis
917 1179 1063 1247 eim,
1097 1176 1428 1238 acrioribus
1457 1176 1742 1238 remediis
1773 1176 1887 1237 sibi
1917 1176 2131 1237 subue-

198 1262 494 1323 niendum
527 1280 685 1331 esse,
720 1261 1082 1323 Gordianum
1111 1262 1565 1341 proconsulem,
1598 1264 1828 1329 uirum,
1890 1267 1957 1321 ut
1986 1260 2134 1320 dixi-

200 1366 373 1416 mus,
434 1345 871 1427 uenerabilem,
944 1354 1089 1409 natu
1145 1345 1555 1425 grandiorem,
1630 1348 1793 1408 omni
1852 1347 2136 1406 uirtutum

202 1450 432 1511 genere
474 1431 823 1501 florentem,
886 1431 958 1493 ab
989 1431 1324 1494 Alexandro
1370 1450 1443 1493 ex
1483 1439 1722 1492 senatus
1762 1429 2031 1493 consulto
2074 1432 2136 1491 in

114 1534 173 1575 15
206 1518 471 1579 Africam
512 1519 793 1587 missum,
836 1517 1264 1578 reclamantem
1307 1526 1366 1578 et
1400 1536 1466 1578 se
1502 1526 1700 1578 terrae
1736 1515 2134 1594 adfligentem,

204 1610 485 1682 opertum
516 1620 779 1681 purpura
808 1604 1107 1682 imperare
1138 1611 1482 1679 coegerunt,
1513 1604 1806 1663 instantes
1848 1619 1982 1661 cum
2015 1599 2138 1678 gla-

204 1688 327 1749 diis
357 1695 416 1748 et
446 1705 581 1748 cum
623 1688 787 1747 omni
814 1704 1034 1765 genere
1080 1686 1355 1748 telorum.
1434 1696 1493 1748 et
1532 1689 1725 1767 primo
1768 1685 2006 1765 quidem
2049 1688 2138 1747 in·
2176 1695 2208 1743 3

203 1776 371 1835 uitus
402 1772 739 1835 Gordianus
778 1789 1104 1852 purpuram
1150 1780 1517 1851 sumpserat;
1550 1779 1762 1851 postea
1791 1789 1969 1841 uero,
2005 1788 2139 1831 cum

206 1857 360 1919 uidit
390 1874 587 1935 neque
618 1856 736 1919 filio
767 1874 961 1937 neque
1000 1856 1258 1919 familiae
1301 1876 1440 1919 suae
1483 1865 1674 1920 tutum
1717 1856 1778 1916 id
1811 1874 1973 1925 esse,
2034 1874 2140 1915 uo-

118 1960 179 2001 20
208 1944 346 2005 lens
392 1944 655 2021 suscepit
692 1943 1011 2021 imperium
1055 1950 1113 2003 et
1157 1941 1486 2022 appellatus
1527 1950 1616 2003 est
1670 1941 1944 2002 omnibus
1985 1940 2143 2003 Afris

207 2030 513 2106 Augustus
542 2045 675 2087 cum
704 2025 825 2089 filio
865 2026 1020 2107 apud
1052 2026 1340 2107 oppidum
1371 2027 1681 2107 Tysdrum.
1713 2025 1854 2086 inde
1886 2043 2142 2104 propere
2177 2035 2213 2085 4

210 2112 633 2192 Carthaginem
676 2114 843 2173 uenit
885 2130 1017 2173 cum
1059 2130 1280 2192 pompa
1309 2110 1494 2189 regali
1527 2121 1586 2171 et
1615 2109 2056 2190 protectoribus
2087 2116 2146 2170 et

210 2197 475 2261 fascibus
504 2196 807 2266 laureatis,
840 2197 1001 2258 unde
1014 2197 1266 2259 Romam
1295 2195 1369 2257 ad
1403 2204 1676 2257 senatum
1705 2195 1934 2256 litteras
1961 2196 2141 2264 misit,

212 2301 366 2365 quae
410 2284 609 2345 occiso
652 2282 972 2352 vitaliano,
1026 2282 1176 2343 duce
1218 2281 1470 2343 militum
1498 2282 2050 2361 praetorianorum,
2083 2281 2144 2341 in

124 2386 185 2429 2⁵
215 2368 425 2434 odium
454 2368 755 2429 Maximini
784 2375 1088 2446 gratanter
1118 2374 1397 2446 acceptae
1429 2375 1584 2427 sunt.
1660 2364 1938 2446 appellati
1967 2366 2145 2427 etiam
2181 2377 2214 2426 5

212 2453 559 2516 Gordianus
602 2470 786 2514 senex
828 2461 887 2514 et
918 2452 1253 2514 Gordianus
1298 2453 1532 2513 iuuenis
1563 2472 1596 2514 a
1639 2458 1848 2513 senatu
1878 2451 2140 2528 Augusti.

204 2539 521 2601 interfecti
564 2536 779 2599 deinde
824 2555 1033 2598 omnes
1080 2537 1411 2607 delatoreS,
1475 2555 1685 2598 omnes
1743 2543 2142 2604 accusatores,
2169 2534 2248 2600 15

214 2642 431 2685 omnes
460 2624 635 2683 amici
663 2622 983 2685 Maximini.
1045 2623 1400 2683 interfectus
1443 2628 1533 2683 est
1576 2621 1834 2683 Sabinus
1880 2621 2145 2699 praefec-

214 2716 313 2771 tus
344 2707 514 2769 urbis
542 2726 869 2787 percussus
900 2709 963 2767 in
995 2704 1236 2787 populo.

135 2812 190 2853 ao
347 2793 461 2854 Vbi
512 2791 661 2853 hacc
713 2801 877 2871 gesta
911 2800 1079 2860 sunt,
1135 2800 1376 2853 senatus
1419 2792 1606 2868 magis
1636 2793 1850 2851 timens
1879 2790 2145 2849 Maximi·
2183 2802 2214 2850 2

218 2898 363 2941 num
395 2886 604 2959 aperte
648 2896 716 2938 ac
756 2877 947 2939 libere
988 2875 1191 2937 hostes
1234 2875 1492 2957 appellat
1521 2876 1904 2939 Maximinum
1935 2880 1994 2933 et
2025 2874 2151 2933 eius

356 3084 390 3133 2
415 3086 681 3147 pararent
702 3080 779 3131 P¹
916 3084 950 3133 3
975 3081 1107 3145 quin
1130 3081 1233 3131 afr.
1259 3078 1388 3131 BP¹
1421 3086 1478 3129 ut
1499 3080 1601 3131 uid.
1741 3080 1774 3129 9
1805 3092 1906 3143 per
1929 3090 2024 3128 eos
2044 3079 2156 3128 sine

220 3151 373 3203 dubio
398 3157 694 3215 corruptum
732 3150 881 3199 inter
906 3164 1001 3201 eos
1028 3150 1071 3197 (J
1112 3154 1344 3215 propter
1367 3163 1463 3199 eos
1490 3148 1578 3198 Gr.
1625 3163 1693 3197 an
1717 3145 1929 3211 pulsis?
1953 3146 2022 3209 ef.
2044 3146 2156 3195 He-

218 3220 336 3270 rod.
372 3218 494 3269 VII
516 3220 565 3276 4,
591 3220 623 3267 6
760 3219 821 3267 11
848 3218 1117 3268 crioribus
1141 3215 1270 3268 BP¹
1411 3218 1475 3267 14
1499 3214 1754 3266 consultu
1776 3213 1828 3263 B
1943 3215 2006 3266 15
2030 3215 2156 3263 mis-

222 3302 319 3337 sus
342 3284 470 3336 BP¹
626 3288 693 3337 20
718 3290 805 3337 est
831 3286 1006 3337 omnis
1027 3285 1132 3335 BP
1174 3285 1245 3336 ab
1282 3285 1532 3336 omnibus
1556 3283 1623 3334 M
1776 3285 1837 3332 21
1873 3298 1974 3347 per
1994 3281 2164 3331 BPM

221 3369 459 3420 propere
482 3356 674 3419 scripsi
807 3356 872 3405 23
896 3358 1125 3405 senatus
1147 3354 1251 3404 BP
1393 3354 1460 3403 24
1482 3351 1706 3403 ualiano
1728 3350 1833 3403 BP
1858 3350 2157 3402 Valeriano

224 3422 294 3472 M
312 3438 403 3473 em.
434 3422 477 3472 C
612 3424 1086 3487 praeterianorum
1108 3418 1177 3471 B¹
1326 3423 1394 3471 25
1418 3420 1669 3486 accepite
1695 3419 1745 3469 B
1891 3420 1958 3470 28
1981 3417 2158 3469 Maxi-

222 3491 360 3540 mini
386 3490 560 3541 occisi
583 3494 712 3541 sunt
735 3489 875 3541 P⁸M
990 3487 1097 3555 est]
1127 3494 1183 3539 et
1211 3489 1300 3541 Gr.
1403 3492 1468 3541 29
1494 3493 1782 3554 pertussus
1803 3484 1884 3536 B¹
2001 3487 2064 3536 31
2091 3498 2158 3535 ac
