2517 3884
598 196 665 252 M.
712 189 1377 252 ANT.P1-11LOSOPHVS.
1467 194 1522 252 c,
1558 199 1725 253 7—9.
1834 275 1837 278 ἢ
2042 191 2124 256 51

209 360 420 422 ciorum
455 365 722 422 omnium
769 359 1164 441 principibus,
1245 362 1349 422 sed
1394 381 1533 422 cum
1574 361 1822 422 Romam
1868 363 2127 426 redisset
2164 382 2225 430 11

205 445 424 506 Marcus
458 449 980 524 cognouissetque,
1009 448 1231 508 Verum
1265 447 1419 524 apud
1447 447 1765 509 Canusium
1790 455 2119 526 aegrotare,

205 531 268 590 ad
314 549 450 592 eum
494 531 819 593 uidendum
866 532 1173 593 contendit
1224 534 1518 611 susceptis
1573 535 1635 591 in
1680 541 1891 594 senatu
1932 536 2117 603 uotis;

203 633 359 692 quae,
395 624 788 696 posteaquam
809 617 1061 678 Romam
1088 617 1243 678 redit
1265 617 1465 678 audita
1490 619 1626 677 Veri
1654 620 2120 688 transmissione,

158 703 386 762 ⁵statim
419 701 700 762 reddidit.
766 710 825 762 et
854 704 1042 762 Verus
1075 701 1347 779 quidem,
1382 709 1770 782 posteaquam
1799 705 1861 762 in
1894 703 2124 784 Syriam
2164 721 2226 769 12

197 788 382 855 uenit,
431 789 496 846 in
539 786 775 847 deliciis
819 787 977 866 apud
1019 786 1393 847 Antiochiam
1437 795 1494 847 et
1523 786 1815 866 Daphnen
1848 790 1997 849 uixit
2028 808 2121 848 ar-

196 873 422 948 misque
453 889 518 931 se
549 871 917 949 gladiatoriis
962 878 1021 931 et
1051 871 1367 933 uenatibus
1402 875 1697 942 exercuit,
1732 891 1865 934 cum
1897 891 2007 953 per
2038 873 2123 934 le-

194 963 357 1037 gatos
387 955 615 1017 bellum
646 956 986 1018 Parthicum
1028 975 1246 1034 gerens
1286 959 1615 1036 imperator
1658 957 1986 1036 appellatus
2030 977 2120 1018 es-

195 1048 300 1111 set,
335 1060 468 1102 cum
501 1041 737 1102 Marcus
767 1041 933 1102 horis
965 1041 1242 1102 omnibus
1274 1043 1364 1103 rei
1386 1041 1663 1122 publicae
1696 1042 1925 1103 actibus
1954 1045 2121 1104 incu-
2164 1061 2227 1110 13

133 1140 172 1178 10
195 1124 364 1186 haret
393 1129 808 1206 patienterque
840 1126 1082 1188 delicias
1111 1128 1314 1188 fratris
1347 1133 1405 1187 et
1436 1145 1625 1206 prope
1656 1129 1879 1190 inuitus
1910 1148 1977 1190 ac
2014 1147 2123 1189 uo-

192 1210 319 1271 lens
350 1212 560 1271 ferret.
625 1211 881 1291 denique
913 1214 1110 1272 omnia
1141 1229 1292 1290 quae
1324 1212 1397 1273 ad
1429 1210 1651 1272 bellum
1696 1220 1865 1273 erant
1912 1231 2122 1274 neces·
2162 1233 2227 1280 14

193 1298 344 1357 saria
376 1295 601 1356 Romae
630 1299 860 1376 positus
891 1304 951 1357 et
981 1297 1275 1375 disposuit
1305 1297 1539 1357 Marcus
1572 1304 1632 1356 et
1662 1296 1979 1358 ordinauit.

317 1381 536 1442 Gestae
587 1388 727 1444 sunt
778 1392 878 1442 re's
931 1383 993 1442 in
1036 1384 1317 1443 Armenia
1372 1399 1663 1461 prospere
1716 1401 1825 1460 per
1872 1383 2122 1443 Statium
2156 1389 2196 1452 9

189 1466 458 1526 Priscum
491 1468 786 1527 Artaxatis
817 1469 1022 1545 captis,
1058 1466 1436 1545 delatumque
1459 1467 1874 1528 Armeniacum
1905 1485 2123 1528 nomen

126 1564 168 1604 15
189 1553 429 1628 utrique
461 1553 821 1630 principum.
869 1551 1026 1631 quod
1061 1552 1299 1614 Marcus
1328 1571 1439 1630 per
1470 1551 1895 1612 uerecundiam
1927 1554 2123 1631 primo

188 1637 576 1705 recussauit,
589 1644 794 1714 postea
827 1644 1024 1697 tamen
1053 1639 1301 1716 recepit.
1365 1636 1681 1716 profligato
1726 1646 1921 1698 autem
1966 1636 2123 1697 hello
2161 1655 2191 1703 2

187 1727 442 1800 uterque
475 1720 788 1781 Parthicus
817 1721 1150 1800 appellatus
1183 1729 1289 1782 est.
1341 1721 1445 1781 sed
1477 1723 1589 1782 hoc
1620 1739 1860 1798 quoque
1891 1722 2125 1782 Marcus

187 1804 450 1865 delatum
492 1824 711 1865 nomen
750 1806 1120 1885 repudiauit,
1168 1807 1323 1883 quod
1366 1815 1573 1885 postea
1616 1809 1863 1885 recepit.
1938 1809 2123 1886 patris
2160 1828 2191 1874 3

185 1893 418 1968 patriae
450 1898 649 1950 autem
681 1909 899 1952 nomen
931 1890 1188 1952 delatum
1229 1892 1416 1952 fratre
1459 1891 1704 1952 absente
1747 1893 1808 1952 in
1852 1891 2119 1952 eiusdem

121 1988 161 2028 2⁰
185 1976 589 2054 praesentiam
641 1973 886 2036 distulit.
966 1976 1164 2036 medio
1219 1976 1361 2036 belli
1422 1986 1693 2054 tempore
1737 1983 1794 2036 et
1835 1977 2116 2045 Ciuicam,
2154 1997 2190 2044 4

189 2068 471 2138 patruum
507 2062 671 2130 Veri,
721 2067 780 2120 et
822 2060 1004 2121 filiam
1049 2078 1216 2122 suam
1249 2067 1569 2139 nupturam
1603 2063 1979 2121 commissam
2024 2080 2117 2122 so·

187 2147 312 2205 rori
341 2163 487 2205 suae
519 2146 886 2224 eandemque
916 2145 1335 2225 locupletatam
1368 2145 1751 2205 Brundisium
1785 2163 1974 2223 usque
2016 2147 2117 2206 de-

187 2230 390 2298 duxit,
431 2229 504 2290 ad
549 2249 684 2290 eum
724 2232 888 2290 misit
928 2230 1295 2306 Romamque
1339 2231 1536 2290 statim
1579 2229 1761 2290 rediit
1803 2238 2120 2294 reuocatus
2158 2252 2189 2300 5

187 2314 824 2376 eorum-sermonibus
854 2317 957 2395 qui
987 2315 1284 2384 dicebant,
1316 2315 1581 2376 Marcum
1612 2314 1767 2375 uelle
1798 2317 1949 2376 finiti
1980 2315 2121 2377 belli

115 2411 160 2451 2⁵
184 2399 442 2477 gloriam
473 2399 714 2460 sibimet
744 2400 1051 2461 uindicare
1093 2408 1271 2477 atque
1302 2400 1525 2460 idcirco
1570 2402 1631 2460 in
1664 2400 1893 2480 Syriam
1940 2403 2118 2480 profi·

187 2487 353 2546 cisci.
417 2485 490 2546 ad
520 2484 944 2564 proconsulem
975 2484 1210 2555 scribit,
1257 2503 1334 2563 ιω
1366 2487 1499 2562 quis
1530 2483 1683 2545 filiae
1716 2503 1855 2546 suae
1883 2487 2001 2547 iter
2030 2488 2115 2548 fa·
2158 2507 2202 2554 6.

185 2571 372 2630 cienti
401 2576 765 2631 occurreret.

314 2655 482 2714 Inter
511 2653 658 2715 haec
689 2653 974 2714 liberales
1005 2673 1213 2714 causas
1256 2655 1340 2715 ita
1372 2657 1627 2715 muniuit
1658 2664 1723 2715 ut
1762 2657 1993 2734 primus
2024 2658 2116 2716 iu·
2157 2676 2186 2723 7

187 2737 362 2798 beret
392 2740 550 2818 apud
593 2741 928 2818 praefectos
969 2741 1184 2800 aerarii
1225 2740 1467 2800 Saturni
1506 2757 1989 2819 unumquemque
2034 2743 2117 2801 ci·

113 2833 160 2873 3⁰
187 2825 358 2884 uium
390 2831 563 2884 natos
593 2823 819 2885 liberos
859 2826 1130 2904 profiteri
1170 2826 1329 2885 intra
1368 2827 1777 2886 tricensimum
1824 2824 1978 2884 diem
2011 2844 2117 2885 no-

293 3043 320 3090 1
347 3043 613 3107 principi3
641 3042 694 3092 B
728 3044 966 3108 principi
991 3045 1041 3093 P
1172 3045 1421 3094 uenisset
1446 3042 1512 3093 P¹
1651 3045 1681 3093 5
1715 3043 1860 3092 redit
1886 3042 1935 3092 B
1978 3046 2122 3095 redi—

186 3109 271 3159 dit
296 3112 351 3160 P
483 3115 682 3176 postea
704 3110 776 3162 B¹
915 3115 947 3162 9
983 3113 1092 3162 oris
1118 3113 1303 3162 oribus
1325 3112 1377 3161 B
1518 3114 1579 3162 12
1606 3112 1864 3178 deposuit
1891 3111 1962 3160 Ρ1

187 3179 253 3227 14
277 3179 580 3229 marmenia
607 3179 676 3228 B¹
817 3183 880 3231 15
903 3183 1192 3245 utrumque
1218 3179 1341 3230 BP¹
1454 3181 1517 3230 16
1542 3180 1825 3229 recusauit
1849 3181 1899 3229 P
1999 3197 2121 3247 pro·

183 3245 380 3296 flieato
405 3245 525 3296 ΒΡι
665 3250 729 3298 17
752 3248 857 3298 hoc
882 3265 974 3299 om.
1000 3247 1119 3298 BP¹
1149 3251 1271 3300 add.
1297 3247 1365 3298 P³
1506 3251 1567 3298 19
1605 3263 1637 3296 a
1664 3248 1837 3297 fratre
1852 3247 1984 3297 ΒΡί

183 3315 248 3362 21
277 3305 657 3380 patruumom.
681 3315 746 3365 ΡΙ
889 3317 1092 3366 sororis
1125 3316 1243 3366 ΒΜ
1378 3319 1442 3366 22
1480 3315 1781 3380 eademque
1817 3316 2120 3380 locupleta-

183 3377 397 3432 tum⁶p¹
535 3385 602 3433 23
627 3399 732 3448 que
757 3400 850 3436 om.
877 3384 943 3434 M
1076 3385 1142 3434 24
1165 3383 1320 3434 finite
1346 3385 1399 3434 B
1536 3385 1601 3433 28
1628 3399 1796 3433 causa
1824 3385 1931 3433 sita
1958 3381 2027 3431 B·

184 3449 259 3498 ad
285 3451 614 3514 proconsule
643 3452 690 3501 B
827 3453 1078 3502 munuuit
1099 3451 1242 3502 B¹P¹
1380 3455 1446 3502 29
1472 3452 1709 3502 saturnii
1732 3451 1783 3500 B
1918 3454 1983 3500 30
2013 3454 2121 3499 ter—

184 3516 327 3566 tium
351 3518 418 3567 M

1626 3604 1723 3667 4*
