2517 3884
382 154 615 207 INDEX
650 152 998 205 NOMINVM
1032 152 1129 203 ET
1166 150 1420 203 RERVM
1453 148 2034 203 MEMORABILIVM
2131 154 2258 218 277

227 328 312 390 99,
350 290 431 377 20.
466 324 679 389 legioni
714 300 1058 373 uicensimae
1096 338 1183 385 se-

231 394 447 445 cundae
482 393 541 442 in
588 392 651 442 G.
701 391 949 456 praefuit
984 390 1183 440 Didius

228 456 351 521 117,
384 462 465 511 14.
506 462 827 525 apparatus,
866 459 961 521 qui
986 463 1184 522 postea
1222 472 1241 479 ²

228 535 315 580 est
352 530 545 578 duetus
584 543 617 576 a
652 527 956 577 Maximino
992 526 1052 575 in
1096 526 1180 592 G.,

223 595 526 648 Alexandri
570 596 682 645 fuit
728 596 858 658 272,
908 597 953 644 9.
1018 594 1077 643 in
1114 594 1179 645 G.

225 664 450 715 transiit
494 663 825 713 Maximinus
870 662 925 711 11
965 665 1057 725 11,
1117 665 1180 725 63

228 736 319 795 12;
364 736 421 783 et
454 732 593 781 uicit
626 732 683 781 11
721 732 1177 795 11,17;24.12,

224 804 310 853 20.
351 800 415 852 G.
455 800 629 849 omnis
666 798 905 849 subacta
942 797 1181 849 aProbo

223 869 283 919 ΙΙ
322 870 449 933 197,
487 871 534 917 2.

158 938 435 993 Germania
474 936 707 986 inferior
745 938 861 998 117,
901 937 985 985 21.

152 1032 221 1041 —-
261 1005 509 1070 superior
541 1006 590 1062 4,
630 1006 713 1055 10.

157 1074 461 1123 Germanica
510 1070 713 1121 classis
765 1073 891 1135 106,
950 1074 1000 1122 2.
1048 1072 1182 1137 iuga

224 1141 281 1189 11
320 1142 435 1203 195,
475 1140 557 1189 15.

156 1209 487 1259 Germanicas
524 1211 720 1273 gentes
758 1208 1181 1274 summouitnPo-

225 1279 434 1326 stumus
470 1276 527 1327 II
563 1277 648 1339 93,
687 1278 736 1329 3.

148 1370 221 1379 ·—-
274 1344 527 1409 legiones
589 1344 717 1393 Seu
789 1344 1179 1409 imperatorem

160 1410 783 1530 θείξηῗτηώἰὶῖῃὲκιθῖἓὶῐιῗε
806 1480 921 1541 127,
958 1480 1042 1529 26.

162 1548 545 1598 Germaniciani
622 1548 902 1597 exereitus
994 1547 1179 1597 occiso

226 1616 522 1666 Pertinace
564 1629 718 1665 suum
740 1614 1047 1681 specialem
1077 1615 1177 1664 ha-

223 1683 433 1734 bebant
478 1684 870 1747 imperatorem
922 1684 1046 1748 154,
1098 1685 1177 1735 10.

160 1752 511 1801 Germanicum
547 1750 754 1801 bellum
792 1753 885 1814 60,
923 1754 1006 1801 29.
1060 1754 1177 1803 273.

146 1880 149 1883 ,
222 1822 271 1872 9.
310 1819 379 1869 ad
414 1818 481 1869 G.
517 1819 571 1868 b.
611 1819 803 1869 ambos
827 1821 1179 1869 necessarios

222 1902 345 1937 esse
415 1887 779 1951 imperatores
851 1890 909 1936 in
980 1892 1180 1937 senatu

221 1954 364 2005 dixit
398 1953 623 2004 Marcus
661 1956 751 2016 55,
792 1958 841 2006 3.
892 1954 962 2003 ad
1008 1954 1065 2003 id
1099 1955 1174 2006 M.

220 2023 501 2087 legiones
520 1992 751 2087 parauit
786 2036 1003 2071 summa
1050 2021 1173 2070 dili-

218 2090 413 2209 {enga
458 2090 550 2151 61,
597 2092 682 2205 1212.
744 2089 904 2138 multi
958 2088 1175 2138 nobiles

442 2156 559 2207 siue
658 2156 1052 2206 areomannieo
1091 2156 1175 2205 in-

151 2225 154 2226 ’
221 2224 493 2274 terierunt
546 2225 779 2286 62,15.
853 2224 925 2273 ad
992 2223 1043 2273 b.
1108 2224 1175 2274 G.

218 2292 443 2341 Marcus
490 2293 776 2357 Verusque
837 2292 999 2341 simul
1051 2308 1177 2357 pro-

218 2360 359 2409 fecti
394 2364 522 2409 sunt
559 2361 651 2425 75,
690 2362 774 2411 23.
825 2359 895 2410 ad
944 2360 1009 2414 G.
1059 2360 1179 2409 bel-

218 2428 332 2477 lum
356 2426 682 2479 Commodus
720 2444 841 2479 eum
867 2433 1024 2494 patre
1051 2443 1177 2494 pro-

219 2496 402 2545 fectus
432 2501 516 2545 est
551 2498 633 2560 90,
662 2499 745 2550 21.
784 2496 854 2547 ad
884 2496 946 2546 G.
971 2498 1021 2547 b.
1050 2512 1178 2563 pro-

221 2564 406 2612 fectus
445 2569 531 2615 est
548 2564 705 2615 Alex.
733 2566 853 2628 270,
883 2566 963 2617 16.
1000 2564 1174 2613 Mam-

220 2645 384 2679 maea
446 2638 638 2681 auctor
702 2632 834 2695 fuit,
897 2637 959 2681 ut
1016 2632 1173 2681 Alex.

220 2696 367 2747 filius
413 2698 633 2748 deserto
679 2700 825 2749 bello
872 2698 937 2749 G.
994 2700 1171 2749 orien-

221 2769 331 2816 tem
369 2770 586 2830 peteret
620 2767 675 2817 II
712 2769 762 2830 8,
800 2768 849 2817 8.

150 2834 480 2884 Germanicus
503 2834 831 2884 caracallus
856 2833 1037 2899 dictus
1056 2836 1171 2897 171,
1229 2832 1432 2883 Geticus

148 2903 582 3020 -2ἓοιξιξοιῗιιε
620 2968 967 3035 appellatus
978 2970 1171 3033 98,15.

148 3065 213 3074 -
250 3038 473 3088 Marcus
512 3038 697 3087 dictus
734 3040 825 3098 54,
866 3039 949 3089 23.

1309 322 1431 381 169,
1470 323 1520 371 8.
1581 322 1637 371 ῙῙ
1667 324 1740 386 ᾖ4,
1782 325 1860 373 10.
1897 348 1960 359 -
1991 323 2054 373 G.
2081 324 2255 379 Anto-

1305 389 1468 439 ninus
1483 389 1798 455 appellatus
1813 393 1926 455 132,
1944 393 2022 443 19.
2039 393 2154 456 138,
2175 399 2256 447 31.

1307 456 1370 511 G.
1385 457 1605 507 uirilem
1627 462 1812 525 togam
1833 458 1986 508 dedit
1997 458 2122 513 Seu.
2139 464 2256 524 135,
2300 458 2302 464 ’

1305 527 1353 575 8.
1375 525 1582 576 milites
1596 525 1662 580 G.
1689 526 1989 577 Caesarem
2011 532 2072 595 et
2087 528 2257 581 Anto-

1304 594 1489 642 ninum
1537 593 1963 660 appellauerunt
2017 597 2134 661 136,
2171 600 2252 652 20.

1305 678 1371 712 ex
1428 661 1574 711 Iulia
1634 664 1905 729 genuerat
1961 662 2090 713 Seu.
2139 668 2253 728 139,

1304 733 1386 781 30.
1459 730 1517 779 in
1591 732 1716 781 sinu
1780 731 1974 781 matris
2048 734 2170 783 occi
2207 732 2264 783 it

1305 798 1482 848 frater
1521 800 1644 859 140,
1693 802 1776 853 25.
1841 799 1904 850 G.
1945 798 2090 850 filius
2127 801 2236 851 Su

1305 867 1432 929 167,
1492 869 1542 915 4.
1603 867 1777 918 hostis
1838 871 1925 917 est
1975 868 2255 919 iudicatus

1307 936 1424 997 167,
1463 938 1512 985 5.
1550 950 1681 1013 pars
1717 933 1954 985 militum
1991 937 2137 1017 apud
2156 937 2253 987 Al-

1302 1001 1434 1051 bam
1458 1001 1524 1052 G.
1563 1004 1802 1053 occisum
1828 1005 2132 1069 aegerrime
2161 1020 2254 1055 ae·

1307 1072 1455 1135 cepit
1492 1071 1609 1134 165,
1649 1073 1739 1132 19;
1775 1066 1860 1122 23.
1909 1072 2120 1122 Laetus
2143 1074 2260 1137 pri

1303 1152 1421 1187 mus
1460 1152 1652 1187 suasor
1684 1140 1842 1189 neeis
1879 1139 1944 1190 G.
1984 1140 2092 1191 fuit
2134 1142 2256 1203 169,
2269 1132 2274 1139 ’
2329 1147 2336 1151 ’

1306 1208 1388 1255 12.
1427 1206 1602 1255 occisi
1638 1205 1859 1269 liberti,
1906 1209 2000 1272 qui
2046 1209 2108 1258 G.
2159 1208 2254 1257 ad-

1301 1273 1889 1338 ministrauerantl'lo,
1917 1278 1966 1327 3.
2003 1275 2259 1326 fautores

1304 1341 1370 1392 G.
1429 1342 1627 1395 occisi⁴
1659 1344 1782 1405 173,
1843 1344 1898 1397 4.
1960 1343 2252 1393 occidendi

1307 1408 1485 1459 Getae
1527 1406 1674 1473 (175,
1714 1410 1798 1473 13)
1844 1410 2098 1476 prodigia
2136 1413 2252 1473 175,

1222 1486 1226 1489 “
1304 1477 1386 1525 16.
1434 1477 1496 1531 G.
1534 1482 1723 1529 sextus
1778 1477 2089 1529 Antoninus
2139 1480 2252 1538 185,

1303 1547 1350 1598 2.
1392 1544 1456 1595 G.
1499 1561 1654 1609 quem
1674 1547 1905 1597 multum
1920 1546 2254 1597 Antoninum

1303 1618 1513 1679 negant
1550 1614 1773 1677 dietum,
1813 1614 2007 1665 eadem
2035 1616 2257 1665 ratione

1303 1681 1617 1746 appellatus
1657 1687 1744 1733 est
1767 1699 1874 1747 qua
1901 1682 2027 1735 Car.
2054 1685 2170 1744 200,
2201 1686 2254 1735 2.

1303 1748 1480 1799 Getae
1515 1752 1636 1801 uita
1676 1750 2006 1816 (Spartiani)
2049 1752 2258 1801 citatur

1236 1854 1419 1933 Getam,
1457 1885 1690 1935 fratrem
1737 1884 1976 1935 Seuerus
2030 1886 2252 1950 prouin-

1304 1951 1446 2001 ciam
1459 1952 1570 2003 sibi
1597 1953 1860 2003 creditam
1885 1969 2078 2019 regere
2089 1969 2253 2019 prae·

1302 2019 1454 2083 cepit
1492 2020 1646 2069 aliud
1683 2025 1998 2085 sperantem
2037 2021 2250 2083 131,-5.

1300 2090 1364 2135 ut
1399 2086 1466 2138 G.
1506 2104 1538 2136 a
1563 2103 1661 2151 spe
1699 2087 1916 2153 imperii
1940 2096 2257 2138 remoueret

1302 2153 1798 2212 Seu.,Bassianum
1835 2155 2010 2206 filium
2048 2154 2254 2205 Caesa-

1295 2222 1804 2342 {332131'135132335
1823 2226 1948 2342 ¹3}
2012 2225 2094 2277 ¹⁶·
2180 2223 2250 2277 θ’·

1652 2327 1664 2341 .
1809 2330 1822 2356 ,
1930 2329 1942 2342 .

1235 2357 1366 2407 Geta
1401 2361 1564 2423 pater
1601 2358 1796 2409 Seueri
1834 2360 1966 2425 imp.
2005 2362 2128 2423 125,
2165 2361 2215 2409 4.

1235 2426 1395 2476 Getae
1425 2426 1496 2483 ,ΙΙ
1541 2427 1598 2487 5,
1637 2429 1720 2479 25.
1767 2427 2025 2477 dicuntur
2086 2427 2252 2491 Gothi

1302 2495 1426 2558 175,
1468 2497 1546 2547 13.

1233 2563 1412 2613 Getica
1449 2578 1555 2613 nex
1594 2565 1710 2629 181,
1749 2567 1832 2617 27.

1233 2630 1438 2681 Geticos
1481 2632 1713 2696 populos
1761 2636 1860 2682 aut
1912 2633 1972 2682 in
2015 2632 2249 2681 deditio-

1297 2714 1420 2747 nem
1459 2700 1643 2749 autin
1685 2700 1991 2749 amicitiam
2035 2700 2252 2763 recepit

1293 2766 1506 2814 Probus
1542 2767 1600 2817 ΙΙ
1639 2770 1752 2827 197,
1790 2768 1875 2819 29.

1492 2832 1822 2886 Caracallus
1881 2834 2062 2883 dietus
2134 2834 2247 2895 175,

1298 2902 1378 2949 12.
1418 2902 1533 2963 181,
1571 2904 1655 2955 30.
2083 2920 2094 2929 ·

1231 2967 1418 3018 Gilloni
1473 2983 1636 3019 seruo
1695 2970 1988 3035 plurimum
2049 2967 2252 3019 detulit

1296 3038 1424 3084 Aur.
1450 3035 1504 3087 ΙΙ
1545 3040 1661 3100 170,
1697 3039 1780 3088 25.

151 3080 451 3156 Germanum
521 3121 580 3156 se
654 3076 970 3171 appeflauit
1043 3104 1169 3155 Car.
1226 3103 1454 3169 Gipedos
1513 3108 1570 3155 in
1629 3106 1784 3156 Rom.
1847 3105 2022 3156 solum
2066 3110 2246 3164 trans-

153 3175 454 3291 aei-2223
470 3242 749 3292 exereitus
790 3243 905 3304 127,
944 3244 1028 3293 25.

154 3310 420 3359 Gessacem
456 3314 696 3361 montem
734 3308 792 3360 11
827 3310 910 3370 84,
947 3312 1028 3361 28.

152 3377 297 3427 Geta.
348 3379 657 3428 Antoninus
718 3404 801 3428 —.
863 3380 1016 3427 uita
1085 3377 1168 3427 ab

272 3443 409 3495 elio
466 3445 843 3511 Spartiano
904 3447 1170 3512 scripta

243 3513 385 3561 77-
407 3514 519 3563 182..
557 3540 621 3557 ῳ-
655 3516 772 3576 140,
796 3517 879 3565 21.
923 3516 1046 3576 159,
1086 3517 1169 3565 21.

1293 3171 1422 3221 tulit
1456 3171 1673 3223 Probus
1709 3174 1766 3223 II
1804 3176 1917 3235 199,
1956 3176 2006 3222 4.

1227 3238 1498 3291 Girbitana
1532 3255 1775 3307 purpura
1811 3242 1866 3292 ΙΙ
1906 3244 2019 3303 133,
2060 3242 2141 3291 27.

1220 3310 1564 3372 yladiatorum
1617 3324 1832 3376 pugnas
1878 3310 1936 3359 in
1985 3310 2245 3359 conuiuio

1292 3375 1488 3426 habuit
1524 3378 1699 3428 Verus
1737 3381 1828 3441 71,
1877 3380 1969 3439 15,
2018 3376 2241 3441 Heliog.

1293 3446 1408 3510 220,
1438 3448 1490 3497 8.
1517 3445 1858 3511 gladiatores
1887 3446 1957 3495 ad
1991 3444 2245 3493 militiam

1291 3514 1519 3581 parauit
1553 3514 1798 3565 Marcus
1814 3516 1898 3578 61,
1929 3513 2010 3563 18.
2049 3516 2170 3563 con
