<?xml version="1.0" encoding="UTF-8"?>
<!DOCTYPE html PUBLIC "-//W3C//DTD XHTML 1.0 Transitional//EN"
    "http://www.w3.org/TR/xhtml1/DTD/xhtml1-transitional.dtd">
<html xmlns="http://www.w3.org/1999/xhtml" xml:lang="en" lang="en">
 <head>
  <title>
</title>
<meta http-equiv="Content-Type" content="text/html;charset=utf-8" />
  <meta name='ocr-system' content='tesseract 3.04.00' />
  <meta name='ocr-capabilities' content='ocr_page ocr_carea ocr_par ocr_line ocrx_word'/>
</head>
<body>
  <div class='ocr_page' id='page_1' title='image "./scriptoreshisto02petegoog_0240.png"; bbox 0 0 2517 3884; ppageno 0'>
   <div class='ocr_carea' id='block_1_1' title="bbox 251 908 2151 1340">
    <p class='ocr_par' dir='ltr' id='par_1_1' title="bbox 251 908 2151 1340">
     <span class='ocr_line' id='line_1_1' title="bbox 765 908 1659 1072; baseline 0.003 -4"><span class='ocrx_word' id='word_1_1' title='bbox 765 908 1054 1070; x_wconf 66' lang='lat' dir='ltr'><strong>AELII</strong></span> <span class='ocrx_word' id='word_1_2' title='bbox 1105 994 1659 1072; x_wconf 87' lang='lat' dir='ltr'><strong>LAMPRIDII</strong></span> 
     </span>
     <span class='ocr_line' id='line_1_2' title="bbox 251 1199 2151 1340; baseline 0.002 -44"><span class='ocrx_word' id='word_1_3' title='bbox 251 1199 1023 1299; x_wconf 82' lang='lat' dir='ltr'><strong>ANTONINVS</strong></span> <span class='ocrx_word' id='word_1_4' title='bbox 1108 1201 2151 1340; x_wconf 73' lang='lat' dir='ltr'><strong>HELIOGABALVs</strong></span> 
     </span>
    </p>
   </div>
   <div class='ocr_carea' id='block_1_2' title="bbox 163 1471 2245 3084">
    <p class='ocr_par' dir='ltr' id='par_1_2' title="bbox 238 1471 2244 1638">
     <span class='ocr_line' id='line_1_3' title="bbox 285 1471 2244 1553; baseline 0.002 -20"><span class='ocrx_word' id='word_1_5' title='bbox 285 1485 299 1490; x_wconf 66' lang='lat'><em>⁷</em></span> <span class='ocrx_word' id='word_1_6' title='bbox 360 1471 551 1550; x_wconf 74' lang='lat' dir='ltr'><strong>Vitam</strong></span> <span class='ocrx_word' id='word_1_7' title='bbox 563 1471 928 1550; x_wconf 87' lang='lat' dir='ltr'><strong>Heliogabali</strong></span> <span class='ocrx_word' id='word_1_8' title='bbox 955 1475 1254 1544; x_wconf 84' lang='lat' dir='ltr'><strong>Antonini,</strong></span> <span class='ocrx_word' id='word_1_9' title='bbox 1290 1477 1393 1553; x_wconf 88' lang='lat' dir='ltr'><strong>qui</strong></span> <span class='ocrx_word' id='word_1_10' title='bbox 1406 1475 1615 1535; x_wconf 88' lang='lat' dir='ltr'><strong>Varius</strong></span> <span class='ocrx_word' id='word_1_11' title='bbox 1643 1475 1821 1536; x_wconf 86' lang='lat' dir='ltr'><strong>etiam</strong></span> <span class='ocrx_word' id='word_1_12' title='bbox 1844 1475 2041 1536; x_wconf 86' lang='lat' dir='ltr'><strong>dictus</strong></span> <span class='ocrx_word' id='word_1_13' title='bbox 2061 1484 2170 1546; x_wconf 86' lang='lat' dir='ltr'><strong>est,</strong></span> <span class='ocrx_word' id='word_1_14' title='bbox 2210 1473 2244 1536; x_wconf 87' lang='lat'>1</span> 
     </span>
     <span class='ocr_line' id='line_1_4' title="bbox 238 1557 2176 1638; baseline 0.002 -19"><span class='ocrx_word' id='word_1_15' title='bbox 238 1575 562 1638; x_wconf 83' lang='lat' dir='ltr'><strong>numquam</strong></span> <span class='ocrx_word' id='word_1_16' title='bbox 591 1561 654 1618; x_wconf 91' lang='lat' dir='ltr'><strong>in</strong></span> <span class='ocrx_word' id='word_1_17' title='bbox 685 1557 914 1619; x_wconf 80' lang='lat' dir='ltr'><strong>litteras</strong></span> <span class='ocrx_word' id='word_1_18' title='bbox 945 1561 1258 1625; x_wconf 79' lang='lat' dir='ltr'>misissem,</span> <span class='ocrx_word' id='word_1_19' title='bbox 1291 1579 1369 1620; x_wconf 90' lang='lat' dir='ltr'><strong>ne</strong></span> <span class='ocrx_word' id='word_1_20' title='bbox 1400 1561 1534 1637; x_wconf 82' lang='lat' dir='ltr'><strong>quis</strong></span> <span class='ocrx_word' id='word_1_21' title='bbox 1564 1561 1751 1621; x_wconf 86' lang='lat' dir='ltr'><strong>fuisse</strong></span> <span class='ocrx_word' id='word_1_22' title='bbox 1767 1560 2176 1622; x_wconf 84' lang='lat' dir='ltr'><strong>Romanorum</strong></span> 
     </span>
    </p>

    <p class='ocr_par' dir='ltr' id='par_1_3' title="bbox 185 1643 2242 2062">
     <span class='ocr_line' id='line_1_5' title="bbox 185 1643 2174 1724; baseline 0.001 -21"><span class='ocrx_word' id='word_1_23' title='bbox 185 1663 215 1703; x_wconf 83' lang='lat'>5</span> <span class='ocrx_word' id='word_1_24' title='bbox 240 1646 573 1724; x_wconf 90' lang='lat' dir='ltr'><strong>principem</strong></span> <span class='ocrx_word' id='word_1_25' title='bbox 605 1645 804 1713; x_wconf 88' lang='lat' dir='ltr'><strong>sciret,</strong></span> <span class='ocrx_word' id='word_1_26' title='bbox 839 1643 955 1704; x_wconf 90' lang='lat' dir='ltr'><strong>nisi</strong></span> <span class='ocrx_word' id='word_1_27' title='bbox 986 1653 1122 1706; x_wconf 89' lang='lat' dir='ltr'><strong>ante</strong></span> <span class='ocrx_word' id='word_1_28' title='bbox 1155 1644 1450 1722; x_wconf 88' lang='lat' dir='ltr'><strong>Caligulas</strong></span> <span class='ocrx_word' id='word_1_29' title='bbox 1495 1652 1553 1704; x_wconf 88' lang='lat' dir='ltr'><strong>et</strong></span> <span class='ocrx_word' id='word_1_30' title='bbox 1584 1645 1857 1706; x_wconf 80' lang='lat' dir='ltr'><strong>Nerones</strong></span> <span class='ocrx_word' id='word_1_31' title='bbox 1904 1653 1963 1706; x_wconf 85' lang='lat' dir='ltr'><strong>et</strong></span> <span class='ocrx_word' id='word_1_32' title='bbox 1994 1645 2174 1707; x_wconf 84' lang='lat' dir='ltr'><strong>Vitel-</strong></span> 
     </span>
     <span class='ocr_line' id='line_1_6' title="bbox 240 1727 2242 1808; baseline -0.001 -20"><span class='ocrx_word' id='word_1_33' title='bbox 240 1728 352 1790; x_wconf 87' lang='lat' dir='ltr'>lios</span> <span class='ocrx_word' id='word_1_34' title='bbox 382 1729 499 1790; x_wconf 92' lang='lat' dir='ltr'><strong>hoc</strong></span> <span class='ocrx_word' id='word_1_35' title='bbox 531 1728 692 1790; x_wconf 87' lang='lat' dir='ltr'><strong>idem</strong></span> <span class='ocrx_word' id='word_1_36' title='bbox 723 1727 1036 1790; x_wconf 81' lang='lat' dir='ltr'><strong>habuisset</strong></span> <span class='ocrx_word' id='word_1_37' title='bbox 1064 1731 1407 1808; x_wconf 89' lang='lat' dir='ltr'><strong>imperium.</strong></span> <span class='ocrx_word' id='word_1_38' title='bbox 1465 1730 1570 1790; x_wconf 91' lang='lat' dir='ltr'><strong>sed</strong></span> <span class='ocrx_word' id='word_1_39' title='bbox 1602 1749 1737 1791; x_wconf 91' lang='lat' dir='ltr'><strong>cum</strong></span> <span class='ocrx_word' id='word_1_40' title='bbox 1770 1729 1979 1792; x_wconf 87' lang='lat' dir='ltr'><strong>eadem</strong></span> <span class='ocrx_word' id='word_1_41' title='bbox 2009 1738 2175 1792; x_wconf 86' lang='lat' dir='ltr'><strong>terra</strong></span> <span class='ocrx_word' id='word_1_42' title='bbox 2210 1737 2242 1785; x_wconf 84' lang='lat'>2</span> 
     </span>
     <span class='ocr_line' id='line_1_7' title="bbox 240 1813 2177 1891; baseline 0.001 -17"><span class='ocrx_word' id='word_1_43' title='bbox 240 1824 297 1874; x_wconf 91' lang='lat' dir='ltr'><strong>et</strong></span> <span class='ocrx_word' id='word_1_44' title='bbox 327 1831 560 1875; x_wconf 89' lang='lat' dir='ltr'><strong>uenena</strong></span> <span class='ocrx_word' id='word_1_45' title='bbox 589 1815 743 1874; x_wconf 86' lang='lat' dir='ltr'><strong>ferat</strong></span> <span class='ocrx_word' id='word_1_46' title='bbox 775 1820 836 1873; x_wconf 90' lang='lat' dir='ltr'><strong>et</strong></span> <span class='ocrx_word' id='word_1_47' title='bbox 863 1815 1230 1875; x_wconf 83' lang='lat' dir='ltr'><strong>frumentum</strong></span> <span class='ocrx_word' id='word_1_48' title='bbox 1260 1823 1440 1891; x_wconf 83' lang='lat' dir='ltr'><strong>atque</strong></span> <span class='ocrx_word' id='word_1_49' title='bbox 1472 1813 1586 1874; x_wconf 88' lang='lat' dir='ltr'><strong>alia</strong></span> <span class='ocrx_word' id='word_1_50' title='bbox 1618 1814 1928 1885; x_wconf 88' lang='lat' dir='ltr'><strong>salutaria,</strong></span> <span class='ocrx_word' id='word_1_51' title='bbox 1965 1815 2177 1876; x_wconf 86' lang='lat' dir='ltr'><strong>eadem</strong></span> 
     </span>
     <span class='ocr_line' id='line_1_8' title="bbox 238 1898 2175 1978; baseline 0.001 -19"><span class='ocrx_word' id='word_1_52' title='bbox 238 1907 550 1978; x_wconf 75' lang='lat' dir='ltr'><strong>serpentes</strong></span> <span class='ocrx_word' id='word_1_53' title='bbox 582 1901 920 1969; x_wconf 80' lang='lat' dir='ltr'><strong>et·cicureS,</strong></span> <span class='ocrx_word' id='word_1_54' title='bbox 957 1901 1489 1978; x_wconf 87' lang='lat' dir='ltr'><strong>conpensationem</strong></span> <span class='ocrx_word' id='word_1_55' title='bbox 1542 1899 1656 1959; x_wconf 89' lang='lat' dir='ltr'><strong>sibi</strong></span> <span class='ocrx_word' id='word_1_56' title='bbox 1699 1898 1889 1960; x_wconf 84' lang='lat' dir='ltr'><strong>lector</strong></span> <span class='ocrx_word' id='word_1_57' title='bbox 1921 1898 2175 1978; x_wconf 87' lang='lat' dir='ltr'><strong>diligens</strong></span> 
     </span>
     <span class='ocr_line' id='line_1_9' title="bbox 237 1982 2172 2062; baseline 0 -18"><span class='ocrx_word' id='word_1_58' title='bbox 237 1985 430 2053; x_wconf 79' lang='lat' dir='ltr'><strong>faciet,</strong></span> <span class='ocrx_word' id='word_1_59' title='bbox 466 2003 602 2044; x_wconf 89' lang='lat' dir='ltr'><strong>cum</strong></span> <span class='ocrx_word' id='word_1_60' title='bbox 631 1983 846 2062; x_wconf 89' lang='lat' dir='ltr'><strong>legerit</strong></span> <span class='ocrx_word' id='word_1_61' title='bbox 874 1987 1206 2061; x_wconf 89' lang='lat' dir='ltr'><strong>Augustum</strong></span> <span class='ocrx_word' id='word_1_62' title='bbox 1238 1983 1563 2044; x_wconf 89' lang='lat' dir='ltr'><strong>Traianum</strong></span> <span class='ocrx_word' id='word_1_63' title='bbox 1590 1982 2025 2062; x_wconf 82' lang='lat' dir='ltr'><strong>Vespasianum</strong></span> <span class='ocrx_word' id='word_1_64' title='bbox 2055 1985 2172 2044; x_wconf 89' lang='lat' dir='ltr'><strong>Ha-</strong></span> 
     </span>
    </p>

    <p class='ocr_par' dir='ltr' id='par_1_4' title="bbox 163 2065 2245 2488">
     <span class='ocr_line' id='line_1_10' title="bbox 163 2065 2175 2148; baseline 0 -20"><span class='ocrx_word' id='word_1_65' title='bbox 163 2089 214 2129; x_wconf 78' lang='grc' dir='ltr'><strong>ιο</strong></span> <span class='ocrx_word' id='word_1_66' title='bbox 240 2068 512 2135; x_wconf 87' lang='lat' dir='ltr'><strong>drianum</strong></span> <span class='ocrx_word' id='word_1_67' title='bbox 544 2069 716 2130; x_wconf 86' lang='lat' dir='ltr'><strong>Pium</strong></span> <span class='ocrx_word' id='word_1_68' title='bbox 747 2065 946 2129; x_wconf 84' lang='lat' dir='ltr'><strong>Titum</strong></span> <span class='ocrx_word' id='word_1_69' title='bbox 977 2069 1263 2137; x_wconf 89' lang='lat' dir='ltr'><strong>Marcum,</strong></span> <span class='ocrx_word' id='word_1_70' title='bbox 1299 2076 1503 2128; x_wconf 89' lang='lat' dir='ltr'><strong>contra</strong></span> <span class='ocrx_word' id='word_1_71' title='bbox 1535 2067 1646 2128; x_wconf 91' lang='lat' dir='ltr'><strong>hos</strong></span> <span class='ocrx_word' id='word_1_72' title='bbox 1679 2069 2053 2146; x_wconf 85' lang='lat' dir='ltr'><strong>prodigiosos</strong></span> <span class='ocrx_word' id='word_1_73' title='bbox 2084 2076 2175 2148; x_wconf 83' lang='lat' dir='ltr'><strong>ty-</strong></span> 
     </span>
     <span class='ocr_line' id='line_1_11' title="bbox 236 2151 2245 2232; baseline -0.002 -18"><span class='ocrx_word' id='word_1_74' title='bbox 236 2173 478 2215; x_wconf 83' lang='lat' dir='ltr'><strong>rannoS.</strong></span> <span class='ocrx_word' id='word_1_75' title='bbox 557 2152 735 2214; x_wconf 87' lang='lat' dir='ltr'><strong>simul</strong></span> <span class='ocrx_word' id='word_1_76' title='bbox 765 2152 1070 2232; x_wconf 86' lang='lat' dir='ltr'><strong>intelleget</strong></span> <span class='ocrx_word' id='word_1_77' title='bbox 1099 2153 1505 2214; x_wconf 89' lang='lat' dir='ltr'><strong>Romanorum</strong></span> <span class='ocrx_word' id='word_1_78' title='bbox 1536 2151 1770 2222; x_wconf 89' lang='lat' dir='ltr'><strong>iudicia,</strong></span> <span class='ocrx_word' id='word_1_79' title='bbox 1806 2153 1967 2232; x_wconf 89' lang='lat' dir='ltr'><strong>quod</strong></span> <span class='ocrx_word' id='word_1_80' title='bbox 1997 2152 2085 2212; x_wconf 91' lang='lat' dir='ltr'><strong>illi</strong></span> <span class='ocrx_word' id='word_1_81' title='bbox 2118 2160 2178 2213; x_wconf 93' lang='lat' dir='ltr'><strong>et</strong></span> <span class='ocrx_word' id='word_1_82' title='bbox 2212 2156 2245 2209; x_wconf 81' lang='lat'><strong>3</strong></span> 
     </span>
     <span class='ocr_line' id='line_1_12' title="bbox 239 2236 2176 2318; baseline -0.001 -18"><span class='ocrx_word' id='word_1_83' title='bbox 239 2239 340 2300; x_wconf 90' lang='lat' dir='ltr'><strong>diu</strong></span> <span class='ocrx_word' id='word_1_84' title='bbox 369 2241 744 2318; x_wconf 85' lang='lat' dir='ltr'><strong>imperarunt</strong></span> <span class='ocrx_word' id='word_1_85' title='bbox 777 2246 835 2298; x_wconf 88' lang='lat' dir='ltr'><strong>et</strong></span> <span class='ocrx_word' id='word_1_86' title='bbox 862 2240 1022 2300; x_wconf 83' lang='lat' dir='ltr'><strong>exitu</strong></span> <span class='ocrx_word' id='word_1_87' title='bbox 1055 2236 1312 2298; x_wconf 88' lang='lat' dir='ltr'><strong>naturali</strong></span> <span class='ocrx_word' id='word_1_88' title='bbox 1359 2236 1550 2297; x_wconf 82' lang='lat' dir='ltr'><strong>functi</strong></span> <span class='ocrx_word' id='word_1_89' title='bbox 1581 2245 1748 2306; x_wconf 85' lang='lat' dir='ltr'><strong>sunt,</strong></span> <span class='ocrx_word' id='word_1_90' title='bbox 1794 2237 1856 2297; x_wconf 91' lang='lat' dir='ltr'><strong>hi</strong></span> <span class='ocrx_word' id='word_1_91' title='bbox 1902 2257 2049 2299; x_wconf 90' lang='lat' dir='ltr'><strong>uero</strong></span> <span class='ocrx_word' id='word_1_92' title='bbox 2082 2239 2176 2298; x_wconf 91' lang='lat' dir='ltr'><strong>in-</strong></span> 
     </span>
     <span class='ocr_line' id='line_1_13' title="bbox 238 2322 2174 2404; baseline 0 -20"><span class='ocrx_word' id='word_1_93' title='bbox 238 2325 473 2384; x_wconf 83' lang='lat' dir='ltr'><strong>terfecti</strong></span> <span class='ocrx_word' id='word_1_94' title='bbox 501 2325 693 2393; x_wconf 85' lang='lat' dir='ltr'><strong>tracti,</strong></span> <span class='ocrx_word' id='word_1_95' title='bbox 744 2326 981 2404; x_wconf 82' lang='lat' dir='ltr'><strong>tyranni</strong></span> <span class='ocrx_word' id='word_1_96' title='bbox 1026 2325 1204 2384; x_wconf 89' lang='lat' dir='ltr'><strong>etiam</strong></span> <span class='ocrx_word' id='word_1_97' title='bbox 1247 2322 1557 2402; x_wconf 89' lang='lat' dir='ltr'><strong>appellati,</strong></span> <span class='ocrx_word' id='word_1_98' title='bbox 1606 2341 1866 2402; x_wconf 91' lang='lat' dir='ltr'><strong>quorum</strong></span> <span class='ocrx_word' id='word_1_99' title='bbox 1908 2341 2028 2384; x_wconf 90' lang='lat' dir='ltr'><strong>nec·</strong></span> <span class='ocrx_word' id='word_1_100' title='bbox 2062 2342 2174 2384; x_wconf 90' lang='lat' dir='ltr'><strong>no-</strong></span> 
     </span>
     <span class='ocr_line' id='line_1_14' title="bbox 241 2406 1828 2488; baseline 0 -19"><span class='ocrx_word' id='word_1_101' title='bbox 241 2410 401 2469; x_wconf 91' lang='lat' dir='ltr'><strong>mina</strong></span> <span class='ocrx_word' id='word_1_102' title='bbox 432 2406 578 2470; x_wconf 88' lang='lat' dir='ltr'><strong>libet</strong></span> <span class='ocrx_word' id='word_1_103' title='bbox 609 2408 830 2469; x_wconf 87' lang='lat' dir='ltr'><strong>dicere.</strong></span> <span class='ocrx_word' id='word_1_104' title='bbox 904 2455 908 2458; x_wconf 44' lang='lat'>&lt;</span> <span class='ocrx_word' id='word_1_105' title='bbox 1820 2481 1828 2488; x_wconf 39' lang='grc'><strong>,</strong></span> 
     </span>
    </p>

    <p class='ocr_par' dir='ltr' id='par_1_5' title="bbox 169 2492 2245 2909">
     <span class='ocr_line' id='line_1_15' title="bbox 169 2492 2245 2572; baseline -0.001 -20"><span class='ocrx_word' id='word_1_106' title='bbox 169 2513 216 2554; x_wconf 82' lang='grc'><strong>15</strong></span> <span class='ocrx_word' id='word_1_107' title='bbox 367 2494 566 2572; x_wconf 82' lang='lat' dir='ltr'><strong>Igitur.</strong></span> <span class='ocrx_word' id='word_1_108' title='bbox 599 2495 792 2553; x_wconf 87' lang='lat' dir='ltr'><strong>occiso</strong></span> <span class='ocrx_word' id='word_1_109' title='bbox 835 2493 1098 2554; x_wconf 89' lang='lat' dir='ltr'><strong>Macrino</strong></span> <span class='ocrx_word' id='word_1_110' title='bbox 1143 2492 1391 2570; x_wconf 85' lang='lat' dir='ltr'><strong>eiusque</strong></span> <span class='ocrx_word' id='word_1_111' title='bbox 1447 2492 1567 2553; x_wconf 86' lang='lat' dir='ltr'><strong>filio</strong></span> <span class='ocrx_word' id='word_1_112' title='bbox 1610 2492 2007 2563; x_wconf 89' lang='lat' dir='ltr'><strong>Diadumeno,</strong></span> <span class='ocrx_word' id='word_1_113' title='bbox 2070 2495 2177 2572; x_wconf 87' lang='lat' dir='ltr'><strong>qui</strong></span> <span class='ocrx_word' id='word_1_114' title='bbox 2210 2503 2245 2550; x_wconf 83' lang='lat'>4</span> 
     </span>
     <span class='ocr_line' id='line_1_16' title="bbox 239 2577 2171 2658; baseline -0.001 -20"><span class='ocrx_word' id='word_1_115' title='bbox 239 2579 370 2658; x_wconf 85' lang='lat' dir='ltr'><strong>pari</strong></span> <span class='ocrx_word' id='word_1_116' title='bbox 411 2584 706 2658; x_wconf 82' lang='lat' dir='ltr'><strong>potestate</strong></span> <span class='ocrx_word' id='word_1_117' title='bbox 747 2577 987 2656; x_wconf 89' lang='lat' dir='ltr'><strong>imperii</strong></span> <span class='ocrx_word' id='word_1_118' title='bbox 1028 2579 1311 2638; x_wconf 83' lang='lat' dir='ltr'><strong>Antonini</strong></span> <span class='ocrx_word' id='word_1_119' title='bbox 1356 2579 1531 2637; x_wconf 89' lang='lat' dir='ltr'><strong>etiam</strong></span> <span class='ocrx_word' id='word_1_120' title='bbox 1574 2596 1793 2639; x_wconf 90' lang='lat' dir='ltr'><strong>nomen</strong></span> <span class='ocrx_word' id='word_1_121' title='bbox 1839 2585 2171 2656; x_wconf 86' lang='lat' dir='ltr'><strong>acceperat,</strong></span> 
     </span>
     <span class='ocr_line' id='line_1_17' title="bbox 237 2655 2177 2746; baseline 0 -24"><span class='ocrx_word' id='word_1_122' title='bbox 237 2665 299 2722; x_wconf 92' lang='lat' dir='ltr'><strong>in</strong></span> <span class='ocrx_word' id='word_1_123' title='bbox 330 2665 572 2746; x_wconf 71' lang='lat' dir='ltr'><strong>Varium</strong></span> <span class='ocrx_word' id='word_1_124' title='bbox 602 2662 1052 2741; x_wconf 86' lang='lat' dir='ltr'><strong>Heliogabalum</strong></span> <span class='ocrx_word' id='word_1_125' title='bbox 1093 2663 1413 2741; x_wconf 91' lang='lat' dir='ltr'><strong>imperium</strong></span> <span class='ocrx_word' id='word_1_126' title='bbox 1445 2661 1748 2724; x_wconf 88' lang='lat' dir='ltr'><strong>conlatum</strong></span> <span class='ocrx_word' id='word_1_127' title='bbox 1783 2655 1899 2731; x_wconf 66' lang='lat' dir='ltr'><strong>est,</strong></span> <span class='ocrx_word' id='word_1_128' title='bbox 1948 2663 2177 2723; x_wconf 89' lang='lat' dir='ltr'><strong>idcirco</strong></span> 
     </span>
     <span class='ocr_line' id='line_1_18' title="bbox 240 2744 2245 2825; baseline -0.001 -17"><span class='ocrx_word' id='word_1_129' title='bbox 240 2748 399 2825; x_wconf 88' lang='lat' dir='ltr'><strong>quod</strong></span> <span class='ocrx_word' id='word_1_130' title='bbox 429 2749 750 2810; x_wconf 88' lang='lat' dir='ltr'><strong>Bassianus</strong></span> <span class='ocrx_word' id='word_1_131' title='bbox 789 2746 950 2808; x_wconf 88' lang='lat' dir='ltr'><strong>filius</strong></span> <span class='ocrx_word' id='word_1_132' title='bbox 989 2747 1315 2809; x_wconf 86' lang='lat' dir='ltr'><strong>diceretur.</strong></span> <span class='ocrx_word' id='word_1_133' title='bbox 1406 2749 1517 2809; x_wconf 83' lang='lat' dir='ltr'><strong>fuit</strong></span> <span class='ocrx_word' id='word_1_134' title='bbox 1560 2755 1759 2809; x_wconf 86' lang='lat' dir='ltr'><strong>autem</strong></span> <span class='ocrx_word' id='word_1_135' title='bbox 1800 2744 2174 2824; x_wconf 86' lang='lat' dir='ltr'><strong>Heliogabali</strong></span> <span class='ocrx_word' id='word_1_136' title='bbox 2211 2756 2245 2804; x_wconf 86' lang='lat'>5</span> 
     </span>
     <span class='ocr_line' id='line_1_19' title="bbox 243 2831 2180 2909; baseline -0.002 -16"><span class='ocrx_word' id='word_1_137' title='bbox 243 2833 339 2893; x_wconf 88' lang='lat' dir='ltr'><strong>uel</strong></span> <span class='ocrx_word' id='word_1_138' title='bbox 378 2834 538 2894; x_wconf 90' lang='lat' dir='ltr'><strong>Iouis</strong></span> <span class='ocrx_word' id='word_1_139' title='bbox 579 2832 677 2893; x_wconf 86' lang='lat' dir='ltr'><strong>uel</strong></span> <span class='ocrx_word' id='word_1_140' title='bbox 721 2832 876 2893; x_wconf 88' lang='lat' dir='ltr'><strong>Solis</strong></span> <span class='ocrx_word' id='word_1_141' title='bbox 920 2832 1198 2893; x_wconf 85' lang='lat' dir='ltr'><strong>sacerdos</strong></span> <span class='ocrx_word' id='word_1_142' title='bbox 1241 2838 1423 2909; x_wconf 91' lang='lat' dir='ltr'><strong>atque</strong></span> <span class='ocrx_word' id='word_1_143' title='bbox 1464 2833 1749 2892; x_wconf 83' lang='lat' dir='ltr'><strong>Antonini</strong></span> <span class='ocrx_word' id='word_1_144' title='bbox 1792 2831 1906 2890; x_wconf 90' lang='lat' dir='ltr'><strong>sibi</strong></span> <span class='ocrx_word' id='word_1_145' title='bbox 1956 2849 2180 2891; x_wconf 90' lang='lat' dir='ltr'><strong>nomen</strong></span> 
     </span>
    </p>

    <p class='ocr_par' dir='ltr' id='par_1_6' title="bbox 169 2914 2181 3084">
     <span class='ocr_line' id='line_1_20' title="bbox 169 2914 2181 2995; baseline -0.001 -17"><span class='ocrx_word' id='word_1_146' title='bbox 169 2939 218 2980; x_wconf 84' lang='lat'><strong>20</strong></span> <span class='ocrx_word' id='word_1_147' title='bbox 241 2918 576 2979; x_wconf 84' lang='lat' dir='ltr'><strong>adsciuerat</strong></span> <span class='ocrx_word' id='word_1_148' title='bbox 606 2917 705 2978; x_wconf 90' lang='lat' dir='ltr'><strong>uel</strong></span> <span class='ocrx_word' id='word_1_149' title='bbox 735 2920 800 2977; x_wconf 92' lang='lat' dir='ltr'><strong>in</strong></span> <span class='ocrx_word' id='word_1_150' title='bbox 831 2925 1252 2995; x_wconf 84' lang='lat' dir='ltr'><strong>argumentum</strong></span> <span class='ocrx_word' id='word_1_151' title='bbox 1276 2919 1514 2995; x_wconf 88' lang='lat' dir='ltr'><strong>generis</strong></span> <span class='ocrx_word' id='word_1_152' title='bbox 1546 2915 1641 2976; x_wconf 91' lang='lat' dir='ltr'><strong>uel</strong></span> <span class='ocrx_word' id='word_1_153' title='bbox 1678 2915 1833 2994; x_wconf 90' lang='lat' dir='ltr'><strong>quod</strong></span> <span class='ocrx_word' id='word_1_154' title='bbox 1867 2914 1929 2974; x_wconf 91' lang='lat' dir='ltr'><strong>id</strong></span> <span class='ocrx_word' id='word_1_155' title='bbox 1957 2933 2181 2975; x_wconf 89' lang='lat' dir='ltr'><strong>nomen</strong></span> 
     </span>
     <span class='ocr_line' id='line_1_21' title="bbox 242 3000 2181 3084; baseline -0.002 -21"><span class='ocrx_word' id='word_1_156' title='bbox 242 3020 432 3081; x_wconf 87' lang='lat' dir='ltr'><strong>usque</strong></span> <span class='ocrx_word' id='word_1_157' title='bbox 478 3003 625 3064; x_wconf 90' lang='lat' dir='ltr'><strong>adeo</strong></span> <span class='ocrx_word' id='word_1_158' title='bbox 669 3022 876 3065; x_wconf 89' lang='lat' dir='ltr'><strong>carum</strong></span> <span class='ocrx_word' id='word_1_159' title='bbox 921 3019 1050 3084; x_wconf 68' lang='lat' dir='ltr'><strong>esse</strong></span> <span class='ocrx_word' id='word_1_160' title='bbox 1112 3008 1477 3081; x_wconf 88' lang='lat' dir='ltr'><strong>cognouerat</strong></span> <span class='ocrx_word' id='word_1_161' title='bbox 1518 3000 1824 3078; x_wconf 82' lang='lat' dir='ltr'><strong>gentibuS‚</strong></span> <span class='ocrx_word' id='word_1_162' title='bbox 1888 3007 1955 3060; x_wconf 89' lang='lat' dir='ltr'><strong>ut</strong></span> <span class='ocrx_word' id='word_1_163' title='bbox 1999 3002 2181 3060; x_wconf 85' lang='lat' dir='ltr'><strong>etiam</strong></span> 
     </span>
    </p>
   </div>
   <div class='ocr_carea' id='block_1_3' title="bbox 244 3167 2195 3578">
    <p class='ocr_par' dir='ltr' id='par_1_7' title="bbox 244 3167 2195 3304">
     <span class='ocr_line' id='line_1_22' title="bbox 345 3167 2191 3236; baseline -0.002 -14"><span class='ocrx_word' id='word_1_164' title='bbox 345 3174 372 3222; x_wconf 94' lang='lat'><strong>1</strong></span> <span class='ocrx_word' id='word_1_165' title='bbox 398 3172 601 3236; x_wconf 77' lang='lat' dir='ltr'><strong>incipit</strong></span> <span class='ocrx_word' id='word_1_166' title='bbox 625 3170 736 3222; x_wconf 87' lang='lat' dir='ltr'><strong>aeli</strong></span> <span class='ocrx_word' id='word_1_167' title='bbox 759 3170 1040 3236; x_wconf 85' lang='lat' dir='ltr'><strong>lampridii</strong></span> <span class='ocrx_word' id='word_1_168' title='bbox 1065 3171 1364 3222; x_wconf 80' lang='lat' dir='ltr'><strong>antoninus</strong></span> <span class='ocrx_word' id='word_1_169' title='bbox 1398 3168 1783 3233; x_wconf 82' lang='lat' dir='ltr'><strong>heliogabalus</strong></span> <span class='ocrx_word' id='word_1_170' title='bbox 1820 3167 2063 3218; x_wconf 83' lang='lat' dir='ltr'><strong>feliciter</strong></span> <span class='ocrx_word' id='word_1_171' title='bbox 2084 3167 2191 3218; x_wconf 90' lang='lat' dir='ltr'><strong>BP</strong></span> 
     </span>
     <span class='ocr_line' id='line_1_23' title="bbox 244 3233 2195 3304; baseline -0.003 -14"><span class='ocrx_word' id='word_1_172' title='bbox 244 3237 317 3290; x_wconf 81' lang='lat' dir='ltr'><strong>ad</strong></span> <span class='ocrx_word' id='word_1_173' title='bbox 343 3240 754 3290; x_wconf 85' lang='lat' dir='ltr'><strong>constantinum</strong></span> <span class='ocrx_word' id='word_1_174' title='bbox 778 3255 904 3304; x_wconf 87' lang='lat' dir='ltr'><strong>aug.</strong></span> <span class='ocrx_word' id='word_1_175' title='bbox 931 3241 1051 3290; x_wconf 84' lang='lat' dir='ltr'><strong>add.</strong></span> <span class='ocrx_word' id='word_1_176' title='bbox 1078 3237 1158 3288; x_wconf 56' lang='grc' dir='ltr'><strong>ΡΒ</strong></span> <span class='ocrx_word' id='word_1_177' title='bbox 1249 3243 1281 3289; x_wconf 89' lang='grc'><strong>3</strong></span> <span class='ocrx_word' id='word_1_178' title='bbox 1305 3237 1572 3289; x_wconf 85' lang='lat' dir='ltr'><strong>Antonini</strong></span> <span class='ocrx_word' id='word_1_179' title='bbox 1596 3237 2022 3302; x_wconf 81' lang='lat' dir='ltr'><strong>impurissimam</strong></span> <span class='ocrx_word' id='word_1_180' title='bbox 2044 3233 2195 3286; x_wconf 84' lang='lat' dir='ltr'><strong>P³M</strong></span> 
     </span>
    </p>

    <p class='ocr_par' dir='ltr' id='par_1_8' title="bbox 245 3303 2191 3578">
     <span class='ocr_line' id='line_1_24' title="bbox 343 3303 2185 3372; baseline -0.003 -14"><span class='ocrx_word' id='word_1_181' title='bbox 343 3310 377 3358; x_wconf 88' lang='lat'>4</span> <span class='ocrx_word' id='word_1_182' title='bbox 401 3323 469 3357; x_wconf 88' lang='lat' dir='ltr'><strong>ne</strong></span> <span class='ocrx_word' id='word_1_183' title='bbox 498 3308 592 3372; x_wconf 88' lang='lat' dir='ltr'><strong>qui</strong></span> <span class='ocrx_word' id='word_1_184' title='bbox 615 3305 694 3356; x_wconf 86' lang='lat' dir='ltr'><strong>B¹</strong></span> <span class='ocrx_word' id='word_1_185' title='bbox 843 3310 873 3358; x_wconf 86' lang='grc'><strong>6</strong></span> <span class='ocrx_word' id='word_1_186' title='bbox 901 3323 1023 3358; x_wconf 91' lang='lat' dir='ltr'><strong>cum</strong></span> <span class='ocrx_word' id='word_1_187' title='bbox 1046 3307 1150 3356; x_wconf 88' lang='lat' dir='ltr'><strong>hec</strong></span> <span class='ocrx_word' id='word_1_188' title='bbox 1176 3306 1298 3356; x_wconf 82' lang='lat' dir='ltr'><strong>ead.</strong></span> <span class='ocrx_word' id='word_1_189' title='bbox 1324 3307 1375 3356; x_wconf 91' lang='lat' dir='ltr'><em>B</em></span> <span class='ocrx_word' id='word_1_190' title='bbox 1390 3305 1407 3338; x_wconf 84' lang='lat'><strong>¹</strong></span> <span class='ocrx_word' id='word_1_191' title='bbox 1556 3308 1586 3356; x_wconf 82' lang='lat'><strong>7</strong></span> <span class='ocrx_word' id='word_1_192' title='bbox 1607 3306 1733 3370; x_wconf 68' lang='lat' dir='ltr'><strong>po‘st</strong></span> <span class='ocrx_word' id='word_1_193' title='bbox 1756 3303 2025 3354; x_wconf 84' lang='lat' dir='ltr'><strong>salutaria</strong></span> <span class='ocrx_word' id='word_1_194' title='bbox 2050 3307 2185 3369; x_wconf 71' lang='lat' dir='ltr'><strong>uoly.</strong></span> 
     </span>
     <span class='ocr_line' id='line_1_25' title="bbox 245 3373 2187 3443; baseline -0.002 -20"><span class='ocrx_word' id='word_1_195' title='bbox 245 3376 364 3426; x_wconf 84' lang='lat' dir='ltr'><strong>add.</strong></span> <span class='ocrx_word' id='word_1_196' title='bbox 393 3375 504 3425; x_wconf 88' lang='lat' dir='ltr'><strong>alia</strong></span> <span class='ocrx_word' id='word_1_197' title='bbox 532 3375 811 3443; x_wconf 82' lang='lat' dir='ltr'><strong>contraria</strong></span> <span class='ocrx_word' id='word_1_198' title='bbox 951 3377 983 3424; x_wconf 89' lang='lat'>8</span> <span class='ocrx_word' id='word_1_199' title='bbox 1012 3375 1499 3440; x_wconf 75' lang='lat' dir='ltr'><strong>conpessationem</strong></span> <span class='ocrx_word' id='word_1_200' title='bbox 1520 3373 1573 3421; x_wconf 91' lang='lat' dir='ltr'><em>B</em></span> <span class='ocrx_word' id='word_1_201' title='bbox 1688 3375 1719 3423; x_wconf 88' lang='grc'>9</span> <span class='ocrx_word' id='word_1_202' title='bbox 1744 3375 2053 3439; x_wconf 81' lang='lat' dir='ltr'><strong>Augustum</strong></span> <span class='ocrx_word' id='word_1_203' title='bbox 2076 3373 2187 3422; x_wconf 86' lang='lat' dir='ltr'><strong>Ve-</strong></span> 
     </span>
     <span class='ocr_line' id='line_1_26' title="bbox 249 3437 2191 3506; baseline -0.002 -16"><span class='ocrx_word' id='word_1_204' title='bbox 249 3443 564 3506; x_wconf 86' lang='lat' dir='ltr'><strong>spasianum</strong></span> <span class='ocrx_word' id='word_1_205' title='bbox 589 3444 890 3493; x_wconf 80' lang='lat' dir='ltr'><strong>Traianum</strong></span> <span class='ocrx_word' id='word_1_206' title='bbox 914 3443 1260 3493; x_wconf 83' lang='lat' dir='ltr'><strong>Hadrianum</strong></span> <span class='ocrx_word' id='word_1_207' title='bbox 1287 3442 1448 3492; x_wconf 87' lang='lat' dir='ltr'><strong>Pium</strong></span> <span class='ocrx_word' id='word_1_208' title='bbox 1471 3442 1718 3491; x_wconf 85' lang='lat' dir='ltr'><strong>Marcum</strong></span> <span class='ocrx_word' id='word_1_209' title='bbox 1744 3441 1805 3492; x_wconf 92' lang='lat' dir='ltr'><em>M</em></span> <span class='ocrx_word' id='word_1_210' title='bbox 1934 3442 1995 3491; x_wconf 89' lang='lat'><strong>11</strong></span> <span class='ocrx_word' id='word_1_211' title='bbox 2022 3437 2191 3489; x_wconf 85' lang='lat' dir='ltr'><strong>intel-</strong></span> 
     </span>
     <span class='ocr_line' id='line_1_27' title="bbox 247 3507 1773 3578; baseline 0 -21"><span class='ocrx_word' id='word_1_212' title='bbox 247 3507 458 3574; x_wconf 66' lang='lat' dir='ltr'><strong>legei‘et</strong></span> <span class='ocrx_word' id='word_1_213' title='bbox 483 3511 534 3561; x_wconf 92' lang='lat' dir='ltr'><em>B</em></span> <span class='ocrx_word' id='word_1_214' title='bbox 673 3515 729 3561; x_wconf 90' lang='lat' dir='ltr'><strong>et</strong></span> <span class='ocrx_word' id='word_1_215' title='bbox 757 3511 850 3560; x_wconf 81' lang='lat' dir='ltr'><strong>diu</strong></span> <span class='ocrx_word' id='word_1_216' title='bbox 875 3527 968 3562; x_wconf 88' lang='lat' dir='ltr'><strong>om.</strong></span> <span class='ocrx_word' id='word_1_217' title='bbox 994 3509 1078 3559; x_wconf 85' lang='lat' dir='ltr'><strong>B¹</strong></span> <span class='ocrx_word' id='word_1_218' title='bbox 1221 3511 1287 3578; x_wconf 26' lang='lat'><strong>16·</strong></span> <span class='ocrx_word' id='word_1_219' title='bbox 1310 3515 1646 3573; x_wconf 82' lang='lat' dir='ltr'><strong>acceperant</strong></span> <span class='ocrx_word' id='word_1_220' title='bbox 1672 3509 1773 3557; x_wconf 90' lang='lat' dir='ltr'><strong>BP</strong></span> 
     </span>
    </p>
   </div>
  </div>
 </body>
</html>
