2517 3884
380 185 425 249 4
1070 191 1201 249 IVLI
1246 189 1618 249 CAPITOLINI

388 358 576 421 ost-ruli
605 359 932 438 praecepit,
967 375 1043 419 ne
1075 364 1334 436 utroque
1364 366 1614 438 parente
1646 354 1901 418 barbaro
1933 358 2173 435 genitus
2200 358 2314 416 im-

388 457 627 525 plerat&
659 462 790 505 esse
818 443 1145 505 uideretur.

312 529 356 593 fa*
500 533 572 589 Et
598 532 661 590 in
690 529 883 609 prima
916 528 1153 605 quidem
1183 529 1444 607 pueritia
1475 529 1586 589 fuit
1613 535 1834 608 pastor,
1867 544 2317 605 nonnumquam

392 621 564 677 *filum
594 612 642 694 †
669 621 976 693 procerte,
1022 614 1125 691 qui
1165 613 1500 675 latronibus
1540 612 1928 674 insidiaretur
1970 622 2029 674 et
2071 631 2212 674 suos
2241 612 2319 673 ab

320 713 348 757 f:
392 699 833 761 ins-ursionibus
862 698 1212 760 uindicaret.
1286 699 1479 777 prima
1510 698 1802 778 stipendia
1847 699 2148 776 equestria
2181 697 2322 759 huic
2373 716 2398 757 5

392 789 576 845 inere,
652 790 781 845 erat
826 784 981 844 enim
1029 784 1438 862 magnitudine
1482 785 1754 863 corporis
1785 786 2162 862 conspicuus,
2196 786 2320 844 uir·

392 881 516 929 inte
548 873 702 930 inter
734 886 943 931 omnes
974 867 1189 930 milites
1222 868 1445 937 clarus,
1489 869 1680 930 forma
1720 867 1881 928 uirili
1911 868 2200 937 decoruS,
2232 869 2324 929 fe-

392 977 496 1013 rma
540 954 834 1026 moribuS,
880 972 1057 1033 asper
1101 952 1400 1033 superbus
1442 960 1849 1032 contemptor,
1893 971 2072 1032 saepe
2119 962 2324 1014 tamen

324 1054 352 1097 .·‡·.
392 1046 601 1101 insius.
662 1039 1078 1100 innotescendi
1117 1038 1227 1100 sub
1272 1038 1499 1099 Seuero
1540 1039 1901 1117 imperatore
1945 1039 2143 1117 prima
2173 1037 2325 1098 haec
2488 1004 2491 1095 l

324 1137 348 1185 ·‡
396 1129 492 1185 snit
544 1142 745 1186 causa:
807 1122 987 1185 natali
1030 1123 1241 1195 Getae,
1287 1123 1393 1184 filii
1424 1124 1702 1194 minoriS,
1737 1123 1999 1184 Seuerus
2032 1122 2326 1185 militares
2352 1143 2400 1182 ιο

392 1213 568 1269 ilnlaeat
596 1209 769 1271 ludos
798 1210 1125 1289 propositis
1153 1210 1437 1288 praemiis
1469 1210 1796 1287 argenteis,
1843 1208 1901 1268 id
1934 1214 2028 1268 est
2068 1207 2327 1269 armillis
2486 1149 2491 1255 l

327 1309 356 1353 5
396 1295 699 1373 *sn-quihus
730 1303 790 1357 et
816 1293 1107 1357 balteoliS.
1169 1293 1273 1354 hic
1303 1292 1654 1356 adulescens
1696 1301 1754 1354 et
1785 1292 2233 1354 semibarbarus
2266 1302 2328 1353 et

396 1385 484 1441 nia·
520 1380 714 1442 adhuc
743 1379 985 1440 Latinae
1028 1378 1294 1459 linguae,
1338 1397 1530 1459 prope
1561 1377 1951 1447 Thraecicae,
1994 1379 2325 1457 imperato-

396 1485 520 1525 rmn
564 1463 799 1545 publice
840 1466 1017 1545 petit,
1062 1470 1128 1524 ut
1179 1463 1295 1526 sibi
1347 1464 1517 1525 daret
1563 1462 1863 1525 licentiam
1920 1462 2327 1524 contendendi

324 1561 356 1609 fi
396 1569 528 1609 rum
564 1552 613 1611 is
642 1550 747 1629 qui
776 1550 892 1609 iam
923 1566 1045 1609 non
1075 1548 1367 1610 mediocri
1397 1547 1527 1609 loco
1559 1547 1898 1609 militarent.
1960 1548 2326 1626 magnitudi-
2355 1565 2403 1607 15

396 1653 528 1693 ιἰνιι]
571 1634 839 1713 corporis
882 1633 1144 1695 Seuerus
1196 1635 1446 1694 miratus
1498 1634 1757 1713 primum
1813 1652 1950 1694 eum
1998 1650 2132 1694 cum
2187 1633 2328 1694 lixis
2490 1680 2491 1684 ,

396 1720 738 1797 mnposuit,
771 1716 876 1779 sed
907 1718 1250 1779 fortissimis
1284 1717 1650 1798 quibusque,
1695 1736 1770 1779 ne
1803 1717 2179 1798 disciplinam
2211 1720 2325 1779 mi·
2490 1695 2491 1744 ¹

324 1817 352 1861 τ
396 1805 620 1865 litarem
654 1810 1096 1883 conrumperet.
1156 1811 1301 1865 tunc
1330 1803 1685 1864 Maximinus
1714 1804 1974 1864 sedecim
2022 1802 2170 1865 lixas
2201 1823 2327 1864 uno

396 1889 611 1949 sudore
643 1889 866 1950 deuicit
907 1887 1167 1949 sedecim
1212 1890 1472 1969 acceptis
1501 1888 1785 1968 praemiis
1815 1886 2167 1950 minusculis
2200 1907 2326 1949 non

320 1973 360 2037 3
396 1973 746 2037 militaribus
775 1974 1099 2051 iussusque
1131 1971 1406 2035 militare.
1468 1975 1644 2038 tertia
1685 1973 1840 2034 forte
1881 1973 1974 2033 die
2007 1992 2147 2035 cum
2176 1992 2324 2053 pro·
2352 1993 2404 2032 20
2488 2045 2489 2056 χ

396 2061 679 2121 sumsisset
710 2059 974 2121 Seuerus
1005 2058 1077 2119 ad
1109 2076 1383 2138 campum
1402 2105 1419 2128 ,
1460 2060 1522 2118 in
1551 2057 1724 2120 turba
1757 2058 2118 2119 exultantem
2150 2077 2329 2120 more

398 2145 705 2205 lun-barico
747 2144 1129 2206 Maximinum
1171 2144 1322 2204 uidit
1361 2144 1656 2221 iussitque
1699 2144 1894 2204 statim
1937 2143 2215 2213 tribuno,
2262 2151 2332 2204 ut

328 2245 356 2289 εξ
399 2249 528 2289 rum
564 2229 912 2291 coherceret
940 2248 1008 2291 ac
1038 2228 1364 2290 Romanam
1397 2227 1768 2307 disciplinam
1799 2226 2100 2289 inbueret.
2179 2235 2332 2290 tunc

396 2317 508 2381 illr.
548 2314 647 2374 ubi
679 2314 752 2375 de
786 2333 850 2375 se
877 2313 1171 2375 intellexit
1201 2315 1626 2393 imperatorem
1656 2312 1942 2382 locutum,
1985 2314 2332 2392 suspicatus

400 2397 714 2466 han-barus,
762 2405 821 2459 et
864 2405 1076 2459 notum
1107 2416 1173 2458 se
1205 2416 1337 2458 esse
1366 2399 1624 2477 principi
1654 2406 1712 2459 et
1740 2398 1898 2459 inter
1928 2396 2147 2459 multos
2180 2393 2329 2459 con·
2358 2417 2407 2459 25

328 2497 356 2541 3
396 2485 696 2561 azpissuum,
745 2481 814 2543 ad
857 2482 1043 2562 pedes
1082 2483 1463 2562 imperatoris
1494 2484 1816 2559 equitantis
1846 2484 2116 2544 accessit.
2195 2490 2334 2544 tum

396 2569 603 2629 uniens
646 2566 913 2628 Seuerus
958 2566 1302 2645 explorare,
1353 2575 1608 2643 quantus
1665 2568 1729 2628 in
1783 2567 2080 2629 currendo
2141 2576 2329 2638 esset,

396 2669 611 2729 mptum
644 2650 880 2713 admisit
909 2650 1111 2713 multis
1142 2652 1610 2722 circuitionibus,
1647 2658 1705 2713 et
1735 2670 1868 2712 cum
1903 2670 2085 2713 senex
2127 2654 2329 2732 impe-

392 2749 556 2797 rator
586 2736 946 2806 laborasset,
982 2752 1177 2813 neque
1208 2734 1309 2795 ille
1341 2755 1373 2796 a
1407 2736 1704 2798 currendo
1750 2755 1862 2816 per
1904 2737 2085 2798 multa
2131 2740 2330 2816 spatia

392 2825 675 2892 arsisset,
697 2823 790 2901 ‚ait
822 2824 907 2882 ei:
945 2820 1141 2892 „Quid
1174 2822 1266 2882 uis
1297 2820 1653 2883 Thracisce?
1711 2839 1854 2881 num
1889 2822 2028 2901 quid
2061 2821 2326 2884 delectat
2355 2844 2406 2883 30

392 2909 602 2969 lmtari
629 2914 766 2987 post
797 2906 1123 2969 cursum?“
1155 2914 1280 2967 tum
1312 2906 1657 2978 „Quantum
1689 2905 1852 2975 libet,
1885 2908 2094 2987 iuquit,
2129 2908 2331 2987 impe-

528 3113 548 3157 1
580 3109 728 3161 aculi
751 3110 855 3161 BP
874 3126 989 3162 exc.
1093 3115 1294 3176 utroqa
1320 3111 1370 3160 P
1389 3118 1426 3163 t.
1449 3111 1600 3162 Iord.
1690 3112 1722 3161 3
1745 3125 1986 3160 nonnum
2011 3109 2183 3160 etiam
2205 3108 2344 3161 B¹P

392 3197 504 3229 rurs„
642 3181 677 3228 4
700 3179 871 3229 etiam
902 3195 996 3229 om.
1022 3179 1088 3229 M
1219 3184 1476 3244 proce-rto
1509 3181 1638 3231 coni.
1677 3176 1719 3227 S
1765 3178 1934 3228 etiam
1967 3179 2135 3239 latr0‚
2174 3185 2336 3229 certe

396 3249 456 3293 Ε
456 3248 747 3309 κᾛὲηὴανιίέ
856 3248 888 3297 6
914 3248 1174 3313 conspius
1196 3246 1274 3297 P1
1398 3250 1461 3299 10
1485 3246 1673 3298 natale
1698 3262 1813 3296 exc.
1935 3246 2151 3297 timoris
2174 3245 2227 3296 B

400 3321 452 3361 13
484 3313 764 3425 t'hraecica
786 3314 893 3366 BP
918 3315 1133 3366 threica
1158 3316 1226 3366 M
1250 3314 1569 3366 thraecicae
1595 3330 1710 3365 exc.
1826 3316 1889 3365 15
1913 3314 2000 3364 his
2023 3312 2127 3363 BP
2271 3316 2337 3366 17

392 3401 440 3445 ψ
448 3385 500 3429 ιίΙ
512 3397 589 3432 uns
613 3398 716 3433 nec
739 3383 844 3433 BP
863 3400 984 3440 eoee
1007 3385 1067 3434 M
1207 3386 1271 3435 19
1295 3382 1635 3433 munusculis
1658 3380 1708 3431 B
1856 3384 1924 3433 20
1947 3397 2057 3432 non
2082 3380 2335 3432 militare

425 3494 426 3497 ,
432 3469 475 3501 -4
500 3493 504 3497 .
644 3452 749 3503 25
734 3469 792 3502 m
816 3451 1018 3503 multos
1040 3469 1159 3506 exc.
1299 3453 1364 3502 29
1391 3452 1582 3516 spacia
1609 3449 1773 3500 BPM
1904 3452 1971 3500 30
1997 3448 2254 3500 dedisset
2281 3451 2338 3501 B

528 3518 608 3569 eis
633 3518 756 3569 BP¹
786 3519 835 3584 (s
859 3536 995 3574 eras,
1002 3519 1019 3583 )
1045 3519 1183 3572 θεαί
