<?xml version="1.0" encoding="UTF-8"?>
<!DOCTYPE html PUBLIC "-//W3C//DTD XHTML 1.0 Transitional//EN"
    "http://www.w3.org/TR/xhtml1/DTD/xhtml1-transitional.dtd">
<html xmlns="http://www.w3.org/1999/xhtml" xml:lang="en" lang="en">
 <head>
  <title>
</title>
<meta http-equiv="Content-Type" content="text/html;charset=utf-8" />
  <meta name='ocr-system' content='tesseract 3.04.00' />
  <meta name='ocr-capabilities' content='ocr_page ocr_carea ocr_par ocr_line ocrx_word'/>
</head>
<body>
  <div class='ocr_page' id='page_1' title='image "./scriptoreshisto02petegoog_0196.png"; bbox 0 0 2517 3884; ppageno 0'>
   <div class='ocr_carea' id='block_1_1' title="bbox 967 98 978 125">
    <p class='ocr_par' dir='ltr' id='par_1_1' title="bbox 967 98 978 125">
     <span class='ocr_line' id='line_1_1' title="bbox 967 98 978 125; baseline 0 0"><span class='ocrx_word' id='word_1_1' title='bbox 967 98 978 125; x_wconf 80' lang='lat' dir='ltr'><strong>l</strong></span> 
     </span>
    </p>
   </div>
   <div class='ocr_carea' id='block_1_2' title="bbox 703 195 2152 261">
    <p class='ocr_par' dir='ltr' id='par_1_2' title="bbox 703 195 2152 261">
     <span class='ocr_line' id='line_1_2' title="bbox 703 195 2152 261; baseline 0.006 -8"><span class='ocrx_word' id='word_1_2' title='bbox 703 196 973 253; x_wconf 85' lang='lat' dir='ltr'>CLODIVS</span> <span class='ocrx_word' id='word_1_3' title='bbox 1014 197 1310 255; x_wconf 78' lang='lat' dir='ltr'><strong>ALBnWS.</strong></span> <span class='ocrx_word' id='word_1_4' title='bbox 1398 199 1455 256; x_wconf 89' lang='lat' dir='ltr'><strong>C.</strong></span> <span class='ocrx_word' id='word_1_5' title='bbox 1484 202 1659 260; x_wconf 82' lang='lat'><strong>5—8.</strong></span> <span class='ocrx_word' id='word_1_6' title='bbox 2028 195 2152 261; x_wconf 83' lang='lat'><strong>159</strong></span> 
     </span>
    </p>
   </div>
   <div class='ocr_carea' id='block_1_3' title="bbox 139 360 2238 2994">
    <p class='ocr_par' dir='ltr' id='par_1_3' title="bbox 213 360 2233 700">
     <span class='ocr_line' id='line_1_3' title="bbox 215 360 2148 443; baseline 0.004 -22"><span class='ocrx_word' id='word_1_7' title='bbox 215 360 374 441; x_wconf 84' lang='lat' dir='ltr'><strong>plius</strong></span> <span class='ocrx_word' id='word_1_8' title='bbox 407 378 582 438; x_wconf 90' lang='lat' dir='ltr'><strong>quam</strong></span> <span class='ocrx_word' id='word_1_9' title='bbox 615 361 823 424; x_wconf 92' lang='lat' dir='ltr'><strong>decem</strong></span> <span class='ocrx_word' id='word_1_10' title='bbox 855 363 1065 425; x_wconf 80' lang='lat' dir='ltr'><strong>diebus</strong></span> <span class='ocrx_word' id='word_1_11' title='bbox 1096 365 1236 435; x_wconf 89' lang='lat' dir='ltr'><strong>fuit,</strong></span> <span class='ocrx_word' id='word_1_12' title='bbox 1272 366 1435 443; x_wconf 74' lang='lat' dir='ltr'><strong>quod</strong></span> <span class='ocrx_word' id='word_1_13' title='bbox 1467 365 1540 426; x_wconf 90' lang='lat' dir='ltr'><strong>ad</strong></span> <span class='ocrx_word' id='word_1_14' title='bbox 1574 368 1902 429; x_wconf 87' lang='lat' dir='ltr'><strong>exercitum</strong></span> <span class='ocrx_word' id='word_1_15' title='bbox 1932 369 2148 429; x_wconf 79' lang='lat' dir='ltr'><strong>festino</strong></span> 
     </span>
     <span class='ocr_line' id='line_1_4' title="bbox 213 446 2231 529; baseline 0.004 -23"><span class='ocrx_word' id='word_1_16' title='bbox 213 448 573 507; x_wconf 77' lang='lat' dir='ltr'><strong>mitteretur.</strong></span> <span class='ocrx_word' id='word_1_17' title='bbox 625 446 763 508; x_wconf 89' lang='lat' dir='ltr'><strong>dein</strong></span> <span class='ocrx_word' id='word_1_18' title='bbox 793 456 1139 527; x_wconf 89' lang='lat' dir='ltr'><strong>praeturam</strong></span> <span class='ocrx_word' id='word_1_19' title='bbox 1171 452 1293 529; x_wconf 88' lang='lat' dir='ltr'><strong>egit</strong></span> <span class='ocrx_word' id='word_1_20' title='bbox 1324 450 1435 512; x_wconf 87' lang='lat' dir='ltr'><strong>sub</strong></span> <span class='ocrx_word' id='word_1_21' title='bbox 1468 450 1793 513; x_wconf 89' lang='lat' dir='ltr'><strong>Commodo</strong></span> <span class='ocrx_word' id='word_1_22' title='bbox 1825 453 2147 515; x_wconf 88' lang='lat' dir='ltr'><strong>famosissi-</strong></span> <span class='ocrx_word' id='word_1_23' title='bbox 2186 466 2231 514; x_wconf 76' lang='grc' dir='ltr'><strong>’Τ</strong></span> 
     </span>
     <span class='ocr_line' id='line_1_5' title="bbox 215 533 2148 599; baseline 0.004 -8"><span class='ocrx_word' id='word_1_24' title='bbox 215 550 393 592; x_wconf 87' lang='lat' dir='ltr'><strong>mam.</strong></span> <span class='ocrx_word' id='word_1_25' title='bbox 479 550 618 593; x_wconf 89' lang='lat' dir='ltr'><strong>nam</strong></span> <span class='ocrx_word' id='word_1_26' title='bbox 662 534 933 594; x_wconf 89' lang='lat' dir='ltr'><strong>eiusdem</strong></span> <span class='ocrx_word' id='word_1_27' title='bbox 981 533 1136 595; x_wconf 90' lang='lat' dir='ltr'><strong>ludis</strong></span> <span class='ocrx_word' id='word_1_28' title='bbox 1179 535 1540 598; x_wconf 87' lang='lat' dir='ltr'>Commodus</span> <span class='ocrx_word' id='word_1_29' title='bbox 1586 544 1645 597; x_wconf 91' lang='lat' dir='ltr'><strong>et</strong></span> <span class='ocrx_word' id='word_1_30' title='bbox 1694 538 1755 597; x_wconf 90' lang='lat' dir='ltr'><strong>in</strong></span> <span class='ocrx_word' id='word_1_31' title='bbox 1799 537 1931 599; x_wconf 87' lang='lat' dir='ltr'><strong>foro</strong></span> <span class='ocrx_word' id='word_1_32' title='bbox 1986 544 2046 597; x_wconf 91' lang='lat' dir='ltr'><strong>et</strong></span> <span class='ocrx_word' id='word_1_33' title='bbox 2084 540 2148 599; x_wconf 91' lang='lat' dir='ltr'><strong>in</strong></span> 
     </span>
     <span class='ocr_line' id='line_1_6' title="bbox 215 614 2233 700; baseline 0.003 -24"><span class='ocrx_word' id='word_1_34' title='bbox 215 614 448 677; x_wconf 84' lang='lat' dir='ltr'><strong>theatro</strong></span> <span class='ocrx_word' id='word_1_35' title='bbox 492 634 723 697; x_wconf 86' lang='lat' dir='ltr'><strong>pugnas</strong></span> <span class='ocrx_word' id='word_1_36' title='bbox 767 618 1109 681; x_wconf 81' lang='lat' dir='ltr'><strong>exhibuisse</strong></span> <span class='ocrx_word' id='word_1_37' title='bbox 1153 620 1526 700; x_wconf 89' lang='lat' dir='ltr'><strong>perhibetur.</strong></span> <span class='ocrx_word' id='word_1_38' title='bbox 1602 622 1810 683; x_wconf 84' lang='lat' dir='ltr'><strong>consul</strong></span> <span class='ocrx_word' id='word_1_39' title='bbox 1853 641 1887 684; x_wconf 89' lang='lat' dir='ltr'><strong>a</strong></span> <span class='ocrx_word' id='word_1_40' title='bbox 1918 622 2145 684; x_wconf 90' lang='lat' dir='ltr'><strong>Seuero</strong></span> <span class='ocrx_word' id='word_1_41' title='bbox 2183 635 2233 683; x_wconf 84' lang='lat'><strong>8·</strong></span> 
     </span>
    </p>

    <p class='ocr_par' dir='ltr' id='par_1_4' title="bbox 163 702 2146 867">
     <span class='ocr_line' id='line_1_7' title="bbox 163 702 2146 787; baseline 0.003 -24"><span class='ocrx_word' id='word_1_42' title='bbox 163 716 188 755; x_wconf 84' lang='lat'>⁵</span> <span class='ocrx_word' id='word_1_43' title='bbox 214 702 553 764; x_wconf 88' lang='lat' dir='ltr'><strong>declaratus</strong></span> <span class='ocrx_word' id='word_1_44' title='bbox 585 710 676 763; x_wconf 90' lang='lat' dir='ltr'><strong>est</strong></span> <span class='ocrx_word' id='word_1_45' title='bbox 707 722 778 764; x_wconf 91' lang='lat' dir='ltr'><strong>eo</strong></span> <span class='ocrx_word' id='word_1_46' title='bbox 810 711 1088 784; x_wconf 88' lang='lat' dir='ltr'><strong>tempore</strong></span> <span class='ocrx_word' id='word_1_47' title='bbox 1122 705 1439 783; x_wconf 24' lang='lat' dir='ltr'><strong>quo-,illum</strong></span> <span class='ocrx_word' id='word_1_48' title='bbox 1470 707 1584 768; x_wconf 86' lang='lat' dir='ltr'><strong>sibi</strong></span> <span class='ocrx_word' id='word_1_49' title='bbox 1613 715 1932 787; x_wconf 86' lang='lat' dir='ltr'><strong>parauerat</strong></span> <span class='ocrx_word' id='word_1_50' title='bbox 1956 717 2015 769; x_wconf 83' lang='lat' dir='ltr'><strong>et</strong></span> <span class='ocrx_word' id='word_1_51' title='bbox 2036 708 2146 769; x_wconf 90' lang='lat' dir='ltr'><strong>Pe-</strong></span> 
     </span>
     <span class='ocr_line' id='line_1_8' title="bbox 213 787 908 867; baseline 0.004 -20"><span class='ocrx_word' id='word_1_52' title='bbox 213 789 527 848; x_wconf 90' lang='lat' dir='ltr'><strong>scennium</strong></span> <span class='ocrx_word' id='word_1_53' title='bbox 562 787 908 867; x_wconf 87' lang='lat' dir='ltr'><strong>subrogare.</strong></span> 
     </span>
    </p>

    <p class='ocr_par' dir='ltr' id='par_1_5' title="bbox 208 872 2237 1125">
     <span class='ocr_line' id='line_1_9' title="bbox 336 872 2237 954; baseline 0.003 -22"><span class='ocrx_word' id='word_1_54' title='bbox 336 872 426 933; x_wconf 88' lang='lat' dir='ltr'><strong>Ad</strong></span> <span class='ocrx_word' id='word_1_55' title='bbox 459 875 781 952; x_wconf 88' lang='lat' dir='ltr'><strong>imperium</strong></span> <span class='ocrx_word' id='word_1_56' title='bbox 812 876 978 935; x_wconf 87' lang='lat' dir='ltr'><strong>uenit</strong></span> <span class='ocrx_word' id='word_1_57' title='bbox 1021 881 1166 936; x_wconf 86' lang='lat' dir='ltr'><strong>natu</strong></span> <span class='ocrx_word' id='word_1_58' title='bbox 1207 877 1325 936; x_wconf 90' lang='lat' dir='ltr'><strong>iam</strong></span> <span class='ocrx_word' id='word_1_59' title='bbox 1370 876 1657 954; x_wconf 78' lang='lat' dir='ltr'><strong>grandior</strong></span> <span class='ocrx_word' id='word_1_60' title='bbox 1706 884 1765 937; x_wconf 91' lang='lat' dir='ltr'><strong>et</strong></span> <span class='ocrx_word' id='word_1_61' title='bbox 1806 878 1997 938; x_wconf 90' lang='lat' dir='ltr'><strong>maior</strong></span> <span class='ocrx_word' id='word_1_62' title='bbox 2039 877 2150 938; x_wconf 88' lang='lat' dir='ltr'><strong>Pe·</strong></span> <span class='ocrx_word' id='word_1_63' title='bbox 2184 874 2221 937; x_wconf 85' lang='lat'><strong>7</strong></span> <span class='ocrx_word' id='word_1_64' title='bbox 2230 875 2237 879; x_wconf 68' lang='grc'>’</span> 
     </span>
     <span class='ocr_line' id='line_1_10' title="bbox 209 958 2233 1040; baseline 0.002 -23"><span class='ocrx_word' id='word_1_65' title='bbox 209 959 460 1018; x_wconf 88' lang='lat' dir='ltr'><strong>scennio</strong></span> <span class='ocrx_word' id='word_1_66' title='bbox 490 958 693 1036; x_wconf 90' lang='lat' dir='ltr'><strong>Nigro,</strong></span> <span class='ocrx_word' id='word_1_67' title='bbox 729 965 796 1019; x_wconf 92' lang='lat' dir='ltr'><strong>ut</strong></span> <span class='ocrx_word' id='word_1_68' title='bbox 827 958 1092 1021; x_wconf 90' lang='lat' dir='ltr'><strong>Seuerus</strong></span> <span class='ocrx_word' id='word_1_69' title='bbox 1121 962 1250 1040; x_wconf 88' lang='lat' dir='ltr'><strong>ipse</strong></span> <span class='ocrx_word' id='word_1_70' title='bbox 1282 962 1344 1020; x_wconf 92' lang='lat' dir='ltr'><strong>in</strong></span> <span class='ocrx_word' id='word_1_71' title='bbox 1376 963 1497 1021; x_wconf 88' lang='lat' dir='ltr'><strong>uita</strong></span> <span class='ocrx_word' id='word_1_72' title='bbox 1530 980 1633 1022; x_wconf 90' lang='lat' dir='ltr'><strong>sua</strong></span> <span class='ocrx_word' id='word_1_73' title='bbox 1677 962 1961 1039; x_wconf 90' lang='lat' dir='ltr'><strong>loquitur.</strong></span> <span class='ocrx_word' id='word_1_74' title='bbox 2043 962 2149 1023; x_wconf 90' lang='lat' dir='ltr'><strong>sed</strong></span> <span class='ocrx_word' id='word_1_75' title='bbox 2185 974 2233 1021; x_wconf 85' lang='lat'><strong>2:</strong></span> 
     </span>
     <span class='ocr_line' id='line_1_11' title="bbox 208 1042 2155 1125; baseline 0.001 -22"><span class='ocrx_word' id='word_1_76' title='bbox 208 1045 371 1104; x_wconf 88' lang='lat' dir='ltr'><strong>uicto</strong></span> <span class='ocrx_word' id='word_1_77' title='bbox 402 1042 763 1113; x_wconf 91' lang='lat' dir='ltr'><strong>Pescennio,</strong></span> <span class='ocrx_word' id='word_1_78' title='bbox 812 1053 948 1106; x_wconf 88' lang='lat' dir='ltr'><strong>cu&#39;m</strong></span> <span class='ocrx_word' id='word_1_79' title='bbox 994 1052 1051 1105; x_wconf 93' lang='lat' dir='ltr'><strong>et</strong></span> <span class='ocrx_word' id='word_1_80' title='bbox 1083 1043 1219 1106; x_wconf 87' lang='lat' dir='ltr'><strong>filiis</strong></span> <span class='ocrx_word' id='word_1_81' title='bbox 1249 1046 1376 1107; x_wconf 90' lang='lat' dir='ltr'><strong>suis</strong></span> <span class='ocrx_word' id='word_1_82' title='bbox 1406 1048 1727 1125; x_wconf 89' lang='lat' dir='ltr'><strong>imperium</strong></span> <span class='ocrx_word' id='word_1_83' title='bbox 1762 1066 2007 1108; x_wconf 91' lang='lat' dir='ltr'><strong>seruare</strong></span> <span class='ocrx_word' id='word_1_84' title='bbox 2041 1065 2155 1108; x_wconf 54' lang='lat' dir='ltr'><strong>cus</strong></span> 
     </span>
    </p>

    <p class='ocr_par' dir='ltr' id='par_1_6' title="bbox 139 1129 2148 1551">
     <span class='ocr_line' id='line_1_12' title="bbox 139 1129 2145 1208; baseline 0.002 -20"><span class='ocrx_word' id='word_1_85' title='bbox 139 1140 185 1180; x_wconf 85' lang='lat'><strong>1⁰</strong></span> <span class='ocrx_word' id='word_1_86' title='bbox 209 1135 387 1208; x_wconf 88' lang='lat' dir='ltr'><strong>peret</strong></span> <span class='ocrx_word' id='word_1_87' title='bbox 429 1134 489 1188; x_wconf 90' lang='lat' dir='ltr'><strong>et</strong></span> <span class='ocrx_word' id='word_1_88' title='bbox 528 1129 832 1206; x_wconf 87' lang='lat' dir='ltr'><strong>ingentem</strong></span> <span class='ocrx_word' id='word_1_89' title='bbox 874 1137 1115 1191; x_wconf 89' lang='lat' dir='ltr'><strong>senatus</strong></span> <span class='ocrx_word' id='word_1_90' title='bbox 1158 1148 1425 1191; x_wconf 88' lang='lat' dir='ltr'><strong>amorem</strong></span> <span class='ocrx_word' id='word_1_91' title='bbox 1468 1132 1626 1191; x_wconf 88' lang='lat' dir='ltr'><strong>circa</strong></span> <span class='ocrx_word' id='word_1_92' title='bbox 1670 1130 1944 1193; x_wconf 85' lang='lat' dir='ltr'><strong>Clodium</strong></span> <span class='ocrx_word' id='word_1_93' title='bbox 1984 1131 2145 1193; x_wconf 86' lang='lat' dir='ltr'><strong>Albi-</strong></span> 
     </span>
     <span class='ocr_line' id='line_1_13' title="bbox 207 1212 2148 1291; baseline 0.002 -18"><span class='ocrx_word' id='word_1_94' title='bbox 207 1231 354 1274; x_wconf 90' lang='lat' dir='ltr'><strong>num</strong></span> <span class='ocrx_word' id='word_1_95' title='bbox 387 1212 639 1282; x_wconf 89' lang='lat' dir='ltr'><strong>uideret,</strong></span> <span class='ocrx_word' id='word_1_96' title='bbox 675 1212 834 1289; x_wconf 87' lang='lat' dir='ltr'><strong>quod</strong></span> <span class='ocrx_word' id='word_1_97' title='bbox 868 1223 1026 1274; x_wconf 88' lang='lat' dir='ltr'><strong>esset</strong></span> <span class='ocrx_word' id='word_1_98' title='bbox 1057 1216 1152 1275; x_wconf 88' lang='lat' dir='ltr'><strong>uir</strong></span> <span class='ocrx_word' id='word_1_99' title='bbox 1183 1218 1465 1291; x_wconf 88' lang='lat' dir='ltr'><strong>antiquae</strong></span> <span class='ocrx_word' id='word_1_100' title='bbox 1495 1214 1781 1285; x_wconf 85' lang='lat' dir='ltr'><strong>familiae,</strong></span> <span class='ocrx_word' id='word_1_101' title='bbox 1815 1216 2043 1278; x_wconf 81' lang='lat' dir='ltr'><strong>litteras</strong></span> <span class='ocrx_word' id='word_1_102' title='bbox 2075 1216 2148 1277; x_wconf 90' lang='lat' dir='ltr'><strong>ad</strong></span> 
     </span>
     <span class='ocr_line' id='line_1_14' title="bbox 209 1297 2148 1377; baseline 0.001 -18"><span class='ocrx_word' id='word_1_103' title='bbox 209 1317 349 1359; x_wconf 91' lang='lat' dir='ltr'><strong>eum</strong></span> <span class='ocrx_word' id='word_1_104' title='bbox 391 1309 503 1377; x_wconf 85' lang='lat' dir='ltr'><strong>per</strong></span> <span class='ocrx_word' id='word_1_105' title='bbox 533 1297 818 1375; x_wconf 83' lang='lat' dir='ltr'><strong>quosdam</strong></span> <span class='ocrx_word' id='word_1_106' title='bbox 863 1302 1081 1359; x_wconf 91' lang='lat' dir='ltr'><strong>summi</strong></span> <span class='ocrx_word' id='word_1_107' title='bbox 1112 1302 1334 1360; x_wconf 90' lang='lat' dir='ltr'><strong>amoris</strong></span> <span class='ocrx_word' id='word_1_108' title='bbox 1377 1320 1445 1361; x_wconf 91' lang='lat' dir='ltr'><strong>ac</strong></span> <span class='ocrx_word' id='word_1_109' title='bbox 1489 1319 1753 1361; x_wconf 92' lang='lat' dir='ltr'><strong>summae</strong></span> <span class='ocrx_word' id='word_1_110' title='bbox 1796 1301 2148 1361; x_wconf 77' lang='lat' dir='ltr'><strong>adfectionis</strong></span> 
     </span>
     <span class='ocr_line' id='line_1_15' title="bbox 207 1383 2146 1462; baseline 0.002 -20"><span class='ocrx_word' id='word_1_111' title='bbox 207 1385 399 1452; x_wconf 79' lang='lat' dir='ltr'><strong>misit,</strong></span> <span class='ocrx_word' id='word_1_112' title='bbox 435 1383 653 1460; x_wconf 88' lang='lat' dir='ltr'><strong>quihus</strong></span> <span class='ocrx_word' id='word_1_113' title='bbox 676 1383 1066 1454; x_wconf 82' lang='lat' dir='ltr'><strong>hortabatur,</strong></span> <span class='ocrx_word' id='word_1_114' title='bbox 1099 1393 1198 1459; x_wconf 81' lang='lat' dir='ltr'><strong>ut,</strong></span> <span class='ocrx_word' id='word_1_115' title='bbox 1244 1387 1525 1462; x_wconf 86' lang='lat' dir='ltr'><strong>quoniam</strong></span> <span class='ocrx_word' id='word_1_116' title='bbox 1572 1387 1806 1447; x_wconf 91' lang='lat' dir='ltr'><strong>occisus</strong></span> <span class='ocrx_word' id='word_1_117' title='bbox 1852 1393 2006 1447; x_wconf 88' lang='lat' dir='ltr'><strong>esset</strong></span> <span class='ocrx_word' id='word_1_118' title='bbox 2036 1385 2146 1446; x_wconf 91' lang='lat' dir='ltr'><strong>Pe-</strong></span> 
     </span>
     <span class='ocr_line' id='line_1_16' title="bbox 207 1465 2141 1551; baseline 0.001 -23"><span class='ocrx_word' id='word_1_119' title='bbox 207 1469 487 1529; x_wconf 67' lang='lat' dir='ltr'><strong>scenniu⁹</strong></span> <span class='ocrx_word' id='word_1_120' title='bbox 530 1465 744 1547; x_wconf 82' lang='lat' dir='ltr'><strong>Niger,</strong></span> <span class='ocrx_word' id='word_1_121' title='bbox 791 1470 922 1548; x_wconf 89' lang='lat' dir='ltr'><strong>ipse</strong></span> <span class='ocrx_word' id='word_1_122' title='bbox 977 1487 1114 1530; x_wconf 89' lang='lat' dir='ltr'><strong>cum</strong></span> <span class='ocrx_word' id='word_1_123' title='bbox 1175 1488 1246 1530; x_wconf 91' lang='lat' dir='ltr'><strong>eo</strong></span> <span class='ocrx_word' id='word_1_124' title='bbox 1314 1469 1569 1531; x_wconf 90' lang='lat' dir='ltr'><strong>fideliter</strong></span> <span class='ocrx_word' id='word_1_125' title='bbox 1621 1488 1751 1531; x_wconf 88' lang='lat' dir='ltr'><strong>rem</strong></span> <span class='ocrx_word' id='word_1_126' title='bbox 1787 1490 1846 1551; x_wconf 91' lang='lat' dir='ltr'><strong>p.</strong></span> <span class='ocrx_word' id='word_1_127' title='bbox 1881 1476 2141 1549; x_wconf 87' lang='lat' dir='ltr'><strong>regeret</strong></span> 
     </span>
    </p>

    <p class='ocr_par' dir='ltr' id='par_1_7' title="bbox 139 1553 2232 1975">
     <span class='ocr_line' id='line_1_17' title="bbox 139 1553 2232 1635; baseline 0 -20"><span class='ocrx_word' id='word_1_128' title='bbox 139 1566 185 1605; x_wconf 80' lang='lat'><strong>15</strong></span> <span class='ocrx_word' id='word_1_129' title='bbox 210 1571 470 1632; x_wconf 76' lang='lat' dir='ltr'><strong>quarum</strong></span> <span class='ocrx_word' id='word_1_130' title='bbox 499 1554 836 1633; x_wconf 86' lang='lat' dir='ltr'><strong>exemplum</strong></span> <span class='ocrx_word' id='word_1_131' title='bbox 866 1553 980 1615; x_wconf 92' lang='lat' dir='ltr'><strong>hoc</strong></span> <span class='ocrx_word' id='word_1_132' title='bbox 1013 1572 1146 1615; x_wconf 87' lang='lat' dir='ltr'><strong>esse</strong></span> <span class='ocrx_word' id='word_1_133' title='bbox 1179 1554 1407 1617; x_wconf 89' lang='lat' dir='ltr'><strong>Cordus</strong></span> <span class='ocrx_word' id='word_1_134' title='bbox 1441 1555 1727 1617; x_wconf 86' lang='lat' dir='ltr'><strong>ostendit.</strong></span> <span class='ocrx_word' id='word_1_135' title='bbox 1772 1556 2146 1635; x_wconf 85' lang='lat' dir='ltr'><strong>„Imperator</strong></span> <span class='ocrx_word' id='word_1_136' title='bbox 2182 1567 2232 1615; x_wconf 84' lang='lat'><strong>3-</strong></span> 
     </span>
     <span class='ocr_line' id='line_1_18' title="bbox 211 1624 2144 1717; baseline 0.001 -18"><span class='ocrx_word' id='word_1_137' title='bbox 211 1640 475 1700; x_wconf 90' lang='lat' dir='ltr'><strong>Seuerus</strong></span> <span class='ocrx_word' id='word_1_138' title='bbox 504 1641 806 1717; x_wconf 88' lang='lat' dir='ltr'><strong>Augustus</strong></span> <span class='ocrx_word' id='word_1_139' title='bbox 849 1624 1052 1700; x_wconf 89' lang='lat' dir='ltr'><strong>Clodio</strong></span> <span class='ocrx_word' id='word_1_140' title='bbox 1081 1636 1296 1701; x_wconf 79' lang='lat' dir='ltr'><strong>Albino</strong></span> <span class='ocrx_word' id='word_1_141' title='bbox 1341 1640 1609 1711; x_wconf 81' lang='lat' dir='ltr'><strong>Caesari,</strong></span> <span class='ocrx_word' id='word_1_142' title='bbox 1653 1642 1827 1701; x_wconf 83' lang='lat' dir='ltr'><strong>fratri</strong></span> <span class='ocrx_word' id='word_1_143' title='bbox 1869 1642 2144 1701; x_wconf 88' lang='lat' dir='ltr'><strong>amantis-</strong></span> 
     </span>
     <span class='ocr_line' id='line_1_19' title="bbox 210 1723 2215 1794; baseline 0 -9"><span class='ocrx_word' id='word_1_144' title='bbox 210 1726 359 1785; x_wconf 90' lang='lat' dir='ltr'><strong>simo</strong></span> <span class='ocrx_word' id='word_1_145' title='bbox 395 1731 453 1783; x_wconf 91' lang='lat' dir='ltr'><strong>et</strong></span> <span class='ocrx_word' id='word_1_146' title='bbox 484 1723 1048 1794; x_wconf 89' lang='lat' dir='ltr'><strong>desiderantissimo,</strong></span> <span class='ocrx_word' id='word_1_147' title='bbox 1084 1724 1355 1786; x_wconf 90' lang='lat' dir='ltr'><strong>salutem.</strong></span> <span class='ocrx_word' id='word_1_148' title='bbox 1420 1726 1589 1787; x_wconf 91' lang='lat' dir='ltr'><strong>Victo</strong></span> <span class='ocrx_word' id='word_1_149' title='bbox 1620 1726 1953 1787; x_wconf 87' lang='lat' dir='ltr'><strong>Pescennio</strong></span> <span class='ocrx_word' id='word_1_150' title='bbox 1984 1724 2144 1786; x_wconf 90' lang='lat' dir='ltr'><strong>litte·</strong></span> <span class='ocrx_word' id='word_1_151' title='bbox 2180 1738 2215 1785; x_wconf 87' lang='lat'>4</span> 
     </span>
     <span class='ocr_line' id='line_1_20' title="bbox 210 1808 2143 1885; baseline -0.001 -14"><span class='ocrx_word' id='word_1_152' title='bbox 210 1828 307 1871; x_wconf 92' lang='lat' dir='ltr'><strong>ras</strong></span> <span class='ocrx_word' id='word_1_153' title='bbox 348 1809 598 1870; x_wconf 88' lang='lat' dir='ltr'><strong>Romam</strong></span> <span class='ocrx_word' id='word_1_154' title='bbox 642 1808 943 1880; x_wconf 89' lang='lat' dir='ltr'><strong>dedimus,</strong></span> <span class='ocrx_word' id='word_1_155' title='bbox 990 1827 1135 1885; x_wconf 90' lang='lat' dir='ltr'><strong>quas</strong></span> <span class='ocrx_word' id='word_1_156' title='bbox 1178 1816 1420 1871; x_wconf 86' lang='lat' dir='ltr'><strong>senatus</strong></span> <span class='ocrx_word' id='word_1_157' title='bbox 1462 1812 1548 1871; x_wconf 90' lang='lat' dir='ltr'><strong>tui</strong></span> <span class='ocrx_word' id='word_1_158' title='bbox 1593 1812 2033 1872; x_wconf 87' lang='lat' dir='ltr'><strong>amantissimus</strong></span> <span class='ocrx_word' id='word_1_159' title='bbox 2072 1809 2143 1869; x_wconf 93' lang='lat' dir='ltr'><strong>li-</strong></span> 
     </span>
     <span class='ocr_line' id='line_1_21' title="bbox 210 1887 2144 1983; baseline 0 -29"><span class='ocrx_word' id='word_1_160' title='bbox 210 1891 424 1956; x_wconf 84' lang='lat' dir='ltr'><strong>benter</strong></span> <span class='ocrx_word' id='word_1_161' title='bbox 456 1887 704 1983; x_wconf 83' lang='lat' dir='ltr'><strong>accepit.</strong></span> <span class='ocrx_word' id='word_1_162' title='bbox 767 1902 826 1955; x_wconf 94' lang='lat' dir='ltr'><strong>te</strong></span> <span class='ocrx_word' id='word_1_163' title='bbox 858 1912 1098 1973; x_wconf 88' lang='lat' dir='ltr'><strong>quaeso,</strong></span> <span class='ocrx_word' id='word_1_164' title='bbox 1137 1902 1205 1955; x_wconf 90' lang='lat' dir='ltr'><strong>ut</strong></span> <span class='ocrx_word' id='word_1_165' title='bbox 1235 1914 1307 1955; x_wconf 91' lang='lat' dir='ltr'><strong>eo</strong></span> <span class='ocrx_word' id='word_1_166' title='bbox 1339 1897 1537 1957; x_wconf 91' lang='lat' dir='ltr'><strong>animo</strong></span> <span class='ocrx_word' id='word_1_167' title='bbox 1568 1914 1699 1957; x_wconf 89' lang='lat' dir='ltr'><strong>rem</strong></span> <span class='ocrx_word' id='word_1_168' title='bbox 1724 1914 1783 1975; x_wconf 78' lang='lat' dir='ltr'><strong>p,</strong></span> <span class='ocrx_word' id='word_1_169' title='bbox 1818 1912 2002 1973; x_wconf 86' lang='lat' dir='ltr'><strong>regas</strong></span> <span class='ocrx_word' id='word_1_170' title='bbox 2028 1910 2144 1971; x_wconf 91' lang='lat' dir='ltr'><strong>quo</strong></span> 
     </span>
    </p>

    <p class='ocr_par' dir='ltr' id='par_1_8' title="bbox 139 1939 2238 2390">
     <span class='ocr_line' id='line_1_22' title="bbox 139 1939 2155 2060; baseline -0.001 -19"><span class='ocrx_word' id='word_1_171' title='bbox 139 1992 185 2031; x_wconf 79' lang='lat'><strong>20</strong></span> <span class='ocrx_word' id='word_1_172' title='bbox 211 1980 463 2041; x_wconf 88' lang='lat' dir='ltr'><strong>dilectus</strong></span> <span class='ocrx_word' id='word_1_173' title='bbox 496 1999 572 2040; x_wconf 87' lang='lat' dir='ltr'><strong>es</strong></span> <span class='ocrx_word' id='word_1_174' title='bbox 587 1973 779 2040; x_wconf 82' lang='lat' dir='ltr'><strong>frater</strong></span> <span class='ocrx_word' id='word_1_175' title='bbox 813 1982 992 2040; x_wconf 89' lang='lat' dir='ltr'><strong>animi</strong></span> <span class='ocrx_word' id='word_1_176' title='bbox 1022 1982 1158 2049; x_wconf 91' lang='lat' dir='ltr'><strong>mei,</strong></span> <span class='ocrx_word' id='word_1_177' title='bbox 1195 1981 1429 2041; x_wconf 89' lang='lat' dir='ltr'><strong>frater</strong></span> <span class='ocrx_word' id='word_1_178' title='bbox 1411 1982 1667 2060; x_wconf 77' lang='lat' dir='ltr'><strong>imperii.</strong></span> <span class='ocrx_word' id='word_1_179' title='bbox 1732 1939 2056 2041; x_wconf 82' lang='lat' dir='ltr'><strong>Bassianus</strong></span> <span class='ocrx_word' id='word_1_180' title='bbox 2090 1980 2155 2038; x_wconf 93' lang='lat' dir='ltr'><strong>et</strong></span> 
     </span>
     <span class='ocr_line' id='line_1_23' title="bbox 211 2063 2232 2127; baseline 0 -1"><span class='ocrx_word' id='word_1_181' title='bbox 211 2066 356 2127; x_wconf 88' lang='lat' dir='ltr'><strong>Geta</strong></span> <span class='ocrx_word' id='word_1_182' title='bbox 397 2074 458 2126; x_wconf 88' lang='lat' dir='ltr'><strong>te</strong></span> <span class='ocrx_word' id='word_1_183' title='bbox 499 2065 772 2126; x_wconf 91' lang='lat' dir='ltr'><strong>salutant.</strong></span> <span class='ocrx_word' id='word_1_184' title='bbox 850 2065 994 2126; x_wconf 90' lang='lat' dir='ltr'><strong>lulia</strong></span> <span class='ocrx_word' id='word_1_185' title='bbox 1033 2071 1244 2127; x_wconf 88' lang='lat' dir='ltr'><strong>nostra</strong></span> <span class='ocrx_word' id='word_1_186' title='bbox 1289 2072 1347 2125; x_wconf 91' lang='lat' dir='ltr'><strong>et</strong></span> <span class='ocrx_word' id='word_1_187' title='bbox 1385 2073 1445 2125; x_wconf 91' lang='lat' dir='ltr'><strong>te</strong></span> <span class='ocrx_word' id='word_1_188' title='bbox 1494 2073 1551 2125; x_wconf 91' lang='lat' dir='ltr'><strong>et</strong></span> <span class='ocrx_word' id='word_1_189' title='bbox 1594 2083 1865 2126; x_wconf 90' lang='lat' dir='ltr'><strong>sororem</strong></span> <span class='ocrx_word' id='word_1_190' title='bbox 1912 2063 2140 2125; x_wconf 89' lang='lat' dir='ltr'><strong>salutat.</strong></span> <span class='ocrx_word' id='word_1_191' title='bbox 2182 2077 2232 2126; x_wconf 52' lang='lat'><strong>5&lt;</strong></span> 
     </span>
     <span class='ocr_line' id='line_1_24' title="bbox 209 2147 2146 2227; baseline -0.002 -16"><span class='ocrx_word' id='word_1_192' title='bbox 209 2150 502 2211; x_wconf 83' lang='lat' dir='ltr'><strong>infantulo</strong></span> <span class='ocrx_word' id='word_1_193' title='bbox 546 2157 646 2211; x_wconf 91' lang='lat' dir='ltr'><strong>tuo</strong></span> <span class='ocrx_word' id='word_1_194' title='bbox 687 2150 1020 2211; x_wconf 87' lang='lat' dir='ltr'><strong>Pescennio</strong></span> <span class='ocrx_word' id='word_1_195' title='bbox 1059 2150 1280 2211; x_wconf 90' lang='lat' dir='ltr'><strong>Princo</strong></span> <span class='ocrx_word' id='word_1_196' title='bbox 1326 2166 1578 2210; x_wconf 89' lang='lat' dir='ltr'><strong>munera</strong></span> <span class='ocrx_word' id='word_1_197' title='bbox 1622 2148 1797 2227; x_wconf 90' lang='lat' dir='ltr'><strong>digna</strong></span> <span class='ocrx_word' id='word_1_198' title='bbox 1852 2167 1959 2209; x_wconf 94' lang='lat' dir='ltr'><strong>suo</strong></span> <span class='ocrx_word' id='word_1_199' title='bbox 2011 2147 2146 2207; x_wconf 90' lang='lat' dir='ltr'><strong>loco</strong></span> 
     </span>
     <span class='ocr_line' id='line_1_25' title="bbox 212 2232 2238 2313; baseline -0 -17"><span class='ocrx_word' id='word_1_200' title='bbox 212 2242 433 2313; x_wconf 91' lang='lat' dir='ltr'><strong>tuoque</strong></span> <span class='ocrx_word' id='word_1_201' title='bbox 465 2237 787 2296; x_wconf 77' lang='lat' dir='ltr'><strong>mittemus,</strong></span> <span class='ocrx_word' id='word_1_202' title='bbox 852 2236 942 2295; x_wconf 89' lang='lat' dir='ltr'><strong>Tu</strong></span> <span class='ocrx_word' id='word_1_203' title='bbox 971 2234 1152 2296; x_wconf 91' lang='lat' dir='ltr'><strong>uelim</strong></span> <span class='ocrx_word' id='word_1_204' title='bbox 1187 2236 1485 2295; x_wconf 89' lang='lat' dir='ltr'><strong>exercitus</strong></span> <span class='ocrx_word' id='word_1_205' title='bbox 1516 2236 1608 2295; x_wconf 91' lang='lat' dir='ltr'><strong>rei</strong></span> <span class='ocrx_word' id='word_1_206' title='bbox 1622 2253 1695 2313; x_wconf 58' lang='lat' dir='ltr'><strong>aep.</strong></span> <span class='ocrx_word' id='word_1_207' title='bbox 1744 2251 1811 2294; x_wconf 91' lang='lat' dir='ltr'><strong>ac</strong></span> <span class='ocrx_word' id='word_1_208' title='bbox 1842 2232 2017 2293; x_wconf 88' lang='lat' dir='ltr'><strong>nohis</strong></span> <span class='ocrx_word' id='word_1_209' title='bbox 2046 2250 2142 2293; x_wconf 91' lang='lat' dir='ltr'><strong>re·</strong></span> <span class='ocrx_word' id='word_1_210' title='bbox 2184 2246 2238 2295; x_wconf 83' lang='grc'><strong>6·</strong></span> 
     </span>
     <span class='ocr_line' id='line_1_26' title="bbox 212 2318 2237 2390; baseline -0.002 -9"><span class='ocrx_word' id='word_1_211' title='bbox 212 2329 436 2390; x_wconf 84' lang='lat' dir='ltr'><strong>tenteS,</strong></span> <span class='ocrx_word' id='word_1_212' title='bbox 471 2323 557 2381; x_wconf 92' lang='lat' dir='ltr'><strong>mi</strong></span> <span class='ocrx_word' id='word_1_213' title='bbox 588 2322 898 2389; x_wconf 88' lang='lat' dir='ltr'><strong>unanime,</strong></span> <span class='ocrx_word' id='word_1_214' title='bbox 935 2322 1018 2379; x_wconf 92' lang='lat' dir='ltr'><strong>mi</strong></span> <span class='ocrx_word' id='word_1_215' title='bbox 1049 2322 1388 2389; x_wconf 86' lang='lat' dir='ltr'><strong>carissime,</strong></span> <span class='ocrx_word' id='word_1_216' title='bbox 1423 2321 1505 2379; x_wconf 91' lang='lat' dir='ltr'><strong>mi</strong></span> <span class='ocrx_word' id='word_1_217' title='bbox 1535 2320 2005 2381; x_wconf 89' lang='lat' dir='ltr'><strong>amantissime.“</strong></span> <span class='ocrx_word' id='word_1_218' title='bbox 2075 2318 2149 2378; x_wconf 90' lang='lat' dir='ltr'><strong>Et</strong></span> <span class='ocrx_word' id='word_1_219' title='bbox 2180 2323 2237 2386; x_wconf 83' lang='lat'><strong>8.</strong></span> 
     </span>
    </p>

    <p class='ocr_par' dir='ltr' id='par_1_9' title="bbox 145 2402 2155 2819">
     <span class='ocr_line' id='line_1_27' title="bbox 145 2402 2143 2484; baseline -0.002 -18"><span class='ocrx_word' id='word_1_220' title='bbox 145 2418 190 2457; x_wconf 78' lang='lat'><strong>25</strong></span> <span class='ocrx_word' id='word_1_221' title='bbox 212 2406 320 2466; x_wconf 89' lang='lat' dir='ltr'><strong>has</strong></span> <span class='ocrx_word' id='word_1_222' title='bbox 352 2406 592 2482; x_wconf 88' lang='lat' dir='ltr'><strong>quidem</strong></span> <span class='ocrx_word' id='word_1_223' title='bbox 626 2404 854 2465; x_wconf 84' lang='lat' dir='ltr'><strong>litteras</strong></span> <span class='ocrx_word' id='word_1_224' title='bbox 896 2406 1093 2465; x_wconf 88' lang='lat' dir='ltr'><strong>missis</strong></span> <span class='ocrx_word' id='word_1_225' title='bbox 1136 2404 1524 2484; x_wconf 80' lang='lat' dir='ltr'><strong>stipatoribus</strong></span> <span class='ocrx_word' id='word_1_226' title='bbox 1557 2404 1919 2466; x_wconf 88' lang='lat' dir='ltr'><strong>fidelissimis</strong></span> <span class='ocrx_word' id='word_1_227' title='bbox 1963 2402 2143 2473; x_wconf 90' lang='lat' dir='ltr'><strong>dedit,</strong></span> 
     </span>
     <span class='ocr_line' id='line_1_28' title="bbox 214 2489 2147 2570; baseline -0.002 -19"><span class='ocrx_word' id='word_1_228' title='bbox 214 2490 429 2568; x_wconf 86' lang='lat' dir='ltr'><strong>quibus</strong></span> <span class='ocrx_word' id='word_1_229' title='bbox 481 2492 814 2570; x_wconf 87' lang='lat' dir='ltr'><strong>praecepit,</strong></span> <span class='ocrx_word' id='word_1_230' title='bbox 872 2499 936 2550; x_wconf 90' lang='lat' dir='ltr'><strong>ut</strong></span> <span class='ocrx_word' id='word_1_231' title='bbox 990 2489 1303 2569; x_wconf 88' lang='lat' dir='ltr'><strong>epistulam</strong></span> <span class='ocrx_word' id='word_1_232' title='bbox 1360 2489 1597 2569; x_wconf 86' lang='lat' dir='ltr'><strong>publice</strong></span> <span class='ocrx_word' id='word_1_233' title='bbox 1652 2489 1890 2559; x_wconf 85' lang='lat' dir='ltr'><strong>darent,</strong></span> <span class='ocrx_word' id='word_1_234' title='bbox 1935 2496 2147 2568; x_wconf 88' lang='lat' dir='ltr'><strong>postea</strong></span> 
     </span>
     <span class='ocr_line' id='line_1_29' title="bbox 213 2574 2155 2655; baseline -0.002 -18"><span class='ocrx_word' id='word_1_235' title='bbox 213 2594 360 2637; x_wconf 89' lang='lat' dir='ltr'><strong>uero</strong></span> <span class='ocrx_word' id='word_1_236' title='bbox 393 2574 692 2644; x_wconf 89' lang='lat' dir='ltr'><strong>dicerent,</strong></span> <span class='ocrx_word' id='word_1_237' title='bbox 741 2594 806 2635; x_wconf 92' lang='lat' dir='ltr'><strong>se</strong></span> <span class='ocrx_word' id='word_1_238' title='bbox 849 2574 1004 2635; x_wconf 91' lang='lat' dir='ltr'><strong>uelle</strong></span> <span class='ocrx_word' id='word_1_239' title='bbox 1047 2575 1332 2655; x_wconf 86' lang='lat' dir='ltr'><strong>pleraque</strong></span> <span class='ocrx_word' id='word_1_240' title='bbox 1364 2574 1593 2635; x_wconf 87' lang='lat' dir='ltr'><strong>occulte</strong></span> <span class='ocrx_word' id='word_1_241' title='bbox 1627 2592 1953 2653; x_wconf 85' lang='lat' dir='ltr'><strong>suggerere</strong></span> <span class='ocrx_word' id='word_1_242' title='bbox 1995 2591 2155 2652; x_wconf 88' lang='lat' dir='ltr'><strong>quae-</strong></span> 
     </span>
     <span class='ocr_line' id='line_1_30' title="bbox 215 2659 2146 2739; baseline -0.002 -19"><span class='ocrx_word' id='word_1_243' title='bbox 215 2660 284 2721; x_wconf 91' lang='lat' dir='ltr'><strong>ad</strong></span> <span class='ocrx_word' id='word_1_244' title='bbox 314 2680 416 2721; x_wconf 89' lang='lat' dir='ltr'><strong>res</strong></span> <span class='ocrx_word' id='word_1_245' title='bbox 449 2659 692 2721; x_wconf 91' lang='lat' dir='ltr'><strong>bellicas</strong></span> <span class='ocrx_word' id='word_1_246' title='bbox 723 2662 1098 2739; x_wconf 84' lang='lat' dir='ltr'><strong>pertinerent</strong></span> <span class='ocrx_word' id='word_1_247' title='bbox 1131 2667 1188 2720; x_wconf 87' lang='lat' dir='ltr'><strong>et</strong></span> <span class='ocrx_word' id='word_1_248' title='bbox 1219 2660 1290 2720; x_wconf 93' lang='lat' dir='ltr'><strong>ad</strong></span> <span class='ocrx_word' id='word_1_249' title='bbox 1325 2667 1557 2721; x_wconf 89' lang='lat' dir='ltr'><strong>secreta</strong></span> <span class='ocrx_word' id='word_1_250' title='bbox 1600 2668 1934 2721; x_wconf 86' lang='lat' dir='ltr'><strong>castrorum</strong></span> <span class='ocrx_word' id='word_1_251' title='bbox 1967 2665 2146 2736; x_wconf 88' lang='lat' dir='ltr'><strong>atque</strong></span> 
     </span>
     <span class='ocr_line' id='line_1_31' title="bbox 215 2744 2146 2819; baseline -0.002 -14"><span class='ocrx_word' id='word_1_252' title='bbox 215 2745 465 2807; x_wconf 89' lang='lat' dir='ltr'><strong>aulicam</strong></span> <span class='ocrx_word' id='word_1_253' title='bbox 517 2745 727 2813; x_wconf 78' lang='lat' dir='ltr'><strong>fidem3</strong></span> <span class='ocrx_word' id='word_1_254' title='bbox 791 2744 898 2806; x_wconf 88' lang='lat' dir='ltr'><strong>ubi</strong></span> <span class='ocrx_word' id='word_1_255' title='bbox 952 2763 1101 2805; x_wconf 88' lang='lat' dir='ltr'><strong>uero</strong></span> <span class='ocrx_word' id='word_1_256' title='bbox 1152 2747 1213 2804; x_wconf 90' lang='lat' dir='ltr'><strong>in</strong></span> <span class='ocrx_word' id='word_1_257' title='bbox 1272 2754 1568 2808; x_wconf 87' lang='lat' dir='ltr'><strong>secretum</strong></span> <span class='ocrx_word' id='word_1_258' title='bbox 1618 2746 1930 2806; x_wconf 89' lang='lat' dir='ltr'><strong>uenissent</strong></span> <span class='ocrx_word' id='word_1_259' title='bbox 1974 2744 2146 2819; x_wconf 90' lang='lat' dir='ltr'><strong>quasi</strong></span> 
     </span>
    </p>

    <p class='ocr_par' dir='ltr' id='par_1_10' title="bbox 149 2828 2232 2994">
     <span class='ocr_line' id='line_1_32' title="bbox 149 2828 2148 2909; baseline -0.003 -18"><span class='ocrx_word' id='word_1_260' title='bbox 149 2831 486 2892; x_wconf 57' lang='lat' dir='ltr'><strong>:amandata</strong></span> <span class='ocrx_word' id='word_1_261' title='bbox 536 2830 781 2899; x_wconf 89' lang='lat' dir='ltr'><strong>dicturi,</strong></span> <span class='ocrx_word' id='word_1_262' title='bbox 833 2832 1094 2909; x_wconf 90' lang='lat' dir='ltr'><strong>quinque</strong></span> <span class='ocrx_word' id='word_1_263' title='bbox 1138 2828 1490 2891; x_wconf 88' lang='lat' dir='ltr'><strong>ualidissimi</strong></span> <span class='ocrx_word' id='word_1_264' title='bbox 1546 2848 1679 2890; x_wconf 91' lang='lat' dir='ltr'><strong>eum</strong></span> <span class='ocrx_word' id='word_1_265' title='bbox 1730 2830 2148 2889; x_wconf 88' lang='lat' dir='ltr'><strong>interimerent</strong></span> 
     </span>
     <span class='ocr_line' id='line_1_33' title="bbox 213 2911 2232 2994; baseline -0 -18"><span class='ocrx_word' id='word_1_266' title='bbox 213 2916 484 2994; x_wconf 89' lang='lat' dir='ltr'><strong>gladiolis</strong></span> <span class='ocrx_word' id='word_1_267' title='bbox 531 2916 688 2976; x_wconf 81' lang='lat' dir='ltr'><strong>infra</strong></span> <span class='ocrx_word' id='word_1_268' title='bbox 742 2924 974 2976; x_wconf 88' lang='lat' dir='ltr'><strong>uestem</strong></span> <span class='ocrx_word' id='word_1_269' title='bbox 1027 2914 1365 2976; x_wconf 84' lang='lat' dir='ltr'><strong>latentibus.</strong></span> <span class='ocrx_word' id='word_1_270' title='bbox 1458 2933 1570 2975; x_wconf 90' lang='lat' dir='ltr'><strong>nec</strong></span> <span class='ocrx_word' id='word_1_271' title='bbox 1609 2913 1849 2974; x_wconf 91' lang='lat' dir='ltr'><strong>illorum</strong></span> <span class='ocrx_word' id='word_1_272' title='bbox 1907 2911 2145 2992; x_wconf 92' lang='lat' dir='ltr'><strong>quidem</strong></span> <span class='ocrx_word' id='word_1_273' title='bbox 2184 2927 2232 2975; x_wconf 83' lang='lat'><strong>2·</strong></span> 
     </span>
    </p>
   </div>
   <div class='ocr_carea' id='block_1_4' title="bbox 207 3100 2169 3169">
    <p class='ocr_par' dir='ltr' id='par_1_11' title="bbox 207 3100 2169 3169">
     <span class='ocr_line' id='line_1_34' title="bbox 207 3100 2169 3169; baseline -0.002 0"><span class='ocrx_word' id='word_1_274' title='bbox 207 3100 220 3105; x_wconf 37' lang='lat'>¹</span> <span class='ocrx_word' id='word_1_275' title='bbox 316 3122 342 3168; x_wconf 89' lang='lat'><strong>1</strong></span> <span class='ocrx_word' id='word_1_276' title='bbox 374 3119 714 3169; x_wconf 83' lang='lat' dir='ltr'><strong>festinanter</strong></span> <span class='ocrx_word' id='word_1_277' title='bbox 738 3118 800 3167; x_wconf 91' lang='lat' dir='ltr'><em>M</em></span> <span class='ocrx_word' id='word_1_278' title='bbox 983 3119 1026 3167; x_wconf 81' lang='lat'><strong>2·</strong></span> <span class='ocrx_word' id='word_1_279' title='bbox 1049 3118 1405 3167; x_wconf 81' lang='lat' dir='ltr'><strong>famissimam</strong></span> <span class='ocrx_word' id='word_1_280' title='bbox 1430 3116 1481 3167; x_wconf 88' lang='lat' dir='ltr'><em>B</em></span> <span class='ocrx_word' id='word_1_281' title='bbox 1653 3117 1684 3167; x_wconf 83' lang='lat'>5</span> <span class='ocrx_word' id='word_1_282' title='bbox 1712 3115 2025 3165; x_wconf 81' lang='lat' dir='ltr'><strong>declaratur</strong></span> <span class='ocrx_word' id='word_1_283' title='bbox 2048 3114 2169 3165; x_wconf 86' lang='lat' dir='ltr'><strong>BP·</strong></span> 
     </span>
    </p>
   </div>
   <div class='ocr_carea' id='block_1_5' title="bbox 213 3184 2147 3332">
    <p class='ocr_par' dir='ltr' id='par_1_12' title="bbox 213 3184 2147 3318">
     <span class='ocr_line' id='line_1_35' title="bbox 213 3184 2147 3251; baseline -0.002 -14"><span class='ocrx_word' id='word_1_284' title='bbox 213 3191 513 3251; x_wconf 82' lang='lat' dir='ltr'><strong>parauerat</strong></span> <span class='ocrx_word' id='word_1_285' title='bbox 540 3186 839 3251; x_wconf 86' lang='lat' dir='ltr'><strong>pescennio</strong></span> <span class='ocrx_word' id='word_1_286' title='bbox 864 3185 1030 3235; x_wconf 83' lang='lat' dir='ltr'><strong>BPM.</strong></span> <span class='ocrx_word' id='word_1_287' title='bbox 1073 3190 1130 3235; x_wconf 87' lang='lat' dir='ltr'><strong>et</strong></span> <span class='ocrx_word' id='word_1_288' title='bbox 1163 3185 1531 3235; x_wconf 85' lang='lat' dir='ltr'><strong>Pescennium</strong></span> <span class='ocrx_word' id='word_1_289' title='bbox 1562 3186 1752 3249; x_wconf 81' lang='lat' dir='ltr'><strong>scripsi</strong></span> <span class='ocrx_word' id='word_1_290' title='bbox 1894 3185 1924 3233; x_wconf 89' lang='grc'>6</span> <span class='ocrx_word' id='word_1_291' title='bbox 1960 3184 2147 3234; x_wconf 87' lang='lat' dir='ltr'><strong>subro-</strong></span> 
     </span>
     <span class='ocr_line' id='line_1_36' title="bbox 214 3250 2147 3332; baseline -0.003 -28"><span class='ocrx_word' id='word_1_292' title='bbox 214 3260 370 3318; x_wconf 81' lang='lat' dir='ltr'><strong>garet</strong></span> <span class='ocrx_word' id='word_1_293' title='bbox 397 3251 524 3303; x_wconf 92' lang='lat' dir='ltr'><strong>BP¹</strong></span> <span class='ocrx_word' id='word_1_294' title='bbox 667 3256 694 3303; x_wconf 86' lang='grc'>7</span> <span class='ocrx_word' id='word_1_295' title='bbox 722 3258 920 3303; x_wconf 81' lang='lat' dir='ltr'><strong>natura</strong></span> <span class='ocrx_word' id='word_1_296' title='bbox 945 3254 995 3301; x_wconf 85' lang='lat' dir='ltr'><em>B</em></span> <span class='ocrx_word' id='word_1_297' title='bbox 1020 3258 1154 3303; x_wconf 82' lang='lat' dir='ltr'><strong>natu</strong></span> <span class='ocrx_word' id='word_1_298' title='bbox 1181 3254 1290 3302; x_wconf 83' lang='lat' dir='ltr'><strong>iam</strong></span> <span class='ocrx_word' id='word_1_299' title='bbox 1317 3254 1382 3302; x_wconf 92' lang='lat' dir='ltr'><em>M</em></span> <span class='ocrx_word' id='word_1_300' title='bbox 1523 3255 1555 3303; x_wconf 90' lang='grc'>8</span> <span class='ocrx_word' id='word_1_301' title='bbox 1578 3253 1821 3332; x_wconf 78' lang='lat' dir='ltr'><strong>loquitur</strong></span> <span class='ocrx_word' id='word_1_302' title='bbox 1843 3250 1947 3301; x_wconf 91' lang='lat' dir='ltr'><strong>BP</strong></span> <span class='ocrx_word' id='word_1_303' title='bbox 1974 3255 2147 3300; x_wconf 86' lang='lat' dir='ltr'><strong>testa-</strong></span> 
     </span>
    </p>
   </div>
   <div class='ocr_carea' id='block_1_6' title="bbox 212 3319 2147 3508">
    <p class='ocr_par' dir='ltr' id='par_1_13' title="bbox 212 3319 2147 3508">
     <span class='ocr_line' id='line_1_37' title="bbox 212 3319 2011 3383; baseline -0.001 -13"><span class='ocrx_word' id='word_1_304' title='bbox 212 3327 301 3372; x_wconf 87' lang='lat' dir='ltr'><strong>tur</strong></span> <span class='ocrx_word' id='word_1_305' title='bbox 324 3322 388 3372; x_wconf 93' lang='lat' dir='ltr'><em>M</em></span> <span class='ocrx_word' id='word_1_306' title='bbox 551 3324 614 3371; x_wconf 88' lang='lat'><strong>10</strong></span> <span class='ocrx_word' id='word_1_307' title='bbox 638 3321 982 3371; x_wconf 80' lang='lat' dir='ltr'><strong>uoluntatem</strong></span> <span class='ocrx_word' id='word_1_308' title='bbox 1010 3336 1048 3370; x_wconf 84' lang='lat' dir='ltr'><strong>s.</strong></span> <span class='ocrx_word' id='word_1_309' title='bbox 1076 3322 1340 3371; x_wconf 88' lang='lat' dir='ltr'><strong>maiorum</strong></span> <span class='ocrx_word' id='word_1_310' title='bbox 1366 3320 1431 3370; x_wconf 92' lang='lat' dir='ltr'><em>M</em></span> <span class='ocrx_word' id='word_1_311' title='bbox 1589 3323 1648 3369; x_wconf 98' lang='grc'><strong>11</strong></span> <span class='ocrx_word' id='word_1_312' title='bbox 1676 3321 1937 3383; x_wconf 85' lang='lat' dir='ltr'><strong>antiquus</strong></span> <span class='ocrx_word' id='word_1_313' title='bbox 1961 3319 2011 3368; x_wconf 87' lang='lat' dir='ltr'><em>B</em></span> 
     </span>
     <span class='ocr_line' id='line_1_38' title="bbox 215 3384 2147 3441; baseline -0.002 -4"><span class='ocrx_word' id='word_1_314' title='bbox 215 3392 274 3439; x_wconf 80' lang='lat'><strong>12</strong></span> <span class='ocrx_word' id='word_1_315' title='bbox 299 3390 527 3441; x_wconf 87' lang='lat' dir='ltr'><strong>honoris</strong></span> <span class='ocrx_word' id='word_1_316' title='bbox 555 3384 620 3439; x_wconf 88' lang='lat' dir='ltr'><em>M</em></span> <span class='ocrx_word' id='word_1_317' title='bbox 761 3389 1170 3439; x_wconf 81' lang='lat' dir='ltr'><strong>addefectionis</strong></span> <span class='ocrx_word' id='word_1_318' title='bbox 1197 3388 1271 3439; x_wconf 87' lang='lat' dir='ltr'><strong>P¹</strong></span> <span class='ocrx_word' id='word_1_319' title='bbox 1422 3389 1486 3437; x_wconf 88' lang='lat'><strong>15</strong></span> <span class='ocrx_word' id='word_1_320' title='bbox 1522 3388 1737 3439; x_wconf 81' lang='lat' dir='ltr'><strong>corolus</strong></span> <span class='ocrx_word' id='word_1_321' title='bbox 1770 3386 1821 3436; x_wconf 92' lang='lat' dir='ltr'><em>B</em></span> <span class='ocrx_word' id='word_1_322' title='bbox 1960 3388 2024 3434; x_wconf 82' lang='lat'><strong>20</strong></span> <span class='ocrx_word' id='word_1_323' title='bbox 2055 3385 2147 3434; x_wconf 87' lang='lat' dir='ltr'><strong>de-</strong></span> 
     </span>
     <span class='ocr_line' id='line_1_39' title="bbox 213 3452 2056 3508; baseline -0.004 -2"><span class='ocrx_word' id='word_1_324' title='bbox 213 3456 394 3507; x_wconf 80' lang='lat' dir='ltr'><strong>lectus</strong></span> <span class='ocrx_word' id='word_1_325' title='bbox 421 3459 759 3508; x_wconf 77' lang='lat' dir='ltr'><strong>Mommsenus</strong></span> <span class='ocrx_word' id='word_1_326' title='bbox 886 3473 970 3505; x_wconf 88' lang='lat' dir='ltr'><strong>me</strong></span> <span class='ocrx_word' id='word_1_327' title='bbox 1000 3456 1047 3504; x_wconf 88' lang='lat' dir='ltr'><em>B</em></span> <span class='ocrx_word' id='word_1_328' title='bbox 1188 3459 1252 3505; x_wconf 76' lang='lat'><strong>22</strong></span> <span class='ocrx_word' id='word_1_329' title='bbox 1279 3456 1481 3505; x_wconf 88' lang='lat' dir='ltr'><strong>Pr&#39;ineo</strong></span> <span class='ocrx_word' id='word_1_330' title='bbox 1507 3456 1573 3505; x_wconf 85' lang='lat' dir='ltr'><em>M</em></span> <span class='ocrx_word' id='word_1_331' title='bbox 1705 3458 1768 3505; x_wconf 81' lang='lat'><strong>27</strong></span> <span class='ocrx_word' id='word_1_332' title='bbox 1798 3453 1979 3504; x_wconf 88' lang='lat' dir='ltr'><strong>oculte</strong></span> <span class='ocrx_word' id='word_1_333' title='bbox 2005 3452 2056 3499; x_wconf 90' lang='lat' dir='ltr'><em>B</em></span> 
     </span>
    </p>
   </div>
   <div class='ocr_carea' id='block_1_7' title="bbox 213 3525 663 3591">
    <p class='ocr_par' dir='ltr' id='par_1_14' title="bbox 213 3525 663 3591">
     <span class='ocr_line' id='line_1_40' title="bbox 213 3525 663 3591; baseline -0.002 -17"><span class='ocrx_word' id='word_1_334' title='bbox 213 3527 277 3576; x_wconf 84' lang='lat'><strong>28</strong></span> <span class='ocrx_word' id='word_1_335' title='bbox 303 3526 587 3591; x_wconf 85' lang='lat' dir='ltr'><strong>pertinent</strong></span> <span class='ocrx_word' id='word_1_336' title='bbox 613 3525 663 3574; x_wconf 90' lang='lat' dir='ltr'><em>B</em></span> 
     </span>
    </p>
   </div>
  </div>
 </body>
</html>
