<?xml version="1.0" encoding="UTF-8"?>
<!DOCTYPE html PUBLIC "-//W3C//DTD XHTML 1.0 Transitional//EN"
    "http://www.w3.org/TR/xhtml1/DTD/xhtml1-transitional.dtd">
<html xmlns="http://www.w3.org/1999/xhtml" xml:lang="en" lang="en">
 <head>
  <title>
</title>
<meta http-equiv="Content-Type" content="text/html;charset=utf-8" />
  <meta name='ocr-system' content='tesseract 3.04.00' />
  <meta name='ocr-capabilities' content='ocr_page ocr_carea ocr_par ocr_line ocrx_word'/>
</head>
<body>
  <div class='ocr_page' id='page_1' title='image "./scriptoreshisto02petegoog_0438.png"; bbox 0 0 2517 3884; ppageno 0'>
   <div class='ocr_carea' id='block_1_1' title="bbox 393 988 2009 1348">
    <p class='ocr_par' dir='ltr' id='par_1_1' title="bbox 393 988 2009 1348">
     <span class='ocr_line' id='line_1_1' title="bbox 617 988 1792 1117; baseline 0.003 -56"><span class='ocrx_word' id='word_1_1' title='bbox 617 988 1182 1063; x_wconf 81' lang='lat' dir='ltr'>TREBELLII</span> <span class='ocrx_word' id='word_1_2' title='bbox 1233 988 1792 1117; x_wconf 75' lang='lat' dir='ltr'>POLLION1S</span> 
     </span>
     <span class='ocr_line' id='line_1_2' title="bbox 393 1119 2009 1348; baseline 0.001 -58"><span class='ocrx_word' id='word_1_3' title='bbox 393 1150 981 1348; x_wconf 69' lang='lat' dir='ltr'><strong>D&#39;Ivvs</strong></span> <span class='ocrx_word' id='word_1_4' title='bbox 1077 1194 1156 1290; x_wconf 85' lang='lat' dir='ltr'><strong>C·</strong></span> <span class='ocrx_word' id='word_1_5' title='bbox 1206 1119 1677 1291; x_wconf 66' lang='lat' dir='ltr'>LAVD</span> <span class='ocrx_word' id='word_1_6' title='bbox 1732 1196 2009 1291; x_wconf 76' lang='lat' dir='ltr'><strong>ivs</strong></span> 
     </span>
    </p>
   </div>
   <div class='ocr_carea' id='block_1_2' title="bbox 146 1464 2243 2913">
    <p class='ocr_par' dir='ltr' id='par_1_2' title="bbox 217 1464 2241 1717">
     <span class='ocr_line' id='line_1_3' title="bbox 357 1464 2241 1545; baseline -0.001 -18"><span class='ocrx_word' id='word_1_7' title='bbox 357 1467 617 1527; x_wconf 82' lang='lat' dir='ltr'><strong>Ventum</strong></span> <span class='ocrx_word' id='word_1_8' title='bbox 651 1473 739 1527; x_wconf 89' lang='lat' dir='ltr'><strong>est</strong></span> <span class='ocrx_word' id='word_1_9' title='bbox 769 1466 840 1527; x_wconf 90' lang='lat' dir='ltr'><strong>ad</strong></span> <span class='ocrx_word' id='word_1_10' title='bbox 872 1468 1208 1545; x_wconf 89' lang='lat' dir='ltr'><strong>principem</strong></span> <span class='ocrx_word' id='word_1_11' title='bbox 1241 1465 1570 1532; x_wconf 89' lang='lat' dir='ltr'><strong>Claudium,</strong></span> <span class='ocrx_word' id='word_1_12' title='bbox 1619 1466 1720 1542; x_wconf 87' lang='lat' dir='ltr'><strong>qui</strong></span> <span class='ocrx_word' id='word_1_13' title='bbox 1750 1465 1923 1526; x_wconf 88' lang='lat' dir='ltr'><strong>nobis</strong></span> <span class='ocrx_word' id='word_1_14' title='bbox 1954 1468 2173 1527; x_wconf 81' lang='lat' dir='ltr'><strong>intuitu</strong></span> <span class='ocrx_word' id='word_1_15' title='bbox 2210 1464 2241 1525; x_wconf 85' lang='lat'>1</span> 
     </span>
     <span class='ocr_line' id='line_1_4' title="bbox 217 1550 2165 1627; baseline -0.001 -14"><span class='ocrx_word' id='word_1_16' title='bbox 217 1553 539 1614; x_wconf 85' lang='lat' dir='ltr'><strong>Constanti</strong></span> <span class='ocrx_word' id='word_1_17' title='bbox 583 1551 854 1611; x_wconf 79' lang='lat' dir='ltr'>Caesaris</span> <span class='ocrx_word' id='word_1_18' title='bbox 895 1570 1028 1611; x_wconf 91' lang='lat' dir='ltr'><strong>cum</strong></span> <span class='ocrx_word' id='word_1_19' title='bbox 1078 1569 1221 1611; x_wconf 88' lang='lat' dir='ltr'><strong>cura</strong></span> <span class='ocrx_word' id='word_1_20' title='bbox 1267 1553 1327 1611; x_wconf 92' lang='lat' dir='ltr'><strong>in</strong></span> <span class='ocrx_word' id='word_1_21' title='bbox 1373 1550 1603 1610; x_wconf 84' lang='lat' dir='ltr'><strong>litteras</strong></span> <span class='ocrx_word' id='word_1_22' title='bbox 1649 1550 2011 1627; x_wconf 82' lang='lat' dir='ltr'>digerendus</span> <span class='ocrx_word' id='word_1_23' title='bbox 2058 1559 2165 1611; x_wconf 90' lang='lat' dir='ltr'><strong>est.</strong></span> 
     </span>
     <span class='ocr_line' id='line_1_5' title="bbox 221 1635 2168 1717; baseline -0.001 -20"><span class='ocrx_word' id='word_1_24' title='bbox 221 1638 306 1697; x_wconf 92' lang='lat' dir='ltr'><strong>de</strong></span> <span class='ocrx_word' id='word_1_25' title='bbox 344 1654 466 1716; x_wconf 90' lang='lat' dir='ltr'><strong>quo</strong></span> <span class='ocrx_word' id='word_1_26' title='bbox 499 1653 608 1713; x_wconf 85' lang='lat' dir='ltr'><strong>ego</strong></span> <span class='ocrx_word' id='word_1_27' title='bbox 641 1635 863 1717; x_wconf 79' lang='lat' dir='ltr'><strong>idcirco</strong></span> <span class='ocrx_word' id='word_1_28' title='bbox 893 1654 1174 1696; x_wconf 64' lang='lat' dir='ltr'><strong>recusare</strong></span> <span class='ocrx_word' id='word_1_29' title='bbox 1205 1654 1326 1696; x_wconf 88' lang='lat' dir='ltr'><strong>non</strong></span> <span class='ocrx_word' id='word_1_30' title='bbox 1359 1636 1527 1714; x_wconf 89' lang='lat' dir='ltr'><strong>potui</strong></span> <span class='ocrx_word' id='word_1_31' title='bbox 1557 1636 1713 1714; x_wconf 90' lang='lat' dir='ltr'><strong>quod</strong></span> <span class='ocrx_word' id='word_1_32' title='bbox 1748 1635 1911 1705; x_wconf 81' lang='lat' dir='ltr'><strong>alios,</strong></span> <span class='ocrx_word' id='word_1_33' title='bbox 1949 1636 2168 1696; x_wconf 89' lang='lat' dir='ltr'><strong>tumul-</strong></span> 
     </span>
    </p>

    <p class='ocr_par' dir='ltr' id='par_1_3' title="bbox 163 1720 2241 2141">
     <span class='ocr_line' id='line_1_6' title="bbox 163 1720 2169 1800; baseline -0.002 -17"><span class='ocrx_word' id='word_1_34' title='bbox 163 1751 193 1792; x_wconf 82' lang='lat'><strong>5</strong></span> <span class='ocrx_word' id='word_1_35' title='bbox 219 1724 462 1783; x_wconf 86' lang='lat' dir='ltr'><strong>tuarios</strong></span> <span class='ocrx_word' id='word_1_36' title='bbox 505 1720 787 1781; x_wconf 82' lang='lat' dir='ltr'><strong>uidelicet</strong></span> <span class='ocrx_word' id='word_1_37' title='bbox 824 1724 1219 1800; x_wconf 87' lang='lat' dir='ltr'><strong>imperatores</strong></span> <span class='ocrx_word' id='word_1_38' title='bbox 1262 1740 1330 1781; x_wconf 91' lang='lat' dir='ltr'><strong>ac</strong></span> <span class='ocrx_word' id='word_1_39' title='bbox 1372 1720 1642 1797; x_wconf 86' lang='lat' dir='ltr'><strong>regulos,</strong></span> <span class='ocrx_word' id='word_1_40' title='bbox 1692 1722 2051 1799; x_wconf 79' lang='lat' dir='ltr'><strong>scripseram</strong></span> <span class='ocrx_word' id='word_1_41' title='bbox 2099 1740 2169 1780; x_wconf 91' lang='lat' dir='ltr'><strong>eo</strong></span> 
     </span>
     <span class='ocr_line' id='line_1_7' title="bbox 223 1806 2167 1885; baseline -0.002 -18"><span class='ocrx_word' id='word_1_42' title='bbox 223 1806 387 1867; x_wconf 86' lang='lat' dir='ltr'><strong>libro</strong></span> <span class='ocrx_word' id='word_1_43' title='bbox 431 1822 610 1883; x_wconf 87' lang='lat' dir='ltr'><strong>quem</strong></span> <span class='ocrx_word' id='word_1_44' title='bbox 651 1806 725 1865; x_wconf 90' lang='lat' dir='ltr'><strong>de</strong></span> <span class='ocrx_word' id='word_1_45' title='bbox 768 1807 1008 1883; x_wconf 88' lang='lat' dir='ltr'><strong>triginta</strong></span> <span class='ocrx_word' id='word_1_46' title='bbox 1051 1808 1319 1885; x_wconf 79' lang='lat' dir='ltr'><strong>tyrannis</strong></span> <span class='ocrx_word' id='word_1_47' title='bbox 1351 1806 1535 1875; x_wconf 89' lang='lat' dir='ltr'><strong>edidi,</strong></span> <span class='ocrx_word' id='word_1_48' title='bbox 1585 1808 1688 1882; x_wconf 91' lang='lat' dir='ltr'><strong>qui</strong></span> <span class='ocrx_word' id='word_1_49' title='bbox 1720 1806 2167 1884; x_wconf 80' lang='lat' dir='ltr'>Cleopatranam</span> 
     </span>
     <span class='ocr_line' id='line_1_8' title="bbox 225 1891 2237 1970; baseline -0.003 -18"><span class='ocrx_word' id='word_1_50' title='bbox 225 1894 410 1953; x_wconf 82' lang='lat' dir='ltr'><strong>etiam</strong></span> <span class='ocrx_word' id='word_1_51' title='bbox 447 1892 697 1970; x_wconf 84' lang='lat' dir='ltr'><strong>stirpem</strong></span> <span class='ocrx_word' id='word_1_52' title='bbox 741 1892 1176 1967; x_wconf 77' lang='lat' dir='ltr'><strong>Victoriamque</strong></span> <span class='ocrx_word' id='word_1_53' title='bbox 1207 1909 1369 1951; x_wconf 90' lang='lat' dir='ltr'><strong>nunc</strong></span> <span class='ocrx_word' id='word_1_54' title='bbox 1411 1891 1653 1951; x_wconf 85' lang='lat' dir='ltr'><strong>detinet.</strong></span> <span class='ocrx_word' id='word_1_55' title='bbox 1732 1892 1782 1950; x_wconf 91' lang='lat' dir='ltr'><strong>si</strong></span> <span class='ocrx_word' id='word_1_56' title='bbox 1820 1891 2059 1969; x_wconf 87' lang='lat' dir='ltr'><strong>quidem</strong></span> <span class='ocrx_word' id='word_1_57' title='bbox 2098 1909 2168 1950; x_wconf 89' lang='lat' dir='ltr'><strong>eo</strong></span> <span class='ocrx_word' id='word_1_58' title='bbox 2206 1900 2237 1945; x_wconf 76' lang='lat'><strong>2</strong></span> 
     </span>
     <span class='ocr_line' id='line_1_9' title="bbox 227 1974 2168 2056; baseline -0.002 -19"><span class='ocrx_word' id='word_1_59' title='bbox 227 1994 332 2037; x_wconf 87' lang='lat' dir='ltr'><strong>res</strong></span> <span class='ocrx_word' id='word_1_60' title='bbox 363 1978 664 2056; x_wconf 78' lang='lat' dir='ltr'><strong>processit</strong></span> <span class='ocrx_word' id='word_1_61' title='bbox 695 1983 759 2036; x_wconf 91' lang='lat' dir='ltr'><strong>ut</strong></span> <span class='ocrx_word' id='word_1_62' title='bbox 787 1975 1103 2036; x_wconf 78' lang='lat' dir='ltr'><strong>mulierum</strong></span> <span class='ocrx_word' id='word_1_63' title='bbox 1139 1978 1313 2036; x_wconf 88' lang='lat' dir='ltr'><strong>etiam</strong></span> <span class='ocrx_word' id='word_1_64' title='bbox 1348 1976 1501 2035; x_wconf 85' lang='lat' dir='ltr'><strong>uitas</strong></span> <span class='ocrx_word' id='word_1_65' title='bbox 1530 1975 1712 2035; x_wconf 80' lang='lat' dir='ltr'><strong>scribi</strong></span> <span class='ocrx_word' id='word_1_66' title='bbox 1736 1974 1988 2035; x_wconf 79' lang='lat' dir='ltr'><strong>Gallieni</strong></span> <span class='ocrx_word' id='word_1_67' title='bbox 2010 1993 2168 2034; x_wconf 89' lang='lat' dir='ltr'><strong>com-</strong></span> 
     </span>
     <span class='ocr_line' id='line_1_10' title="bbox 230 2060 2241 2141; baseline -0.003 -20"><span class='ocrx_word' id='word_1_68' title='bbox 230 2062 462 2141; x_wconf 88' lang='lat' dir='ltr'><strong>paratio</strong></span> <span class='ocrx_word' id='word_1_69' title='bbox 495 2060 776 2121; x_wconf 81' lang='lat' dir='ltr'><strong>effecerit.</strong></span> <span class='ocrx_word' id='word_1_70' title='bbox 841 2078 1037 2137; x_wconf 86' lang='lat' dir='ltr'><strong>neque</strong></span> <span class='ocrx_word' id='word_1_71' title='bbox 1083 2062 1241 2120; x_wconf 90' lang='lat' dir='ltr'><strong>enim</strong></span> <span class='ocrx_word' id='word_1_72' title='bbox 1273 2062 1361 2120; x_wconf 77' lang='lat' dir='ltr'><strong>fas</strong></span> <span class='ocrx_word' id='word_1_73' title='bbox 1394 2067 1520 2120; x_wconf 84' lang='lat' dir='ltr'><strong>erat</strong></span> <span class='ocrx_word' id='word_1_74' title='bbox 1551 2078 1684 2121; x_wconf 88' lang='lat' dir='ltr'><strong>eum</strong></span> <span class='ocrx_word' id='word_1_75' title='bbox 1720 2067 1917 2119; x_wconf 86' lang='lat' dir='ltr'><strong>tacere</strong></span> <span class='ocrx_word' id='word_1_76' title='bbox 1949 2060 2169 2138; x_wconf 86' lang='lat' dir='ltr'><strong>princi·</strong></span> <span class='ocrx_word' id='word_1_77' title='bbox 2210 2070 2241 2115; x_wconf 80' lang='lat'><strong>3</strong></span> 
     </span>
    </p>

    <p class='ocr_par' dir='ltr' id='par_1_4' title="bbox 146 2142 2170 2566">
     <span class='ocr_line' id='line_1_11' title="bbox 146 2142 2167 2226; baseline -0.002 -19"><span class='ocrx_word' id='word_1_78' title='bbox 146 2174 208 2213; x_wconf 78' lang='lat'><strong>10</strong></span> <span class='ocrx_word' id='word_1_79' title='bbox 232 2166 402 2226; x_wconf 90' lang='lat' dir='ltr'><strong>pem,</strong></span> <span class='ocrx_word' id='word_1_80' title='bbox 449 2148 552 2225; x_wconf 89' lang='lat' dir='ltr'><strong>qui</strong></span> <span class='ocrx_word' id='word_1_81' title='bbox 585 2151 806 2207; x_wconf 88' lang='lat' dir='ltr'><strong>tantam</strong></span> <span class='ocrx_word' id='word_1_82' title='bbox 836 2146 1076 2223; x_wconf 85' lang='lat' dir='ltr'><strong>generis</strong></span> <span class='ocrx_word' id='word_1_83' title='bbox 1111 2147 1205 2205; x_wconf 89' lang='lat' dir='ltr'><strong>sui</strong></span> <span class='ocrx_word' id='word_1_84' title='bbox 1238 2144 1469 2224; x_wconf 85' lang='lat' dir='ltr'><strong>prolem</strong></span> <span class='ocrx_word' id='word_1_85' title='bbox 1499 2147 1765 2218; x_wconf 75' lang='lat' dir='ltr'><strong>reliquit,</strong></span> <span class='ocrx_word' id='word_1_86' title='bbox 1812 2146 1915 2221; x_wconf 89' lang='lat' dir='ltr'><strong>qui</strong></span> <span class='ocrx_word' id='word_1_87' title='bbox 1946 2142 2167 2204; x_wconf 88' lang='lat' dir='ltr'><strong>bellum</strong></span> 
     </span>
     <span class='ocr_line' id='line_1_12' title="bbox 233 2228 2169 2307; baseline -0.002 -16"><span class='ocrx_word' id='word_1_88' title='bbox 233 2231 553 2291; x_wconf 85' lang='lat' dir='ltr'><strong>Gothicum</strong></span> <span class='ocrx_word' id='word_1_89' title='bbox 585 2249 692 2291; x_wconf 89' lang='lat' dir='ltr'><strong>sua</strong></span> <span class='ocrx_word' id='word_1_90' title='bbox 725 2232 948 2291; x_wconf 82' lang='lat' dir='ltr'><strong>uirtute</strong></span> <span class='ocrx_word' id='word_1_91' title='bbox 990 2231 1279 2298; x_wconf 77' lang='lat' dir='ltr'><strong>confecit,</strong></span> <span class='ocrx_word' id='word_1_92' title='bbox 1342 2231 1441 2307; x_wconf 90' lang='lat' dir='ltr'><strong>qui</strong></span> <span class='ocrx_word' id='word_1_93' title='bbox 1486 2248 1724 2289; x_wconf 86' lang='lat' dir='ltr'><strong>manum</strong></span> <span class='ocrx_word' id='word_1_94' title='bbox 1769 2228 2021 2307; x_wconf 89' lang='lat' dir='ltr'><strong>publicis</strong></span> <span class='ocrx_word' id='word_1_95' title='bbox 2052 2228 2169 2288; x_wconf 91' lang='lat' dir='ltr'><strong>cla-</strong></span> 
     </span>
     <span class='ocr_line' id='line_1_13' title="bbox 234 2313 2167 2393; baseline -0.002 -17"><span class='ocrx_word' id='word_1_96' title='bbox 234 2316 409 2377; x_wconf 87' lang='lat' dir='ltr'><strong>dibus</strong></span> <span class='ocrx_word' id='word_1_97' title='bbox 439 2318 634 2377; x_wconf 87' lang='lat' dir='ltr'><strong>uictor</strong></span> <span class='ocrx_word' id='word_1_98' title='bbox 664 2317 969 2393; x_wconf 83' lang='lat' dir='ltr'><strong>imposuit,</strong></span> <span class='ocrx_word' id='word_1_99' title='bbox 1005 2317 1107 2391; x_wconf 85' lang='lat' dir='ltr'><strong>qui</strong></span> <span class='ocrx_word' id='word_1_100' title='bbox 1139 2314 1491 2381; x_wconf 89' lang='lat' dir='ltr'><strong>Gallienum,</strong></span> <span class='ocrx_word' id='word_1_101' title='bbox 1538 2313 1945 2391; x_wconf 84' lang='lat' dir='ltr'><strong>prodigiosum</strong></span> <span class='ocrx_word' id='word_1_102' title='bbox 1978 2316 2167 2392; x_wconf 89' lang='lat' dir='ltr'><strong>impe-</strong></span> 
     </span>
     <span class='ocr_line' id='line_1_14' title="bbox 232 2398 2167 2477; baseline -0.002 -15"><span class='ocrx_word' id='word_1_103' title='bbox 232 2409 516 2470; x_wconf 83' lang='lat' dir='ltr'><strong>ratorem,</strong></span> <span class='ocrx_word' id='word_1_104' title='bbox 564 2402 796 2461; x_wconf 87' lang='lat' dir='ltr'><strong>etiamsi</strong></span> <span class='ocrx_word' id='word_1_105' title='bbox 839 2418 957 2460; x_wconf 91' lang='lat' dir='ltr'><strong>non</strong></span> <span class='ocrx_word' id='word_1_106' title='bbox 989 2407 1198 2461; x_wconf 80' lang='lat' dir='ltr'><strong>auctor</strong></span> <span class='ocrx_word' id='word_1_107' title='bbox 1227 2398 1462 2459; x_wconf 89' lang='lat' dir='ltr'><strong>consilii</strong></span> <span class='ocrx_word' id='word_1_108' title='bbox 1492 2399 1618 2467; x_wconf 82' lang='lat' dir='ltr'><strong>fuit,</strong></span> <span class='ocrx_word' id='word_1_109' title='bbox 1672 2409 1865 2459; x_wconf 86' lang='lat' dir='ltr'><strong>tamen</strong></span> <span class='ocrx_word' id='word_1_110' title='bbox 1897 2400 2025 2477; x_wconf 88' lang='lat' dir='ltr'><strong>ipse</strong></span> <span class='ocrx_word' id='word_1_111' title='bbox 2058 2401 2167 2459; x_wconf 89' lang='lat' dir='ltr'><strong>im-</strong></span> 
     </span>
     <span class='ocr_line' id='line_1_15' title="bbox 231 2483 2170 2566; baseline -0.001 -20"><span class='ocrx_word' id='word_1_112' title='bbox 231 2494 556 2566; x_wconf 84' lang='lat' dir='ltr'><strong>peraturus</strong></span> <span class='ocrx_word' id='word_1_113' title='bbox 598 2485 755 2546; x_wconf 92' lang='lat' dir='ltr'><strong>bono</strong></span> <span class='ocrx_word' id='word_1_114' title='bbox 800 2488 1036 2563; x_wconf 86' lang='lat' dir='ltr'><strong>generis</strong></span> <span class='ocrx_word' id='word_1_115' title='bbox 1083 2484 1339 2545; x_wconf 87' lang='lat' dir='ltr'><strong>humani·</strong></span> <span class='ocrx_word' id='word_1_116' title='bbox 1371 2503 1404 2544; x_wconf 84' lang='lat' dir='ltr'><strong>a</strong></span> <span class='ocrx_word' id='word_1_117' title='bbox 1444 2483 1864 2561; x_wconf 83' lang='lat' dir='ltr'><strong>gubernaculis</strong></span> <span class='ocrx_word' id='word_1_118' title='bbox 1916 2484 2170 2563; x_wconf 86' lang='lat' dir='ltr'><strong>publicis</strong></span> 
     </span>
    </p>

    <p class='ocr_par' dir='ltr' id='par_1_5' title="bbox 156 2569 2243 2913">
     <span class='ocr_line' id='line_1_16' title="bbox 156 2569 2168 2649; baseline -0.004 -13"><span class='ocrx_word' id='word_1_119' title='bbox 156 2596 208 2636; x_wconf 87' lang='lat'><strong>15</strong></span> <span class='ocrx_word' id='word_1_120' title='bbox 235 2570 484 2649; x_wconf 81' lang='lat' dir='ltr'><strong>depulit,</strong></span> <span class='ocrx_word' id='word_1_121' title='bbox 519 2572 620 2649; x_wconf 90' lang='lat' dir='ltr'><strong>qui</strong></span> <span class='ocrx_word' id='word_1_122' title='bbox 652 2572 702 2631; x_wconf 92' lang='lat' dir='ltr'><strong>si</strong></span> <span class='ocrx_word' id='word_1_123' title='bbox 733 2569 952 2630; x_wconf 86' lang='lat' dir='ltr'><strong>diutius</strong></span> <span class='ocrx_word' id='word_1_124' title='bbox 974 2574 1034 2630; x_wconf 91' lang='lat' dir='ltr'><strong>in</strong></span> <span class='ocrx_word' id='word_1_125' title='bbox 1068 2570 1178 2631; x_wconf 89' lang='lat' dir='ltr'><strong>hac</strong></span> <span class='ocrx_word' id='word_1_126' title='bbox 1210 2577 1369 2631; x_wconf 89' lang='lat' dir='ltr'><strong>esset</strong></span> <span class='ocrx_word' id='word_1_127' title='bbox 1397 2576 1800 2630; x_wconf 83' lang='lat' dir='ltr'><strong>commoratus</strong></span> <span class='ocrx_word' id='word_1_128' title='bbox 1830 2588 2005 2648; x_wconf 67' lang='lat' dir='ltr'><strong>rep„</strong></span> <span class='ocrx_word' id='word_1_129' title='bbox 2042 2570 2168 2629; x_wconf 88' lang='lat' dir='ltr'><strong>Sci-</strong></span> 
     </span>
     <span class='ocr_line' id='line_1_17' title="bbox 231 2653 2167 2736; baseline -0.001 -21"><span class='ocrx_word' id='word_1_130' title='bbox 231 2658 446 2736; x_wconf 90' lang='lat' dir='ltr'><strong>piones</strong></span> <span class='ocrx_word' id='word_1_131' title='bbox 476 2656 650 2715; x_wconf 89' lang='lat' dir='ltr'><strong>nobis</strong></span> <span class='ocrx_word' id='word_1_132' title='bbox 680 2664 740 2716; x_wconf 90' lang='lat' dir='ltr'><strong>et</strong></span> <span class='ocrx_word' id='word_1_133' title='bbox 768 2654 1044 2716; x_wconf 86' lang='lat' dir='ltr'><strong>Camillos</strong></span> <span class='ocrx_word' id='word_1_134' title='bbox 1087 2672 1416 2732; x_wconf 87' lang='lat' dir='ltr'><strong>omnesque</strong></span> <span class='ocrx_word' id='word_1_135' title='bbox 1449 2653 1584 2715; x_wconf 89' lang='lat' dir='ltr'><strong>illos</strong></span> <span class='ocrx_word' id='word_1_136' title='bbox 1626 2662 1862 2715; x_wconf 84' lang='lat' dir='ltr'><strong>ueteres</strong></span> <span class='ocrx_word' id='word_1_137' title='bbox 1892 2656 2016 2715; x_wconf 91' lang='lat' dir='ltr'><strong>suis</strong></span> <span class='ocrx_word' id='word_1_138' title='bbox 2045 2655 2167 2713; x_wconf 90' lang='lat' dir='ltr'><strong>uir-</strong></span> 
     </span>
     <span class='ocr_line' id='line_1_18' title="bbox 230 2731 2243 2819; baseline -0.004 -18"><span class='ocrx_word' id='word_1_139' title='bbox 230 2741 480 2809; x_wconf 82' lang='lat' dir='ltr'><strong>tutibus,</strong></span> <span class='ocrx_word' id='word_1_140' title='bbox 517 2743 640 2801; x_wconf 89' lang='lat' dir='ltr'><strong>suis</strong></span> <span class='ocrx_word' id='word_1_141' title='bbox 671 2739 950 2808; x_wconf 85' lang='lat' dir='ltr'><strong>consiliis,</strong></span> <span class='ocrx_word' id='word_1_142' title='bbox 996 2759 1100 2801; x_wconf 85' lang='lat' dir='ltr'><strong>sua</strong></span> <span class='ocrx_word' id='word_1_143' title='bbox 1129 2740 1505 2819; x_wconf 88' lang='lat' dir='ltr'><strong>prouidentia</strong></span> <span class='ocrx_word' id='word_1_144' title='bbox 1538 2738 1940 2800; x_wconf 86' lang='lat' dir='ltr'><strong>reddidisset..</strong></span> <span class='ocrx_word' id='word_1_145' title='bbox 1972 2738 2171 2799; x_wconf 87' lang='lat' dir='ltr'><strong>Breue</strong></span> <span class='ocrx_word' id='word_1_146' title='bbox 2203 2731 2243 2793; x_wconf 79' lang='lat'>2</span> 
     </span>
     <span class='ocr_line' id='line_1_19' title="bbox 231 2825 2165 2913; baseline -0.002 -27"><span class='ocrx_word' id='word_1_147' title='bbox 231 2826 410 2896; x_wconf 87' lang='lat' dir='ltr'><strong>illius,</strong></span> <span class='ocrx_word' id='word_1_148' title='bbox 446 2827 613 2913; x_wconf 55' lang='lat' dir='ltr'><strong>quod</strong></span> <span class='ocrx_word' id='word_1_149' title='bbox 636 2843 854 2902; x_wconf 84' lang='lat' dir='ltr'><strong>negare</strong></span> <span class='ocrx_word' id='word_1_150' title='bbox 887 2843 1004 2885; x_wconf 90' lang='lat' dir='ltr'><strong>non</strong></span> <span class='ocrx_word' id='word_1_151' title='bbox 1038 2844 1311 2903; x_wconf 84' lang='lat' dir='ltr'><strong>possum,</strong></span> <span class='ocrx_word' id='word_1_152' title='bbox 1362 2827 1423 2883; x_wconf 89' lang='lat' dir='ltr'><strong>in</strong></span> <span class='ocrx_word' id='word_1_153' title='bbox 1467 2826 1718 2902; x_wconf 86' lang='lat' dir='ltr'><strong>imperio</strong></span> <span class='ocrx_word' id='word_1_154' title='bbox 1761 2825 1871 2883; x_wconf 86' lang='lat' dir='ltr'><strong>fuit</strong></span> <span class='ocrx_word' id='word_1_155' title='bbox 1914 2831 2165 2903; x_wconf 79' lang='lat' dir='ltr'><strong>tempuS‚</strong></span> 
     </span>
    </p>
   </div>
   <div class='ocr_carea' id='block_1_3' title="bbox 237 3024 2249 3569">
    <p class='ocr_par' dir='ltr' id='par_1_6' title="bbox 237 3024 2249 3161">
     <span class='ocr_line' id='line_1_20' title="bbox 377 3024 2169 3093; baseline -0.002 -16"><span class='ocrx_word' id='word_1_156' title='bbox 377 3032 399 3077; x_wconf 90' lang='lat' dir='ltr'>l</span> <span class='ocrx_word' id='word_1_157' title='bbox 435 3028 636 3092; x_wconf 85' lang='lat' dir='ltr'><strong>incipit</strong></span> <span class='ocrx_word' id='word_1_158' title='bbox 671 3028 917 3078; x_wconf 85' lang='lat' dir='ltr'><strong>eiusdem</strong></span> <span class='ocrx_word' id='word_1_159' title='bbox 951 3025 1215 3093; x_wconf 88' lang='lat' dir='ltr'><strong>[treuellii</strong></span> <span class='ocrx_word' id='word_1_160' title='bbox 1248 3027 1508 3093; x_wconf 87' lang='lat' dir='ltr'><strong>pollionis</strong></span> <span class='ocrx_word' id='word_1_161' title='bbox 1541 3028 1661 3076; x_wconf 80' lang='lat' dir='ltr'><strong>add.</strong></span> <span class='ocrx_word' id='word_1_162' title='bbox 1689 3024 1787 3091; x_wconf 82' lang='lat' dir='ltr'><strong>P3]</strong></span> <span class='ocrx_word' id='word_1_163' title='bbox 1814 3026 1988 3079; x_wconf 73' lang='lat' dir='ltr'><strong>,diuus</strong></span> <span class='ocrx_word' id='word_1_164' title='bbox 2021 3025 2169 3074; x_wconf 82' lang='lat' dir='ltr'><strong>elau-</strong></span> 
     </span>
     <span class='ocr_line' id='line_1_21' title="bbox 237 3092 2249 3161; baseline -0.002 -16"><span class='ocrx_word' id='word_1_165' title='bbox 237 3096 362 3145; x_wconf 85' lang='lat' dir='ltr'><strong>dius</strong></span> <span class='ocrx_word' id='word_1_166' title='bbox 387 3095 631 3145; x_wconf 84' lang='lat' dir='ltr'><strong>feliciter</strong></span> <span class='ocrx_word' id='word_1_167' title='bbox 653 3101 880 3145; x_wconf 87' lang='lat' dir='ltr'><strong>uentum</strong></span> <span class='ocrx_word' id='word_1_168' title='bbox 905 3101 990 3145; x_wconf 86' lang='lat' dir='ltr'><strong>est</strong></span> <span class='ocrx_word' id='word_1_169' title='bbox 1015 3096 1086 3145; x_wconf 83' lang='lat' dir='ltr'><strong>ad</strong></span> <span class='ocrx_word' id='word_1_170' title='bbox 1109 3097 1414 3161; x_wconf 84' lang='lat' dir='ltr'><strong>principem</strong></span> <span class='ocrx_word' id='word_1_171' title='bbox 1434 3094 1711 3145; x_wconf 84' lang='lat' dir='ltr'><strong>claudium</strong></span> <span class='ocrx_word' id='word_1_172' title='bbox 1729 3096 1898 3143; x_wconf 80' lang='lat' dir='ltr'><strong>colore</strong></span> <span class='ocrx_word' id='word_1_173' title='bbox 1915 3093 2055 3145; x_wconf 81' lang='lat' dir='ltr'><strong>rubr.</strong></span> <span class='ocrx_word' id='word_1_174' title='bbox 2070 3092 2173 3141; x_wconf 89' lang='lat' dir='ltr'><strong>BP</strong></span> <span class='ocrx_word' id='word_1_175' title='bbox 2244 3128 2249 3132; x_wconf 83' lang='lat'>-</span> 
     </span>
    </p>

    <p class='ocr_par' dir='ltr' id='par_1_7' title="bbox 237 3162 2174 3569">
     <span class='ocr_line' id='line_1_22' title="bbox 371 3162 2169 3229; baseline -0.003 -14"><span class='ocrx_word' id='word_1_176' title='bbox 371 3168 402 3215; x_wconf 85' lang='lat'><strong>3</strong></span> <span class='ocrx_word' id='word_1_177' title='bbox 427 3165 538 3213; x_wconf 90' lang='lat' dir='ltr'><strong>nob</strong></span> <span class='ocrx_word' id='word_1_178' title='bbox 562 3163 664 3212; x_wconf 92' lang='lat' dir='ltr'><strong>BP</strong></span> <span class='ocrx_word' id='word_1_179' title='bbox 796 3166 831 3214; x_wconf 82' lang='lat'>4</span> <span class='ocrx_word' id='word_1_180' title='bbox 853 3163 1060 3213; x_wconf 84' lang='lat' dir='ltr'><strong>litteris</strong></span> <span class='ocrx_word' id='word_1_181' title='bbox 1084 3165 1151 3214; x_wconf 92' lang='lat' dir='ltr'><em>M</em></span> <span class='ocrx_word' id='word_1_182' title='bbox 1282 3165 1313 3213; x_wconf 83' lang='lat'>6</span> <span class='ocrx_word' id='word_1_183' title='bbox 1342 3163 1809 3229; x_wconf 84' lang='lat' dir='ltr'><strong>cleopatramnam</strong></span> <span class='ocrx_word' id='word_1_184' title='bbox 1832 3162 1885 3211; x_wconf 93' lang='lat' dir='ltr'><em>B</em></span> <span class='ocrx_word' id='word_1_185' title='bbox 2000 3164 2028 3211; x_wconf 77' lang='lat'><strong>7</strong></span> <span class='ocrx_word' id='word_1_186' title='bbox 2053 3162 2169 3211; x_wconf 90' lang='lat' dir='ltr'><strong>uic-</strong></span> 
     </span>
     <span class='ocr_line' id='line_1_23' title="bbox 237 3229 2049 3293; baseline -0.001 -12"><span class='ocrx_word' id='word_1_187' title='bbox 237 3233 511 3281; x_wconf 80' lang='lat' dir='ltr'><strong>torianam</strong></span> <span class='ocrx_word' id='word_1_188' title='bbox 537 3231 704 3281; x_wconf 90' lang='lat' dir='ltr'><strong>BPM</strong></span> <span class='ocrx_word' id='word_1_189' title='bbox 722 3233 1064 3283; x_wconf 74' lang='lat' dir='ltr'><strong>Victorinam</strong></span> <span class='ocrx_word' id='word_1_190' title='bbox 1087 3232 1128 3281; x_wconf 87' lang='lat' dir='ltr'><em>S</em></span> <span class='ocrx_word' id='word_1_191' title='bbox 1162 3233 1468 3282; x_wconf 82' lang='lat' dir='ltr'><strong>Victoriam</strong></span> <span class='ocrx_word' id='word_1_192' title='bbox 1489 3231 1679 3293; x_wconf 77' lang='lat' dir='ltr'><strong>scripsi</strong></span> <span class='ocrx_word' id='word_1_193' title='bbox 1809 3229 1957 3279; x_wconf 88' lang='lat' dir='ltr'><strong>hunc</strong></span> <span class='ocrx_word' id='word_1_194' title='bbox 1983 3229 2049 3279; x_wconf 92' lang='lat' dir='ltr'><em>M</em></span> 
     </span>
     <span class='ocr_line' id='line_1_24' title="bbox 239 3294 2171 3364; baseline -0.002 -15"><span class='ocrx_word' id='word_1_195' title='bbox 239 3302 303 3349; x_wconf 86' lang='lat'><strong>10</strong></span> <span class='ocrx_word' id='word_1_196' title='bbox 327 3300 552 3364; x_wconf 88' lang='lat' dir='ltr'><strong>reliquit</strong></span> <span class='ocrx_word' id='word_1_197' title='bbox 576 3301 698 3351; x_wconf 82' lang='lat' dir='ltr'><strong>add.</strong></span> <span class='ocrx_word' id='word_1_198' title='bbox 723 3300 766 3349; x_wconf 83' lang='lat' dir='ltr'><strong><em>S</em></strong></span> <span class='ocrx_word' id='word_1_199' title='bbox 789 3300 863 3361; x_wconf 79' lang='lat' dir='ltr'><strong>(in</strong></span> <span class='ocrx_word' id='word_1_200' title='bbox 887 3303 1004 3350; x_wconf 83' lang='lat' dir='ltr'><strong>adn.</strong></span> <span class='ocrx_word' id='word_1_201' title='bbox 1033 3302 1104 3349; x_wconf 86' lang='lat' dir='ltr'><strong>ad</strong></span> <span class='ocrx_word' id='word_1_202' title='bbox 1125 3317 1167 3351; x_wconf 86' lang='lat' dir='ltr'><strong>c.</strong></span> <span class='ocrx_word' id='word_1_203' title='bbox 1198 3300 1254 3364; x_wconf 86' lang='lat'><strong>3)</strong></span> <span class='ocrx_word' id='word_1_204' title='bbox 1418 3302 1478 3348; x_wconf 90' lang='lat'><strong>11</strong></span> <span class='ocrx_word' id='word_1_205' title='bbox 1514 3294 1640 3349; x_wconf 65' lang='lat' dir='ltr'><strong>§tasi</strong></span> <span class='ocrx_word' id='word_1_206' title='bbox 1665 3295 1735 3347; x_wconf 87' lang='lat' dir='ltr'><strong>B¹</strong></span> <span class='ocrx_word' id='word_1_207' title='bbox 1764 3313 1864 3347; x_wconf 78' lang='lat' dir='ltr'><strong>sau</strong></span> <span class='ocrx_word' id='word_1_208' title='bbox 1888 3295 1963 3346; x_wconf 91' lang='lat' dir='ltr'><strong>P¹</strong></span> <span class='ocrx_word' id='word_1_209' title='bbox 2106 3297 2171 3347; x_wconf 87' lang='lat'><strong>15</strong></span> 
     </span>
     <span class='ocr_line' id='line_1_25' title="bbox 239 3364 2170 3431; baseline -0.003 -14"><span class='ocrx_word' id='word_1_210' title='bbox 239 3368 504 3431; x_wconf 78' lang='lat' dir='ltr'><strong>scipionis</strong></span> <span class='ocrx_word' id='word_1_211' title='bbox 527 3365 654 3415; x_wconf 81' lang='lat' dir='ltr'><strong>B¹P</strong></span> <span class='ocrx_word' id='word_1_212' title='bbox 789 3371 850 3419; x_wconf 83' lang='lat'><strong>17</strong></span> <span class='ocrx_word' id='word_1_213' title='bbox 875 3369 1036 3419; x_wconf 86' lang='lat' dir='ltr'><strong>bonis</strong></span> <span class='ocrx_word' id='word_1_214' title='bbox 1059 3367 1194 3418; x_wconf 87' lang='lat' dir='ltr'><strong>B¹P</strong></span> <span class='ocrx_word' id='word_1_215' title='bbox 1223 3368 1397 3417; x_wconf 84' lang='lat' dir='ltr'><strong>bones</strong></span> <span class='ocrx_word' id='word_1_216' title='bbox 1420 3366 1473 3416; x_wconf 91' lang='lat' dir='ltr'><em>B</em></span> <span class='ocrx_word' id='word_1_217' title='bbox 1484 3364 1505 3397; x_wconf 81' lang='lat'><strong>²</strong></span> <span class='ocrx_word' id='word_1_218' title='bbox 1528 3367 1703 3416; x_wconf 87' lang='lat' dir='ltr'><strong>bonos</strong></span> <span class='ocrx_word' id='word_1_219' title='bbox 1728 3366 1795 3414; x_wconf 92' lang='lat' dir='ltr'><em>M</em></span> <span class='ocrx_word' id='word_1_220' title='bbox 1812 3381 1901 3413; x_wconf 84' lang='lat' dir='ltr'><strong>em.</strong></span> <span class='ocrx_word' id='word_1_221' title='bbox 1929 3364 1971 3413; x_wconf 89' lang='lat' dir='ltr'><strong><em>S</em></strong></span> <span class='ocrx_word' id='word_1_222' title='bbox 2108 3364 2170 3411; x_wconf 89' lang='lat'><strong>18</strong></span> 
     </span>
     <span class='ocr_line' id='line_1_26' title="bbox 239 3430 2174 3503; baseline -0.003 -19"><span class='ocrx_word' id='word_1_223' title='bbox 239 3450 440 3499; x_wconf 85' lang='lat' dir='ltr'><strong>genere</strong></span> <span class='ocrx_word' id='word_1_224' title='bbox 474 3450 585 3503; x_wconf 76' lang='lat' dir='ltr'><strong>non</strong></span> <span class='ocrx_word' id='word_1_225' title='bbox 609 3449 833 3499; x_wconf 78' lang='lat' dir='ltr'><strong>possum</strong></span> <span class='ocrx_word' id='word_1_226' title='bbox 857 3436 959 3487; x_wconf 85' lang='lat' dir='ltr'><strong>BP</strong></span> <span class='ocrx_word' id='word_1_227' title='bbox 977 3451 1068 3486; x_wconf 87' lang='lat' dir='ltr'><strong>om.</strong></span> <span class='ocrx_word' id='word_1_228' title='bbox 1099 3436 1164 3485; x_wconf 93' lang='lat' dir='ltr'><em>M</em></span> <span class='ocrx_word' id='word_1_229' title='bbox 1195 3434 1340 3499; x_wconf 88' lang='lat' dir='ltr'><strong>quod</strong></span> <span class='ocrx_word' id='word_1_230' title='bbox 1365 3449 1569 3498; x_wconf 83' lang='lat' dir='ltr'><strong>negare</strong></span> <span class='ocrx_word' id='word_1_231' title='bbox 1603 3449 1712 3483; x_wconf 90' lang='lat' dir='ltr'><strong>non</strong></span> <span class='ocrx_word' id='word_1_232' title='bbox 1739 3446 1960 3495; x_wconf 80' lang='lat' dir='ltr'><strong>possum</strong></span> <span class='ocrx_word' id='word_1_233' title='bbox 1983 3430 2174 3493; x_wconf 76' lang='lat' dir='ltr'><strong>scripsi</strong></span> 
     </span>
     <span class='ocr_line' id='line_1_27' title="bbox 240 3504 1529 3569; baseline 0.002 -18"><span class='ocrx_word' id='word_1_234' title='bbox 240 3518 442 3567; x_wconf 80' lang='lat' dir='ltr'><strong>negare</strong></span> <span class='ocrx_word' id='word_1_235' title='bbox 467 3516 577 3551; x_wconf 88' lang='lat' dir='ltr'><strong>non</strong></span> <span class='ocrx_word' id='word_1_236' title='bbox 604 3518 826 3567; x_wconf 82' lang='lat' dir='ltr'><strong>possum</strong></span> <span class='ocrx_word' id='word_1_237' title='bbox 851 3504 1099 3569; x_wconf 71' lang='lat' dir='ltr'><strong>Eyssenlz.</strong></span> <span class='ocrx_word' id='word_1_238' title='bbox 1526 3508 1529 3511; x_wconf 83' lang='lat'>&#39;</span> 
     </span>
    </p>
   </div>
  </div>
 </body>
</html>
