2517 3884
805 202 1107 263 MAXIMINI
1147 200 1324 263 ovo:
1364 178 1435 261 c,
1453 209 1620 260 4—7.
2139 200 2179 265 Ἰ

256 436 263 443 ,
370 377 628 453 Accepta
679 372 860 450 igitur
904 370 1139 451 legione
1192 373 1392 433 statim
1445 390 1576 433 eam
1627 389 1910 453 exercere
1962 374 2176 453 coepit.
2211 369 2254 435 6
2363 422 2374 429 .

232 461 453 538 quinta
484 474 722 537 quaque
754 456 849 517 die
878 456 1121 520 iubebat
1148 456 1370 519 milites
1401 456 1758 527 decurrere,
1799 459 1864 518 in
1895 476 1961 518 se
1991 458 2174 520 simu·
2212 473 2246 520 2

234 546 407 607 laci-a
449 542 747 607 bellorum
778 560 989 621 agere,
1034 542 1262 621 gladios
1303 541 1522 603 loricas
1563 542 1764 621 galeas
1811 551 1977 604 scuta
2017 545 2176 605 tuni-

237 648 349 692 cas
382 637 440 690 et
468 630 669 691 omnia
694 646 861 689 arma
890 626 1129 689 illorum
1161 628 1402 689 cottidie
1431 629 1930 707 circumspicere;
1964 628 2174 690 calcia-
2213 642 2248 693 3

158 728 205 769 ⁵
236 722 448 778 menta
480 714 626 791 quin
658 715 835 776 etiam
861 714 993 791 ipse
1014 712 1439 793 prospiciebat,
1470 731 1724 792 prorsus
1755 721 1953 774 autem
1981 722 2048 775 ut
2075 732 2179 794 pa-

235 808 405 863 trem
427 797 1063 877 militibuspraeberet.
1100 798 1374 860 sedeunt
1405 816 1542 861 eum
1557 798 1796 875 quidam
1826 797 2054 859 tribuni
2082 818 2180 859 re·
2213 812 2251 861 4

237 884 699 967 prehenderent
713 882 1005 945 dicentes:
1040 883 1132 959 „Q
1139 882 1239 945 uid
1252 890 1484 943 tautum
1497 882 1754 953 laboras,
1771 902 1908 945 cum
1923 886 2051 945 eius
2064 882 2182 945 loci

236 974 367 1032 iam
394 970 497 1039 sis,
528 976 597 1029 ut
622 967 904 1033 ducatum
935 970 1131 1047 possis
1164 970 1437 1047 accipere
1451 969 1519 1028 ‘?“
1577 968 1679 1029 ille
1709 968 1934 1029 dixisse
1963 970 2177 1031 fertur:

240 1056 421 1133 „Ego
448 1072 618 1122 uero,
650 1072 768 1133 quo
798 1054 991 1115 maior
1020 1054 1211 1123 fuero,
1245 1061 1410 1115 tanto
1441 1052 1578 1133 plus
1607 1052 1961 1115 laborabo.“
2005 1051 2176 1116 exer·
2215 1067 2249 1117 ὅ

136 1155 207 1195 1⁰
238 1140 423 1203 cebat
446 1157 583 1200 cum
604 1138 889 1201 militibus
910 1140 1043 1217 ipse
1076 1136 1414 1208 luctamina,
1449 1138 1662 1215 quinos
1691 1157 1872 1199 senos
1897 1146 1956 1199 et
1979 1146 2177 1218 septe-

238 1244 361 1287 nos
390 1227 507 1285 iam
537 1223 911 1302 grandaeuus
941 1222 1014 1283 ad
1044 1231 1272 1286 terram
1302 1230 1715 1302 prosternens,
1789 1223 2046 1300 denique
2086 1224 2178 1284 in·
2216 1236 2250 1285 6

238 1309 595 1372 uidentibus
652 1310 911 1378 cunctis,
984 1327 1121 1371 cum
1200 1307 1438 1386 quidam
1497 1307 1774 1369 tribunus
1837 1306 2177 1387 superbior,

240 1396 450 1472 magni
494 1395 795 1473 corporis,
838 1395 1079 1456 uirtutis
1134 1402 1314 1455 notae
1367 1400 1544 1470 atque
1592 1392 1729 1454 ideo
1784 1392 2076 1463 ferocior,
2123 1396 2180 1453 ei

241 1481 529 1541 dixisset:
577 1479 751 1550 „Non
780 1496 1059 1557 magnam
1090 1496 1220 1540 rem
1250 1480 1426 1548 facis,
1471 1479 1522 1539 si
1550 1476 1827 1541 tribunus
1857 1485 1995 1539 tuos
2025 1475 2178 1538 mili-

138 1580 213 1621 15
240 1572 342 1627 tes
370 1564 624 1633 uincis“,
657 1562 759 1625 ille
791 1564 901 1624 ait:
950 1566 1175 1636 „Visne
1206 1563 1747 1643 congrediamur?“
1789 1579 2046 1640 cumque
2075 1562 2178 1625 ad·
2216 1578 2246 1626 7

238 1650 550 1712 uei-sarius
582 1648 903 1717 adnuisset,
935 1651 1516 1711 uenientemcontra
1551 1666 1618 1710 se
1645 1648 1842 1728 palma
1875 1650 1937 1709 in
1966 1655 2178 1728 pectus
2251 1704 2276 1715 ,-

236 1752 599 1816 percussum
616 1735 898 1813 supinum
921 1735 1128 1795 reiecit
1159 1742 1218 1795 et
1241 1735 1527 1795 continuo
1549 1733 1730 1794 dixit:
1762 1734 1954 1803 „Date
1977 1732 2176 1803 alium,

238 1820 355 1883 sed
384 1819 753 1881 tribunum.“
810 1818 955 1880 Erat
982 1827 1315 1899 praeterea,
1349 1826 1416 1880 ut
1443 1820 1635 1880 refert
1663 1818 1914 1888 Cordus,
1948 1820 2176 1897 magni·
2215 1832 2250 1881 8

236 1904 455 1967 tudine
484 1912 647 1965 tanta
662 1911 741 1966 ‘ut
770 1912 903 1965 octo
932 1905 1120 1984 pedes
1151 1904 1350 1983 digitis
1383 1922 1491 1965 sex
1519 1904 1820 1965 diceretur
1865 1909 2176 1981 egressus:

142 2004 217 2045 20
242 1988 468 2071 pollice
497 1991 579 2051 ita
600 1996 769 2051 uasto
798 1996 866 2049 ut
881 1991 1087 2051 uxoris
1108 1988 1528 2051 dextrocherio
1551 1996 1820 2049 uteretur
1843 2006 1955 2067 pro
1980 1987 2176 2048 anulo.

238 2078 369 2137 iam
397 2072 499 2135 illa
528 2092 723 2153 prope
751 2075 816 2135 in
843 2073 1010 2152 uulgi
1040 2092 1147 2135 ore
1180 2081 1319 2135 sunt
1348 2076 1562 2159 posita,
1595 2072 1753 2151 quod
1785 2090 2024 2133 amaxas
2053 2090 2178 2133 ma·
2213 2086 2247 2137 9

212 2159 425 2221 -nibus
454 2158 825 2228 adtraheret‚
868 2159 1113 2220 raedam
1153 2166 1432 2220 onustam
1475 2156 1638 2220 solus
1679 2165 1980 2225 moueret,
2027 2175 2178 2236 equo

240 2247 299 2307 si
339 2260 607 2324 pugnum
648 2242 940 2314 dedisset,
981 2244 1193 2305 dentes
1248 2243 1540 2313 solueret,
1598 2244 1648 2305 si
1691 2241 1949 2312 calcem,
2001 2260 2178 2303 crura

238 2331 572 2407 frangeret,
604 2328 833 2408 lapides
862 2330 1093 2391 toficios
1124 2330 1350 2397 friat-et,
1385 2328 1638 2391 arbores
1655 2329 1993 2389 teneriores
2019 2328 2178 2387 scin-

140 2429 215 2470 25
242 2416 446 2485 deret,
480 2414 579 2475 alii
608 2414 867 2491 denique
896 2432 1031 2477 eum
1064 2413 1450 2475 Crotoniaten
1479 2413 1790 2482 Milonem,
1825 2411 1920 2474 alii
1949 2412 2177 2473 Hercu-

238 2499 383 2569 lem,
414 2500 703 2561 Antaeum
734 2499 835 2560 alii
862 2507 1171 2561 uocarent.
2184 2515 2192 2523 ·

374 2584 481 2645 His
519 2583 705 2645 rebus
749 2586 1136 2663 conspicuum
1179 2586 1378 2645 uirum
1415 2582 1778 2660 Alexander,
1823 2599 2177 2661 magnorum
2210 2586 2248 2649 7

238 2671 601 2731 meritorum
628 2669 825 2738 iudex,
857 2670 920 2730 in
952 2688 1121 2731 suam
1142 2671 1472 2748 perniciem
1499 2670 1663 2731 omni
1687 2668 1975 2729 exercitui
2001 2685 2175 2747 prae·

240 2755 406 2823 fecit,
438 2753 835 2832 gaudentibus
854 2755 1082 2815 cunctis
1110 2754 1330 2831 ubique
1361 2753 1617 2832 tribunis
1647 2753 1897 2814 ducibus
1931 2758 1990 2812 et
2020 2750 2174 2812 mili-

148 2854 215 2894 30
241 2839 424 2901 tibus.
473 2838 729 2916 denique
758 2839 957 2901 totum
981 2839 1109 2900 eius
1138 2841 1485 2907 exercitum,
1519 2840 1621 2915 qui
1650 2837 1758 2899 sub
1790 2834 2176 2914 Heliogabalo
2213 2852 2247 2901 2

240 2941 462 3003 magna
492 2940 568 2984 ex
594 2932 765 3003 parte
797 2930 1126 3003 torpuerat,
1158 2922 1232 2984 ad
1264 2942 1432 2985 suam
1461 2923 1776 2985 militarem
1799 2918 2180 3000 disciplinam
2221 2974 2226 2978 .

232 2997 513 3071 *retraxit
600 3008 761 3086 quod
811 3007 1176 3078 Alexandro,
1229 3016 1296 3069 ut
1337 3009 1624 3077 diximus,
1670 3008 1892 3085 optimo
1935 3006 2176 3084 quidem
2209 3024 2246 3073 3

238 3095 612 3173 imperatori,
644 3093 751 3155 sed
780 3100 980 3155 tamen
1012 3095 1182 3154 cuius
1214 3102 1376 3154 aetas
1423 3093 1495 3155 ab
1527 3094 1695 3152 initio
1727 3092 2028 3153 contemni
2069 3108 2176 3171 po-

378 3263 415 3311 4
440 3261 799 3313 caltiamenta
824 3262 876 3312 P
894 3270 930 3314 t.
954 3262 1107 3314 Iord.
1245 3264 1279 3313 5
1301 3266 1368 3313 ιιι
1390 3267 1577 3313 autem
1600 3261 1704 3311 BP
1731 3265 1794 3312 ut
1820 3276 1879 3311 se
1905 3274 2095 3325 parem
2119 3259 2187 3309 M

235 3334 433 3381 autem
456 3334 523 3379 ut
542 3332 733 3395 scripsi
843 3331 877 3380 6
898 3329 1346 3395 ropprehendent
1362 3330 1413 3381 B
1436 3329 1850 3396 reprehendunt
1868 3330 1918 3378 P
2025 3330 2060 3379 8
2085 3327 2182 3378 ille

234 3398 418 3449 om.M
506 3399 573 3447 11
596 3396 970 3463 grandeuosB
992 3398 1402 3464 grandaeuosP
1493 3394 1909 3450 14·tribunasB¹
1931 3396 2186 3446 tribunos

238 3464 323 3516 1²¹
418 3467 483 3516 19
509 3465 687 3531 digito
710 3465 1171 3517 uidereturBPM
1191 3482 1283 3519 em,
1305 3467 1347 3517 0
1367 3467 1435 3531 ef.
1450 3467 1602 3519 Max.
1625 3470 1774 3517 iun.2
1865 3466 1932 3515 22
1956 3462 2184 3514 raedam

240 3559 315 3568 —
340 3532 537 3583 friaret
561 3535 612 3583 P
629 3550 743 3600 sup.
769 3540 899 3587 text.
1014 3534 1081 3584 26
1106 3534 1368 3585 antheum
1390 3534 1496 3585 BP
1603 3537 1666 3586 31
1693 3548 1851 3586 suum
1872 3531 1925 3581 B
2025 3533 2093 3581 33
2117 3531 2186 3595 ‘g‘t
