2517 3884
365 166 485 232 182
1070 173 1198 230 FLA
1206 173 1291 229 Vll
1335 171 1585 236 VOPISffl

294 354 327 404 3
363 348 646 411 armatus
707 340 892 402 semel
952 342 1263 402 uenatorio
1322 339 1547 402 habitu.
1607 342 1683 402 de
1728 357 1843 420 qua
1885 339 2125 417 quidem
2172 336 2311 415 epi-

363 411 816 503 grammatarius
856 427 937 486 ita
1003 425 1200 486 allusit
1251 433 1321 486 ut
1360 425 1615 488 dicerett
1676 425 1857 497 „Non
1888 440 2159 503 agmseo
2199 439 2308 480 se-

363 528 504 571 nem
535 518 847 580 armatum,
880 527 1002 588 non
1029 509 1473 590 clamydatnm“
1503 519 1564 573 et
1600 518 1823 580 θεῖοι-ε,
1855 508 2007 580 „sed
2038 523 2312 584 agnosco

297 609 334 658 4
367 601 696 674 togatum.“
767 595 842 656 Et
881 594 1144 656 Floriani
1195 596 1378 657 liberi
1418 603 1477 656 et
1516 597 1707 658 Taciti
1746 595 1918 656 multi
1958 593 2311 658 extiterunt,

370 696 630 756 quorum
689 685 828 740 sunt
877 682 1134 758 posteri,
1201 681 1413 749 credo,
1470 681 1853 742 millesimum
1910 695 2133 739 aunum
2198 692 2306 734 ex·
2364 689 2395 728 5

369 771 694 842 pectantes.
761 765 824 826 in
867 780 1014 840 quos
1052 765 1232 826 multa
1280 768 1699 845 epigrammata
1738 809 1914 826 ......
1964 781 2083 841 quo
2130 760 2319 820 iocati

303 863 340 912 5
373 856 513 910 sunt
555 850 858 928 aruspices
900 851 1216 928 imperium
1256 850 1624 929 pollicentes.
1688 850 1847 910 Haec
1876 854 2020 910 sunt
2049 863 2205 923 quae
2236 842 2317 903 de

373 935 495 994 uita
526 933 714 1033 'l'a-citi
745 940 920 1011 atque
949 933 1212 996 Floriani
1241 934 1420 1014 digna
1450 940 1787 998 memoratu
1811 933 2181 1013 comperisse
2214 946 2316 988 me

377 1035 641 1080 memlm.
2148 1047 2154 1052 -

307 1115 342 1164 6
501 1101 673 1163 Nune
701 1102 874 1164 nohis
905 1103 1347 1180 adgrediendus
1382 1111 1471 1164 est
1510 1100 1764 1172 Probus,
1812 1105 1908 1164 uir
1943 1101 2105 1162 domi
2134 1099 2318 1160 foris·
2350 1112 2409 1150 ιο
2505 1091 2507 1104 ²

378 1204 498 1264 que
519 1187 896 1266 conspicuus,
931 1189 1024 1248 uir
1050 1188 1370 1250 Aureliano
1399 1190 1655 1250 Traiano
1677 1187 1978 1248 Hadriano
2002 1183 2324 1246 Antoninis

378 1271 714 1333 Alexandro
767 1270 1132 1350 Claudioque
1179 1274 1631 1352 praeferendus,
1690 1270 1867 1352 [nisi]
1913 1272 2051 1348 quia
2090 1271 2155 1329 in
2198 1266 2323 1327 illis

379 1359 564 1426 uaria,
616 1359 680 1417 in
721 1357 836 1417 hoe
867 1359 1066 1419 omnia
1094 1359 1421 1437 praecipua
1453 1365 1592 1420 tune
1624 1358 1809 1426 fuere,
1846 1359 1949 1434 qui
1977 1361 2114 1434 post
2144 1353 2323 1412 Taci—

379 1449 508 1502 tum
539 1442 806 1502 omnium
833 1442 1056 1504 iudicio
1084 1442 1381 1503 bonorum
1402 1445 1731 1522 imperator
1755 1449 1846 1502 est
1868 1442 2057 1502 factus
2080 1437 2325 1499 orbem-

383 1542 500 1601 que
541 1531 842 1587 terrarum
881 1528 1328 1605 pacatissimum
1366 1527 1749 1606 gubernauit,
1792 1525 2003 1586 deletis
2044 1521 2325 1584 barbaris
2352 1533 2411 1574 15

383 1609 684 1686 gentibus,
717 1609 930 1671 deletis
952 1611 1130 1672 etiam
1155 1611 1429 1690 plurimis
1453 1619 1856 1692 tyrannorum,
1892 1611 1994 1686 qui
2020 1609 2149 1669 eius
2170 1615 2327 1666 tem-

385 1693 637 1772 poribus
670 1695 1010 1764 extiterunt‚
1043 1695 1119 1756 de
1150 1712 1271 1772 quo
1302 1697 1525 1758 dictum
1558 1703 1665 1765 est,
1698 1701 1767 1756 ut
1799 1693 2034 1756 Probus
2086 1691 2326 1751 dicere:-

387 1784 521 1846 tur,
571 1779 802 1840 etiamsi
842 1778 1074 1842 Probus
1115 1783 1358 1842 nomine
1398 1799 1521 1842 non
1562 1782 1790 1842 fuisset.
1860 1797 2044 1858 quem
2083 1774 2329 1856 quidem

389 1862 562 1922 multi
588 1863 793 1923 ferunt
833 1865 1010 1926 etiam
1040 1863 1343 1944 Sibyllinis
1372 1865 1541 1928 libris
1564 1866 1945 1945 promissum,
1994 1861 2095 1942 qui
2120 1861 2173 1920 si
2195 1858 2329 1919 diu-

323 1963 355 2011 ’1
393 1949 510 2008 tius
541 1948 768 2018 fuisset,
803 1948 968 2010 orbis
996 1957 1197 2011 terrae
1229 1950 1521 2011 barbaros
1550 1968 1670 2011 non
1700 1948 1967 2010 haberet.
2024 1946 2183 2006 Haec
2216 1959 2329 2020 ego
2358 1958 2410 1997 20

391 2035 456 2093 in
500 2031 754 2094 aliorum
793 2035 915 2094 uita
958 2034 1034 2094 de
1076 2035 1272 2097 Probo
1314 2034 1543 2096 credidi
1595 2032 2015 2114 praelibanda,
2075 2047 2155 2090 ne
2200 2027 2331 2088 dies

393 2116 544 2178 hora
573 2125 940 2179 momentum
971 2118 1190 2197 aliquid
1225 2119 1341 2180 sibi
1369 2118 1701 2180 uindicaret
1738 2118 1801 2177 in
1843 2135 1941 2179 me
1970 2114 2331 2176 necessitate

327 2217 361 2265 8
396 2201 560 2264 fatali
609 2221 678 2262 ao
717 2202 914 2264 Probo
964 2203 1188 2264 indicto
1229 2205 1588 2283 deperirem.
1688 2220 1851 2264 nune
1891 2202 2194 2279 quiescam
2237 2199 2329 2256 in-

395 2288 576 2347 terim
599 2288 662 2346 in
693 2305 826 2348 meo
858 2288 1067 2357 stadio,
1100 2291 1244 2350 satis
1266 2289 1487 2350 factum
1518 2287 1813 2349 arbitrans
1844 2285 2039 2347 studio
2071 2291 2131 2344 et
2163 2283 2332 2360 cupi·

401 2371 570 2432 ditati
605 2389 792 2434 meae.
2358 2380 2411 2422 25

198 2471 276 2539 17
299 2458 378 2542 (4)
531 2455 744 2516 Omina
772 2458 1012 2535 imperii
1040 2458 1246 2519 Tacito
1276 2457 1427 2520 haee
1455 2459 1729 2519 luerunt:
1773 2454 2064 2520 fanaticus
2092 2450 2332 2529 quidam

401 2541 466 2600 in
518 2539 741 2620 templo
793 2539 1020 2602 Siluani
1075 2543 1266 2604 tensis
1316 2542 1605 2605 membris
1648 2539 2033 2603 exclamauit:
2089 2536 2337 2606 „Tacita
2386 2562 2391 2566 ·

401 2643 699 2705 purpura,
743 2626 920 2686 tacita
983 2643 1248 2706 purpura
1275 2635 1332 2698 “,
1403 2628 1586 2706 idque
1650 2626 1923 2706 septimo.
1981 2621 2149 2701 quod
2208 2621 2336 2697 qui·

335 2725 368 2774 2
405 2710 541 2770 dem
582 2716 791 2789 postea
832 2710 1017 2772 omini
1060 2712 1411 2793 deputatum
1455 2721 1560 2774 est.
1625 2713 1851 2782 uinum,
1895 2726 2014 2788 quo
2044 2696 2338 2768 libaturus

547 2880 573 2926 1
598 2877 890 2930 uenatoria
915 2879 966 2928 B
1113 2881 1271 2932 abitu
1295 2883 1347 2932 P
1366 2888 1401 2930 t.
1428 2880 1581 2932 Iord.
1741 2881 1772 2930 3
1796 2878 1945 2928 inter
1970 2880 2158 2926 celera
2181 2871 2349 2923 BPM

411 2949 469 2995 et
495 2949 685 2996 cetera
707 2947 898 3011 scripsi
1031 2949 1064 2998 5
1088 2947 1422 2998 millesinum
1444 2948 1496 2998 B
1608 2949 1643 2997 6
1666 2945 1874 2997 multae
1898 2943 1971 2994 B¹
2084 2947 2205 3008 post
2230 2941 2344 3006 epi-

411 3018 717 3078 gramata
742 3016 934 3079 aliquot
953 3015 1116 3066 uerba
1135 3018 1506 3067 interciderunt
1640 3017 1674 3066 8
1700 3012 2063 3079 compen-isse
2086 3012 2139 3061 P
2260 3023 2343 3058 me

410 3082 465 3129 in
488 3081 539 3130 B
563 3097 676 3145 sup.
701 3083 787 3132 lin.
813 3097 910 3135 om.
933 3082 1051 3133 PM
1181 3086 1245 3134 10
1270 3083 1407 3134 foris
1430 3083 1535 3133 BP
1670 3085 1733 3132 12
1758 3081 1868 3132 nisi
1892 3082 2033 3130 uncis
2057 3078 2240 3128 inclusi

416 3149 478 3198 13
505 3146 658 3214 tunc]
695 3166 762 3200 an
789 3149 1122 3201 coniuncta?
1287 3154 1350 3202 15
1385 3151 1607 3202 dilectis
1630 3149 1782 3200 ΒΙΡΙ
1834 3147 2023 3198 diletis
2047 3143 2123 3196 Β*
2284 3145 2347 3192 19

417 3217 586 3264 etiam
610 3232 702 3267 om.
731 3216 800 3266 M
930 3218 1206 3281 sybillinis
1240 3220 1345 3270 BP
1479 3219 1598 3269 fore
1625 3217 1952 3284 promissum
1978 3215 2043 3263 M
2176 3214 2240 3262 21
2266 3212 2345 3260 in·

419 3281 537 3330 didi
559 3283 627 3331 M
757 3283 1182 3348 praeliberanda
1205 3285 1280 3336 Β1
1426 3289 1492 3340 22
1518 3299 1614 3336 ora
1640 3286 1742 3335 BP
1885 3283 2088 3348 aliquis
2112 3280 2217 3330 BP

418 3350 486 3398 23
509 3349 767 3412 quoniam
789 3351 968 3402 interf
988 3368 1108 3403 meo
1134 3355 1319 3404 studio
1329 3354 1433 3406 BP
1455 3369 1561 3419 quo
1588 3352 1867 3404 claudium
1886 3351 2148 3402 uolumen
2172 3347 2239 3396 M
2256 3361 2347 3396 em.

423 3415 541 3464 Obr.
655 3418 722 3467 25
745 3414 830 3468 me'
850 3418 901 3467 B
1013 3427 1080 3474 26
1106 3424 1288 3475 omnia
1313 3421 1443 3474 ΒΡι
1570 3421 1858 3472 sanatieus
1882 3417 1954 3469 B¹
2067 3418 2133 3467 2⁷
2159 3414 2349 3465 Taciti

424 3497 720 3547 purpuram
743 3486 866 3550 Rea.
1011 3495 1076 3542 29
1103 3491 1248 3544 omni
1272 3491 1400 3543 BP¹
1427 3491 1587 3557 (corr.
1613 3487 1715 3551 1⁹³)
