2517 3884
295 172 417 238 188
1014 177 1232 274 FLAyu
1274 176 1529 234 voplscl

420 345 538 416 „Et
575 363 780 409 meum
823 350 1060 406 secutus
1088 345 1404 413 iudicium,
1452 343 1612 422 quod
1644 361 1883 424 semper
1914 343 1989 406 de
2028 343 2234 406 Probo

294 429 678 492 adulescente
711 431 924 530 primo
952 427 1150 498 habui,
1198 435 1259 490 et
1300 430 1567 490 omnium
1599 427 1917 499 honorum,
1948 429 2053 506 qui
2082 444 2233 490 eun-

295 515 430 576 dem
462 517 556 578 sui
578 515 838 576 nominis
865 515 1068 574 uirum
1095 513 1322 584 dicunt,
1355 513 1771 576 tribunatum
1754 532 1818 578 m
1842 531 1979 574 eum
2004 512 2235 574 contuli

294 601 448 662 datis
478 619 584 662 sex
615 598 964 662 cohortibus
994 598 1327 669 Saracenis,
1360 598 1603 661 creditis
1636 600 1810 660 etiam
1842 597 2235 660 auxiliaribus

294 665 478 748 Gallis
509 703 646 747 cum
677 703 746 745 ea
779 685 1100 746 Persarum
1129 702 1313 744 manu
1342 700 1522 782 quam
1551 683 1724 744 nobis
1752 683 2089 744 Artabassis
2120 683 2229 764 Sy·
2286 695 2316 736 ⁵

222 779 255 828 2
291 787 395 832 rus
425 770 802 849 mancipauit.
839 775 900 829 te
929 786 1172 848 quaeso,
1203 767 1289 830 fili
1318 769 1643 838 carissime,
1668 776 1738 829 ut
1766 786 1905 830 eum
1930 769 2231 837 iuuenem,

294 872 474 932 quem
502 855 726 914 imitari
752 855 962 932 pueris
989 852 1269 914 omnibus
1299 852 1457 922 uolo,
1488 855 1551 914 in
1574 859 1741 914 tanto
1768 852 1991 914 habeas
2001 851 2235 912 honore

293 946 578 1016 quantum
620 941 880 1000 uirtutes
909 940 1038 1001 eius
1069 943 1130 998 et
1155 939 1371 999 merita
1400 956 1513 1018 pro
1545 936 1749 1000 debito
1779 939 2000 1000 mentis
2031 937 2235 1017 splen-

293 1023 440 1083 dore
469 1023 875 1086 desiderant.u
2234 1061 2239 1066 ·

223 1118 257 1168 3
418 1107 544 1169 Alia
587 1106 840 1188 epistula
885 1107 959 1168 de
1001 1107 1212 1168 eodem
1243 1106 1318 1168 ad
1349 1107 1535 1186 praef.
1584 1113 1772 1186 praet.
1808 1125 1947 1168 cum
1978 1105 2227 1168 salario.
2262 1126 2316 1166 ιο

379 1192 774 1262 „Valerianus
812 1195 1108 1271 Augustus
1147 1191 1373 1254 Muluio
1403 1191 1707 1253 Gallicano
1732 1192 1920 1270 praef.
1954 1198 2201 1269 praet.

419 1278 654 1340 Miraris
679 1279 969 1347 fortassis,
1002 1276 1163 1357 quod
1189 1295 1301 1354 ego
1322 1276 1639 1338 inberbem
1651 1275 1961 1338 tribunum
1982 1276 2234 1336 fecerim

293 1370 502 1424 contra
533 1363 890 1426 sententiam
919 1362 1046 1424 diui
1071 1361 1378 1432 Hadriani,
1412 1359 1518 1422 sed
1548 1379 1669 1422 non
1698 1359 1953 1422 multum
1972 1359 2232 1422 mirabe-

223 1457 259 1504 4
291 1447 394 1515 ris,
430 1448 481 1507 si
510 1446 771 1508 Probum
805 1448 1058 1526 cogitas:
1095 1452 1186 1508 est
1215 1446 1567 1508 adulescens
1591 1464 1739 1508 uere
1767 1445 2027 1525 probus3
2055 1463 2231 1506 num-

293 1540 470 1608 quam
503 1533 662 1592 enim
704 1531 864 1594 aliud
905 1530 1068 1601 mihi,
1116 1549 1429 1600 cumeum
1461 1532 1675 1611 cogito,
1708 1532 1823 1590 nisi
1854 1531 1983 1591 eius
2012 1547 2233 1590 nomen
2262 1547 2318 1590 15

293 1616 576 1685 occurrit,
619 1614 778 1695 quod
818 1617 934 1676 nisi
962 1633 1183 1676 nomen
1212 1615 1482 1697 haberet,
1527 1617 1723 1694 potuit
1750 1614 1973 1676 habere
2010 1632 2231 1692 cogno-

225 1710 258 1760 5
291 1717 450 1760 men.
484 1697 624 1760 huic
653 1700 838 1777 igitur
856 1699 997 1762 dari
1025 1699 1283 1770 iubehiS,
1316 1703 1595 1779 quoniam
1606 1699 1927 1762 mediocris
1956 1699 2235 1764 fortunae

294 1793 402 1852 est,
434 1791 502 1844 ut
531 1785 660 1845 eius
687 1784 944 1862 dignitas
971 1787 1365 1848 incrementis
1404 1785 1667 1854 iuuetur,
1698 1786 1931 1846 tunicas
1960 1783 2235 1846 russulas

295 1867 468 1938 duas,
530 1867 706 1948 pallia
747 1868 970 1931 Gallica
1022 1869 1140 1932 duo
1179 1869 1450 1939 fibulata,
1505 1869 1791 1932 interulas
1840 1869 2235 1949 paragaudias

295 1951 472 2022 duas,
533 1955 796 2034 patinam
837 1959 1184 2033 argenteam
1223 1953 1510 2016 librarum
1565 1955 1775 2015 decem
1827 1953 2229 2033 speccllatam,
2258 1972 2318 2013 so

295 2055 509 2099 aureos
551 2040 984 2100 Antoninianos
1015 2045 1275 2108 centum,
1324 2047 1639 2117 argenteos
1667 2037 2018 2100 Aurelianos
2046 2037 2229 2108 mille,

224 2133 256 2182 6
294 2139 505 2183 aereos
521 2120 868 2204 Philippeos
898 2123 1107 2185 decem
1137 2123 1329 2192 milia;
1360 2125 1503 2185 item
1534 2125 1596 2184 in
1628 2122 1842 2186 salario
1864 2122 2101 2191 diurno,
2115 2122 2230 2184 bu-

294 2205 468 2267 bulae
509 2207 738 2286 pondo.
760 2253 798 2277 .‚
832 2210 1115 2287 porcinae
1145 2209 1347 2288 pondo
1390 2227 1513 2277 sex,
1558 2209 1839 2287 caprinae
1879 2207 2080 2287 pondo
2124 2207 2231 2268 de-

294 2309 444 2361 cem,
477 2291 871 2369 gallinaceum
900 2310 1012 2372 per
1039 2293 1309 2363 biduum,
1344 2292 1461 2353 olei
1490 2311 1600 2372 per
1622 2292 1872 2355 biduum
1902 2293 2231 2354 sextarium

292 2393 494 2445 unum,
541 2378 666 2437 uini
706 2379 930 2444 ueteris
973 2377 1221 2440 diurnos
1264 2379 1555 2439 sextarios
1596 2377 1802 2439 decem
1848 2395 1986 2438 cum
2016 2377 2227 2446 larido,
2256 2394 2313 2436 25

223 2471 254 2520 7
290 2458 494 2538 pabuli
524 2462 676 2522 aceti
705 2460 844 2522 salis
876 2461 1108 2524 olerum
1148 2463 1449 2540 lignorum
1493 2469 1781 2540 quantum
1822 2469 1915 2523 sat
1954 2469 2063 2522 est.
2119 2461 2231 2521 ho-

291 2544 488 2688 spli'ti}
529 2552 844 2622 praeterea
897 2546 1094 2608 eidem
1149 2556 1218 2608 ut
1279 2547 1540 2610 tribunis
1594 2546 1893 2625 legionum
1947 2546 2231 2625 praeberi

289 2646 350 2689 ιιι
395 2647 430 2689 e
471 2636 592 2690 is.“
1083 2667 1092 2684 ι
2276 2655 2281 2662 ·

219 2713 262 2779 5
416 2713 490 2774 Et
530 2712 678 2775 haec
709 2713 948 2792 quidem
991 2714 1265 2795 epistulis
1294 2715 1693 2778 declarantur.
1738 2716 1911 2778 Nunc
1940 2723 2231 2796 quantum

293 2816 365 2858 ex
412 2797 796 2877 ephemeride
840 2798 1038 2879 colligi
1083 2801 1307 2880 potuit:
1354 2800 1499 2863 Cum
1543 2799 1701 2861 bello
1744 2800 2071 2862 Sarmatico
2111 2801 2231 2860 iam
2256 2816 2346 2860 ao.

425 3019 459 3066 4
485 3009 757 3069 cohorbus
781 3016 907 3068 B¹P
1040 3020 1073 3070 ὅ
1099 3019 1280 3083 syrius
1297 3017 1401 3076 BP
1533 3019 1565 3068 8
1589 3015 1811 3085 mentis]
1839 3019 2055 3068 meritis
2081 3017 2125 3068 G

291 3086 356 3133 10
381 3099 504 3134 cum
527 3087 629 3138 del.
652 3088 706 3135 ἰὴ
729 3085 781 3136 Β
919 3088 982 3137 12
1007 3086 1301 3138 minueris
1324 3084 1397 3136 P¹
1424 3087 1643 3136 miraris
1666 3087 1735 3136 M
1877 3088 1943 3138 13
1970 3088 2228 3136 consten-

288 3152 426 3200 tiam
447 3149 598 3201 B¹P¹
627 3153 1000 3204 constantiam
1022 3150 1108 3204 B*
1133 3157 1331 3204 eontra.
1357 3153 1719 3205 constitutum
1746 3151 1897 3204 P⁸M
1912 3170 2004 3206 em.
2035 3153 2125 3204 Gr.

289 3221 356 3268 14
379 3222 438 3268 et
462 3217 566 3270 BP
585 3236 678 3271 om.
703 3221 770 3272 M
792 3225 880 3271 est
897 3237 988 3271 em.
1019 3221 1109 3274 Gr.
1249 3220 1664 3272 adolescentem
1698 3237 1751 3272 u.
1778 3222 2009 3288 probum
2032 3219 2099 3270 M

289 3286 513 3335 iubetur
535 3286 587 3336 P
745 3290 810 3338 15
844 3288 1016 3338 ah'hm
1037 3287 1165 3338 B¹P
1323 3290 1390 3339 19
1422 3288 1599 3354 gallig
1599 3303 1633 3338 a
1656 3288 1763 3340 BP
1916 3274 2232 3354 integi-ulae

287 3352 392 3402 BP
535 3356 602 3405 23
626 3357 890 3405 intercidit
911 3371 1144 3406 numerus
1283 3357 1514 3421 porcino
1538 3355 1642 3407 BP
1798 3359 1866 3406 24
1890 3352 2001 3407 olei
2024 3371 2123 3422 per
2145 3355 2229 3404 bi-

291 3419 456 3470 duum
478 3435 573 3471 om.
598 3420 680 3470 3¹
841 3425 908 3472 25
933 3422 1130 3474 diurno
1151 3421 1230 3474 1²1
1394 3424 1461 3474 26
1493 3423 1739 3476 bolulaci
1767 3422 1985 3486 BHM)
2034 3421 2231 3488 pabuli

290 3487 442 3537 aceti
463 3490 655 3552 scripsi
791 3489 962 3539 soalis
983 3489 1090 3540 BP
1223 3490 1405 3541 oleum
1425 3489 1501 3541 Ρ1
1640 3493 1709 3542 29
1726 3505 1857 3542 num
1878 3490 1931 3540 B
1952 3505 2064 3540 non
2088 3489 2154 3538 M
