2517 3884
394 190 475 254 12
1092 194 1225 251 1vL1
1269 158 1640 251 cfflromiu

398 364 669 443 captiuos
701 361 1127 431 abstraximus,
1191 366 1454 421 armatos
1485 358 1829 429 occidimuS,
1874 359 1938 418 in
1968 358 2188 437 palude
2216 376 2336 437 pu-

397 449 730 527 gnauimus
795 448 1286 526 peruenissemus
1317 444 1389 505 ad
1421 443 1634 512 siluas,
1695 444 1813 505 nisi
1870 442 2118 505 altitudo
2159 444 2336 522 palu-

332 543 361 591 7
400 533 561 594 dium
606 551 717 593 nos
756 532 1016 592 transire
1048 548 1170 591 non
1200 530 1623 609 permisisset.’
1670 528 1872 591 Aelius
1903 527 2135 590 Cordus
2167 528 2333 597 dicit,

330 628 362 677 8
398 618 551 679 hanc
582 618 824 678 omnino
852 618 1038 695 ipsius
1070 618 1405 675 orationem
1435 616 1649 676 fuisse:
1701 611 1986 673 credibile
2019 620 2128 675 est.
2189 612 2338 694 quid

329 714 363 764 9
400 705 557 763 enim
588 704 651 761 in
680 700 792 762 hac
825 708 915 761 est
946 701 1103 780 quod
1129 719 1249 761 non
1272 707 1475 780 posset
1495 698 1788 761 barbarus
1817 697 2028 759 miles?
2076 700 2179 775 qui
2202 700 2338 777 pari
2385 711 2412 750 5

399 788 691 849 sententia
736 794 796 847 et
836 784 908 846 ad
948 784 1237 866 populum
1278 785 1520 863 scripsit
1561 784 1664 845 sed
1709 785 1936 844 maiore
1967 785 2336 853 reuerentia,

397 872 625 933 idcirco
656 870 1122 952 quod-senatum
1154 870 1391 939 oderat,
1425 889 1458 930 a
1490 885 1606 946 quo
1636 888 1702 929 se
1734 870 2035 929 contemni
2078 868 2338 929 multum

300 970 365 1018 10
401 955 698 1018 credebat.
776 956 957 1016 Iussit
984 962 1298 1035 praeterea
1337 953 1569 1027 tabulas
1601 951 1765 1034 pin'gi
1805 956 1886 1013 ita
1929 961 1993 1013 ut
2035 961 2165 1014 erat
2209 952 2335 1013 bel-

401 1042 527 1103 lum
558 1043 755 1120 ipsum
787 1046 1019 1118 gestum
1052 1049 1111 1101 et
1140 1048 1276 1101 ante
1309 1040 1532 1099 curiam
1566 1040 1855 1118 proponi,
1903 1045 1971 1098 ut
2015 1038 2171 1099 facta
2205 1039 2336 1099 eius

301 1140 362 1189 11
401 1128 633 1206 pictura
694 1126 1057 1205 loqueretur.
1136 1143 1282 1205 quas
1341 1123 1582 1201 quidem
1625 1123 1856 1185 tabulas
1895 1129 2035 1203 post
2073 1130 2336 1184 mortem
2361 1136 2412 1179 ιο

404 1214 531 1272 eius
561 1218 801 1272 senatus
833 1218 893 1271 et
924 1210 1142 1289 deponi
1173 1210 1349 1270 iussit
1381 1216 1440 1269 et
1473 1209 1656 1269 exuri.

303 1296 383 1361 13
528 1296 801 1357 Fuerunt
852 1302 914 1355 et
966 1295 1079 1357 alia
1132 1294 1245 1356 sub
1301 1312 1371 1355 eo
1404 1292 1556 1354 bella
1587 1292 1845 1373 plurima
1875 1312 1950 1354 ac
1978 1292 2232 1372 proelia,
2267 1311 2338 1353 ex

403 1380 617 1460 quihus
662 1398 901 1460 semper
943 1382 1175 1459 primus
1217 1380 1412 1440 uictor
1453 1380 1707 1439 reuertit
1737 1386 1796 1439 et
1827 1396 1961 1439 eum
1991 1378 2340 1457 ingentibus

334 1480 365 1527 2
404 1464 608 1544 spoliis
668 1473 844 1542 atque
904 1466 1177 1543 captiuis
1258 1464 1434 1525 Extat
1492 1465 1682 1524 oratio
1725 1463 1994 1524 eiusdem
2033 1464 2222 1524 missa
2265 1463 2337 1523 ad

401 1556 689 1618 senatum,
725 1551 891 1609 cuius
922 1548 1037 1610 hoc
1069 1548 1408 1627 exemplum
1441 1556 1558 1609 est:
1593 1549 1821 1618 „Breui
1849 1554 2142 1627 tempore,
2168 1566 2228 1627 p.
2261 1568 2335 1618 c.,
2363 1566 2414 1607 15

402 1641 490 1694 tot
532 1633 688 1695 bella
730 1635 889 1711 gessi
931 1640 1075 1712 quot
1116 1652 1296 1695 nemo
1339 1641 1634 1694 ueterum.
1710 1640 1942 1694 tantum
1982 1632 2247 1712 praedae
2276 1636 2338 1694 in

401 1718 735 1780 Romanum
764 1715 960 1779 solum
991 1717 1160 1779 attuli
1192 1726 1474 1797 quantum
1510 1720 1742 1797 sperari
1772 1736 1894 1779 non
1925 1719 2140 1797 potuit.
2205 1725 2336 1778 tan-

402 1811 528 1863 tum
586 1805 957 1883 captiuorum
1011 1802 1229 1864 adduxi
1273 1804 1480 1875 utssuix
1521 1802 1645 1864 sola
1675 1802 1941 1863 Romana
1975 1804 2340 1864 sufficiant.“

402 1887 634 1966 reliqua
667 1889 951 1949 orationis
982 1888 1054 1949 ad
1086 1887 1240 1947 hanc
1269 1906 1397 1949 rem
1414 1904 1532 1948 non
1562 1890 1920 1949 necessaria.

334 1989 369 2037 3
531 1974 742 2035 Pacata
758 1972 1075 2034 Germania
1096 1973 1382 2034 Sirmium
1411 1974 1596 2042 uenit,
1632 1973 1920 2033 Sarmatis
1949 1973 2177 2033 inferre
2209 1972 2337 2033 hel·
2365 1992 2412 2031 20

402 2055 525 2118 lum
558 2076 774 2138 parans
805 2065 981 2135 atque
1033 2060 1229 2118 animo
1273 2060 1639 2136 concupiens
1682 2073 1869 2133 usque
1915 2057 1986 2118 ad
2029 2056 2341 2118 Oceanum

406 2142 903 2222 septentrionales
971 2150 1174 2222 partes
1218 2145 1282 2203 in
1324 2142 1654 2203 Romanam
1696 2142 1982 2203 ditionem
2024 2141 2337 2220 redigere;

334 2243 369 2291 4
404 2229 559 2305 quod
594 2229 862 2297 fecisset,
918 2229 968 2287 si
996 2230 1274 2297 uixisset,
1337 2234 1405 2287 ut
1431 2226 1804 2287 Herodianus
1835 2227 2004 2295 dicit,
2070 2226 2341 2289 Graecus

262 2302 335 2342 7¹¹
356 2307 380 2341 ²
412 2315 705 2393 scriptor,
750 2314 854 2391 qui
886 2314 971 2381 ei,
1014 2320 1295 2391 quantum
1327 2311 1630 2381 uidemus,
1691 2314 1754 2372 in
1785 2311 1988 2371 odium
2017 2309 2343 2373 Alexandri

335 2402 367 2451 5
402 2396 727 2479 plurimum
758 2397 921 2456 fauit.
970 2396 1087 2457 Sed
1119 2414 1253 2457 cum
1284 2395 1538 2456 Romani
1568 2398 1696 2457 eius
1727 2395 2142 2457 crudelitatem
2175 2397 2340 2457 ferre
2365 2418 2415 2458 εδ

403 2500 521 2544 non
553 2486 826 2559 possent,
886 2479 1048 2557 quod
1091 2480 1390 2542 delatores
1437 2489 1744 2549 euocaret,
1807 2489 2218 2542 accusatorem
2248 2484 2340 2542 in-

402 2569 686 2633 mitteret,
721 2563 973 2625 crimina
1003 2566 1275 2643 fingeret,
1297 2566 1651 2627 innocentes
1679 2566 1998 2635 occideret,
2025 2565 2342 2627 damnaret

404 2668 615 2713 omnes
648 2650 1007 2726 quicumque
1036 2651 1099 2709 in
1128 2649 1416 2711 iudicium
1443 2652 1768 2721 uenissent,
1787 2668 1858 2711 ex
1889 2649 2198 2711 ditissimis
2231 2650 2341 2712 ho-

404 2735 665 2797 minibus
689 2734 1105 2814 pauperrimos
1136 2735 1363 2796 faceret
1393 2753 1505 2796 nec
1535 2734 1770 2796 aliunde
1802 2736 1918 2796 nisi
1953 2733 2110 2796 malo
2144 2736 2342 2796 alieno

402 2822 719 2901 pecuniam
752 2827 1098 2896 quaereret,
1134 2819 1350 2881 deinde
1383 2822 1512 2881 sine
1544 2819 1762 2881 delicto
1793 2818 2140 2881 consulares
2170 2823 2342 2882 uiros
2365 2843 2416 2883 30

406 2913 465 2967 et
496 2906 677 2966 duces
716 2903 933 2965 multos
972 2906 1377 2974 interimeret,
1427 2904 1574 2966 alios
1615 2903 2059 2966 siccis-uehelis
2090 2905 2340 2966 exhibe-

403 2998 516 3061 ret,
553 2989 703 3051 alios
732 2992 793 3050 in
825 2989 1088 3051 custodia
1120 2990 1447 3059 detineret,
1493 2989 1640 3050 nihil
1671 2989 1926 3067 denique
1957 2993 2340 3068 praetermit-

538 3177 568 3225 2
594 3174 736 3225 silua
759 3173 886 3225 BP¹
914 3172 1073 3237 (corr.
1099 3174 1197 3239 pa)
1337 3177 1372 3225 4
1395 3175 1542 3240 quod
1569 3174 1712 3225 cred.
1738 3172 1881 3224 P⁸M
2018 3178 2076 3225 11
2107 3180 2344 3227 senatus

403 3247 633 3292 senatus
655 3242 735 3291 B¹
872 3244 1129 3293 iussisset
1154 3242 1280 3293 BP¹
1308 3242 1389 3305 (ut
1406 3242 1533 3307 uid.)
1674 3246 1735 3293 12
1771 3258 1837 3293 ac
1861 3244 2043 3293 addidi
2179 3258 2343 3309 proe-

399 3308 478 3359 lia
503 3324 594 3360 om.
623 3310 683 3359 M
803 3312 865 3359 16
892 3311 1037 3374 quod
1061 3310 1165 3361 BP
1279 3313 1342 3362 18
1369 3308 1510 3377 sola]
1538 3312 1660 3362 fora
1685 3312 1916 3361 Arntzen
1939 3313 2014 3361 ad
2033 3310 2166 3361 Aur.
2202 3314 2341 3361 Vict.

397 3393 453 3440 p.
480 3380 584 3426 226
723 3380 785 3428 19
812 3378 1080 3429 orationis
1102 3380 1276 3430 uerba
1300 3395 1410 3429 non
1435 3384 1563 3429 sunt
1588 3378 1660 3428 ad
1684 3394 1798 3427 rem
1824 3378 1889 3427 M
2021 3392 2131 3428 non
2157 3380 2347 3431 addidi

402 3442 700 3510 (Eyssenh.)
861 3446 927 3495 26
953 3452 1143 3510 posset
1166 3445 1294 3497 ΒΡί
1456 3448 1523 3497 28
1555 3448 1614 3495 in
1638 3462 1729 3498 om.
1754 3444 1829 3495 Ρ1
1993 3447 2059 3496 30
2094 3446 2216 3496 sine
2247 3446 2343 3497 de-

396 3511 551 3564 lectu
574 3512 617 3563 S
750 3516 812 3564 31
838 3513 1039 3564 uehilis
1061 3514 1113 3563 B
1136 3514 1410 3565 uehiculis
1432 3512 1577 3565 P⁸M
