2517 3884
797 216 1098 274 MAXlMlNl
1141 215 1286 273 nvo.
1347 214 1404 271 e.
1438 216 1606 271 1—4.
2126 204 2169 273 5

228 392 465 447 rator.“
524 393 660 466 post
691 384 804 445 hoc
838 404 909 445 ex
942 400 1095 461 equo
1130 384 1395 445 Seuerus
1437 380 1747 442 descendit
1789 389 1848 442 et
1876 382 2165 443 recentis·
2201 389 2237 443 4

234 474 425 533 simos
456 488 728 550 quosque
759 488 827 530 ac
860 470 1219 530 fortissimos
1250 466 1472 529 milites
1516 468 1571 527 ei
1616 467 1930 546 conparari
1968 468 2160 531 iussit.

228 565 359 617 tum
390 555 494 617 ille
519 573 695 617 more
726 554 901 627 solito
936 562 1167 634 septem
1196 553 1554 614 fortissimos
1594 570 1717 613 uno
1761 551 1979 612 sudore
2021 552 2168 613 uicit
2199 560 2234 611 5

233 641 520 722 solusque
554 642 819 702 omnium
852 658 884 701 a
917 640 1147 700 Seuero
1176 645 1316 718 post
1347 644 1628 716 argentea
1655 638 1922 717 praemia
1953 642 2168 716 torque

174 742 205 782 5
232 746 423 789 aureo
478 726 733 787 donatus
789 731 878 786 est
932 726 1253 803 iussusque
1313 724 1472 784 inter
1525 724 1841 802 stipatores
1894 724 2170 801 corporis

232 830 479 891 semper
509 813 571 873 in
605 809 739 871 aula
770 812 1114 871 consistere.
1174 809 1316 869 hinc
1345 809 1530 885 igitur
1559 809 1761 881 „factus
1805 809 2168 887 conspicuus
2203 814 2236 865 6

227 899 393 957 inter
422 895 647 957 milites
688 894 913 964 claruS,
960 896 1146 961 amari
1193 912 1227 953 a
1265 892 1554 962 tribunis,
1599 912 1632 952 a
1679 892 2168 953 conmilitonibus

234 983 481 1061 suspici,
514 983 821 1060 inpetrare
852 980 925 1041 ab
953 982 1319 1059 imperatore
1351 976 1511 1055 quod
1541 976 1751 1047 uellet,
1797 976 1946 1038 locis
1989 979 2168 1038 etiam
2195 1008 2204 1016 «

230 1066 479 1127 militiae
514 1084 546 1125 a
580 1066 805 1127 Seuero
841 1064 1108 1134 adiutus,
1144 1082 1282 1125 cum
1313 1070 1472 1125 esset
1509 1061 2004 1141 peradulescens,
2037 1062 2167 1123 lon-

144 1168 203 1208 10
232 1152 506 1231 gitudine
539 1158 735 1212 autem
770 1152 1041 1230 corporis
1084 1156 1143 1209 et
1171 1150 1452 1211 uastitate
1495 1155 1554 1208 et
1581 1148 1772 1209 forma
1816 1155 1994 1224 atque
2025 1166 2164 1209 ocu-

229 1236 433 1299 lorum
462 1234 873 1314 magnitudine
906 1242 964 1295 et
993 1234 1255 1295 candore
1285 1235 1443 1294 inter
1473 1250 1683 1293 omnes
1713 1231 2050 1293 excelleret.

366 1321 603 1383 Bibisse
647 1328 843 1381 autem
899 1319 1069 1380 illum
1124 1336 1304 1398 saepe
1353 1320 1418 1379 in
1471 1318 1567 1379 die
1609 1319 1735 1378 uini
1778 1316 2166 1396 Capitolinam
2195 1314 2242 1379 4

232 1408 529 1467 amsoram
563 1412 813 1473 constat,
849 1404 1183 1465 comedisse
1215 1412 1274 1465 et
1303 1402 1690 1483 quadraginta
1719 1401 1906 1463 libras
1948 1404 2165 1472 carniS,

233 1500 305 1552 ut
336 1499 537 1552 autem
568 1490 801 1551 Cordus
832 1490 1003 1558 dicit,
1052 1490 1227 1550 etiam
1275 1490 1598 1567 sexaginta.
1661 1488 1820 1568 quod
1851 1489 1994 1549 satis
2025 1506 2163 1548 con·
2201 1494 2235 1546 2

150 1591 209 1633 15
236 1583 380 1646 stat,
417 1575 725 1637 holeribus
756 1594 993 1653 semper
1024 1573 1328 1643 abstinuit,
1362 1592 1396 1633 a
1425 1573 1658 1651 frigidis
1687 1590 1878 1653 prope
1911 1591 2169 1653 semper,

234 1663 360 1723 nisi
392 1678 527 1722 cum
556 1660 642 1720 illi
682 1659 929 1740 potandi
959 1660 1305 1721 necessitas,
1383 1658 1634 1719 sudores
1675 1676 1854 1737 saepe
1899 1677 2038 1719 suos
2069 1676 2169 1719 ex·
2205 1668 2240 1719 3

236 1746 503 1827 cipicbat
533 1753 591 1807 et
619 1747 683 1805 in
714 1744 931 1805 calices
960 1743 1059 1805 uel
1086 1746 1151 1805 in
1179 1742 1489 1806 uasculum
1521 1743 1805 1813 mittebat,
1830 1745 1909 1805 ita
1933 1751 2000 1804 ut
2022 1744 2172 1804 duos

232 1830 339 1892 uel
369 1840 495 1893 tres
526 1832 818 1905 sextarios
849 1830 943 1891 sui
972 1829 1213 1891 sudoris
1244 1828 1606 1889 ostenderet.

370 1916 481 1977 Hic
512 1915 611 1977 diu
644 1915 756 1977 sub
786 1915 1083 1977 Antonino
1128 1913 1428 1976 Caracallo
1470 1912 1712 1974 ordines
1756 1912 1924 1973 duxit
1963 1921 2166 1974 centu-
2203 1916 2241 1971 4
2306 1916 2316 1931 “

146 2018 207 2058 20
232 2003 428 2062 riatos
472 2007 531 2061 et
562 2008 793 2061 ceteras
835 1999 1125 2060 militares
1156 1999 1474 2077 dignitates
1503 2016 1681 2078 saepe
1710 1998 2004 2059 tractauit.
2061 1996 2171 2058 sub

234 2086 539 2155 Macrino,
573 2084 731 2165 quod
781 2102 915 2145 eum
958 2086 1057 2161 qui
1085 2085 1469 2163 imperatoris
1511 2084 1604 2143 sui
1645 2082 1832 2144 filium
1873 2082 2172 2144 occiderat

232 2170 637 2232 uehementer
669 2169 925 2239 odisset,
970 2188 1003 2229 a
1034 2168 1245 2230 militia
1276 2169 1451 2230 desiit
1483 2174 1540 2227 et
1568 2169 1632 2227 in
1664 2167 1915 2229 Thracia
1943 2168 2006 2227 in
2035 2168 2170 2227 uico

232 2256 344 2317 ubi
392 2257 632 2333 genitus
686 2255 883 2315 fuerat
942 2256 1360 2333 possessiones
1410 2254 1758 2332 conparauit
1811 2270 1878 2312 ac
1935 2268 2172 2331 semper

234 2360 381 2401 cum
412 2339 623 2402 Gothis
656 2341 1011 2400 commercia
1044 2340 1324 2400 exercuit.
1385 2346 1614 2399 amatus
1645 2345 1738 2399 est
1768 2343 1966 2399 autem
1997 2338 2172 2398 unice

148 2440 207 2483 25
236 2446 273 2487 a
310 2425 475 2487 Getis
507 2426 678 2503 quasi
710 2443 919 2484 eorum
960 2425 1127 2485 ciuis,
1206 2423 1419 2485 Halani
1462 2424 1817 2501 quicumque
1865 2422 1939 2483 ad
1977 2424 2171 2502 ripam
2207 2432 2240 2483 5

232 2518 564 2579 uenerunt,
612 2510 866 2570 amicum
899 2526 1032 2569 eum
1065 2508 1238 2569 donis
1265 2510 1533 2570 ‘uicissim
1575 2506 2026 2569 recurrentibus
2067 2508 2168 2568 ad-

230 2594 594 2676 probabant.
662 2594 777 2654 Sed
812 2595 1010 2654 occiso
1040 2594 1304 2656 Macrino
1337 2612 1469 2654 cum
1500 2593 1621 2654 filio
1667 2612 1793 2663 suc,
1837 2591 1939 2654 ubi
1968 2592 2167 2654 Helio·
2205 2602 2240 2654 6

232 2679 513 2759 gabalum
544 2681 712 2757 quasi
742 2679 1020 2739 Antonini
1048 2679 1231 2740 filium
1263 2680 1687 2758 imperatorem
1721 2680 2020 2757 conperit,
2053 2680 2171 2739 iam

160 2778 171 2786 ·
226 2771 509 2826 maturae
541 2765 753 2825 aetatis
782 2762 854 2825 ad
888 2782 1027 2825 eum
1058 2765 1221 2825 uenit
1250 2766 1534 2844 petitque,
1578 2772 1644 2825 ut
1674 2762 1831 2841 quod
1865 2781 2010 2823 auus
2042 2764 2170 2824 eius

150 2866 206 2907 so
235 2850 502 2911 Seuerus
544 2848 750 2909 iudicii
793 2850 947 2909 circa
992 2866 1057 2910 se
1097 2848 1419 2918 habuerat,
1465 2858 1523 2910 et
1562 2850 1692 2927 ipse
1720 2847 1989 2909 haberet.
2065 2847 2176 2908 sed

234 2933 394 3014 apud
427 2936 707 3013 inpurum
740 2932 1043 2994 hominem
1073 2933 1277 2994 ualere
1320 2931 1468 2993 nihil
1511 2934 1719 3013 potuit.
1781 2951 1923 2993 nam
1952 2931 2169 2993 dicitur
2205 2944 2238 2994 7

234 3038 373 3081 cum
434 3038 507 3079 eo
565 3020 796 3079 iocatus
858 3036 993 3079 esse
1036 3018 1454 3097 Heliogabalus
1496 3019 1869 3097 turpissime,
1931 3017 2165 3079 dicens:

370 3206 401 3253 3
428 3204 606 3255 soloto
631 3202 703 3253 Ρ1
845 3206 876 3252 6
901 3204 1073 3269 igitus
1095 3204 1223 3253 BP¹
1345 3207 1376 3256 8
1403 3206 1612 3271 suscipi
1634 3204 1737 3255 BP
1758 3221 1872 3255 exc.
1899 3205 1966 3255 M
2073 3204 2172 3253 im—

230 3287 431 3339 perare
455 3270 584 3322 BP¹
609 3270 770 3335 (corr.
796 3270 895 3335 pa)
922 3288 1039 3323 exc.
1066 3273 1133 3323 M
1289 3274 1351 3323 16
1375 3274 1684 3323 necessitas
1711 3278 1863 3323 esset
1886 3273 1954 3323 M
2109 3272 2172 3321 17

228 3340 511 3391 fasculum
532 3340 585 3390 B
725 3342 795 3391 19·
814 3341 1159 3391 centuriatus
1185 3342 1250 3391 M
1347 3342 1652 3391 22⁴ma1itia
1675 3340 1728 3391 B
1751 3342 1931 3391 milita.
1951 3356 2068 3391 exc.

228 3408 417 3458 thraci
440 3424 557 3458 exc.
696 3410 761 3459 ⁶23
788 3408 1141 3473 possesiones
1166 3411 1216 3457 P
1337 3411 1402 3459 25
1428 3410 1581 3459 ciues
1602 3409 1708 3458 BP
1727 3425 1842 3463 exc.
1985 3411 2051 3459 28
2073 3408 2174 3456 im-

230 3479 495 3541 peratore
519 3474 571 3524 B
596 3492 662 3525 an
685 3476 993 3541 imperare?
1131 3479 1197 3527 30
1222 3477 1322 3526 sed
1345 3493 1438 3528 om.
1463 3476 1568 3526 BP
1587 3492 1702 3527 exc.
1730 3476 1791 3526 M
1925 3478 1990 3527 32
2025 3476 2174 3525 dice-

232 3543 313 3593 ris
336 3543 638 3599 Maximine
662 3571 729 3580 —
752 3544 997 3595 lassasse
1014 3544 1354 3595 Mommsenus
1381 3544 1582 3595 diceris
1601 3552 1722 3610 post
1743 3544 1951 3595 milites
1975 3544 2098 3595 add.
2113 3540 2178 3591 M
