2517 3884
381 187 468 252 64
1070 190 1221 246 lVLlI
1265 191 1630 256 CAP1TOL1N1

310 373 347 420 9
383 367 581 420 motus
624 358 957 418 defectione
990 357 1176 418 Cassii
1207 375 1320 418 nec
1363 360 1425 416 in
1470 359 1599 418 eius
1642 359 1887 420 affectus
1929 360 2141 420 saeuit.
2215 360 2322 420 sed

384 464 495 524 per
528 450 799 504 senatum
830 442 1018 503 hostis
1050 448 1141 502 est
1169 443 1466 504 iudicatus
1508 442 1782 520 bonaque
1817 446 1943 506 eius
1972 445 2319 524 proscripta

384 548 493 610 per
523 529 814 589 aerarium
851 526 1177 604 publicum.

274 608 365 673 25
511 612 743 674 Relicto
776 629 920 690 ergo
951 612 1281 672 Sarmatico
1295 611 1952 693 Marcommannicoque
1984 612 2141 675 bello
2173 633 2316 675 con-

317 709 348 757 2
386 709 478 761 tra
509 699 775 760 Cassium
806 697 1113 776 profectus
1144 704 1250 757 est.
1325 697 1549 758 Romae
1596 700 1774 758 etiam
1803 698 2016 760 turbae
2047 700 2313 769 fuerunt,
2371 713 2398 752 5

386 785 557 861 quasi
601 782 836 842 Cassius
877 781 1123 842 absente
1163 782 1461 842 Antonino
1501 782 1869 845 aduentaret.
1931 784 2035 844 sed
2083 785 2322 846 Cassius

384 871 583 929 statim
613 867 962 927 interfectus
994 875 1113 934 est,
1160 875 1456 944 caputque
1498 869 1624 928 eius
1666 868 1925 929 adlatum
1975 869 2165 929 estad
2199 871 2319 932 An·

300 949 349 1012 ‘3
388 955 673 1014 toninum.
733 951 969 1012 Marcus
1008 958 1206 1012 tamen
1249 970 1369 1011 non
1413 951 1701 1013 exultauit
1728 954 2146 1015 interfectione
2181 954 2319 1014 Cas-

314 1048 351 1096 4
389 1040 461 1099 sii
493 1044 788 1115 caputque
822 1037 949 1097 eius
979 1035 1215 1096 humari
1243 1037 1434 1096 iussit.
1493 1036 1864 1099 Maecianum
1898 1041 2095 1107 etiam,
2129 1037 2318 1099 filium

388 1124 601 1189 Cassii,
664 1122 761 1182 cui
790 1120 1141 1182 Alexandria
1174 1127 1304 1180 erat
1347 1123 1688 1191 commissa,
1751 1126 2048 1184 exercitus
2081 1123 2314 1184 occidit.
2351 1136 2402 1175 ιο

389 1226 525 1268 nam
557 1213 615 1266 et
643 1207 1013 1286 praefectum
1044 1207 1346 1285 praetorio
1379 1205 1491 1265 sibi
1522 1207 1777 1277 fecerat,
1823 1210 1923 1287 qui
1953 1215 2011 1267 et
2038 1209 2166 1286 ipse
2213 1226 2317 1268 oc-

316 1303 351 1351 5
389 1294 547 1353 cisus
580 1298 685 1351 est.
747 1293 811 1350 in
844 1292 1114 1350 conscios
1145 1289 1496 1350 defectionis
1529 1294 1717 1353 uetuit
1748 1300 2018 1352 senatum
2051 1293 2331 1368 grauiter.

317 1387 351 1435 6
390 1376 712 1438 uindicare.
748 1375 925 1435 simul
969 1377 1134 1454 petit,
1183 1393 1259 1435 ne
1292 1377 1395 1452 qui
1438 1383 1680 1438 senator
1709 1383 1978 1457 tempore
2009 1377 2315 1456 principa-

317 1473 352 1520 ’7
392 1470 487 1522 tus
519 1463 610 1520 sui
650 1460 1054 1529 occideretur,
1111 1477 1186 1519 ne
1228 1461 1357 1520 eius
1401 1459 1771 1538 pollueretur
1810 1463 2147 1541 imperium.
2213 1480 2350 1522 eos.

391 1549 568 1606 etiam
600 1546 702 1622 qui
733 1544 1029 1623 deportati
1060 1544 1295 1605 fuerant
1337 1547 1606 1606 reuocari
1651 1548 1850 1617 iussit,
1898 1565 2034 1607 cum
2077 1548 2317 1624 paucis·
2350 1558 2402 1598 15

318 1641 353 1690 8
390 1632 521 1692 simi
556 1632 937 1691 centuriones
968 1631 1159 1709 capite
1190 1637 1392 1690 essent
1418 1632 1654 1708 puniti·
1708 1633 1939 1708 ignouit
1970 1638 2028 1690 et
2059 1633 2319 1691 ciuitati-

388 1716 500 1777 bus
532 1733 683 1794 quae
716 1715 916 1776 Cassio
950 1721 1405 1782 consenserant,
1450 1717 1682 1791 ignouit
1713 1724 1772 1776 et
1801 1715 2318 1785 AntiochensibuS,

320 1813 353 1861 9
389 1803 491 1881 qui
522 1800 704 1861 multa
734 1801 795 1859 in
827 1799 1091 1860 Marcum
1120 1818 1233 1878 pro
1258 1800 1458 1860 Cassio
1489 1799 1778 1861 dixerant.
1814 1801 2026 1878 quibus
2057 1808 2116 1860 et
2146 1818 2318 1878 spec·

390 1884 581 1946 tacula
616 1893 673 1946 et
708 1883 1039 1945 conuentus
1071 1883 1345 1964 publicos
1387 1883 1608 1946 tulerat
1651 1892 1709 1945 et
1741 1903 1915 1946 omne
1971 1887 2318 1946 contionum

290 1983 353 2032 10
390 1989 597 2050 genuS,
640 1976 846 2031 contra
890 1986 1036 2046 quas
1080 1969 1336 2029 edictum
1379 1972 1800 2046 grauissimum
1831 1971 2012 2030 misit.
2077 1969 2315 2030 seditio-
2349 1984 2402 2023 20

391 2075 488 2116 sos
520 2063 717 2115 autem
749 2073 851 2114 eos
883 2060 941 2113 et
971 2055 1160 2114 oratio
1174 2054 1357 2114 Marci
1379 2053 1616 2124 indicat,
1648 2055 1831 2116 indita
1847 2055 2030 2116 Mario
2045 2053 2321 2124 Maximo,

288 2152 352 2201 11
390 2159 505 2220 qua
534 2138 633 2200 ille
664 2158 811 2200 usus
843 2146 932 2199 est
962 2138 1118 2218 apud
1149 2140 1389 2199 amicos
1435 2139 1694 2216 denique
1726 2139 1916 2200 noluit
1945 2139 2322 2200 Antiochiam

290 2238 354 2285 12
395 2225 628 2292 uidere,
664 2242 797 2283 cum
825 2223 1053 2302 Syriam
1086 2232 1338 2302 peteret.
1417 2242 1552 2284 nam
1585 2242 1696 2283 nec
1728 2226 1976 2302 Cyrrum
2009 2223 2200 2284 uoluit
2230 2227 2321 2284 ui·

393 2310 555 2377 dere,
602 2327 685 2368 ex·
735 2325 848 2387 qua
914 2315 1040 2367 erat
1099 2308 1356 2368 Cassius.
1420 2315 1624 2385 postea
1687 2315 1884 2368 tamen
1943 2307 2322 2371 Antiochiam

285 2394 372 2458 26
390 2393 559 2455 uidit.
624 2393 732 2452 fuit
761 2391 1151 2453 Alexandriae
1180 2391 1508 2451 clementer
1538 2409 1674 2452 cum
1733 2391 1826 2451 his
1873 2409 2069 2470 agens,
2135 2392 2320 2452 multa
2351 2407 2403 2446 25

396 2481 515 2556 egit
546 2495 678 2538 cum
713 2475 954 2554 regibus
997 2483 1054 2535 et
1108 2493 1325 2554 pacem
1385 2477 1759 2537 confirmauit
1817 2477 1929 2537 sibi
1990 2495 2317 2538 occurren-

324 2579 355 2627 2
395 2563 551 2624 tibus
595 2561 824 2621 cunctis
866 2560 1105 2638 regibus
1147 2568 1204 2619 et
1246 2557 1456 2636 legatis
1488 2559 1826 2622 Persarum.
1892 2561 2166 2622 omnibus
2199 2563 2318 2622 ori·

395 2645 689 2715 entalibus
749 2645 1079 2723 prouinciis
1140 2645 1480 2704 carissimus
1541 2645 1667 2705 fuit.
1705 2646 1861 2724 apud
1892 2644 2106 2707 multas
2140 2649 2318 2708 etiam

322 2749 357 2796 3
395 2729 806 2810 philosophiae
838 2730 1085 2806 uestigia
1126 2729 1386 2807 reliquit.
1436 2729 1588 2809 apud
1634 2733 1950 2812 Aegyptios
2007 2734 2196 2792 ciuem
2253 2750 2318 2793 se

498 2901 522 2948 1
552 2903 736 2948 mutus
761 2898 923 2948 BPM
1024 2913 1127 2947 nec
1153 2899 1276 2948 eius
1301 2897 1540 2950 affectus
1566 2900 1686 2950 seui
1711 2900 1878 2952 BPM
1900 2899 1992 2964 (ef.
2017 2902 2172 2950 Auid.
2202 2905 2247 2956 7,
2267 2899 2322 2962 5)

494 2969 528 3016 4
552 2966 763 3016 relecto
787 2966 890 3016 BP
1022 2969 1051 3015 7
1078 2967 1197 3015 eius
1221 2983 1315 3017 om.
1341 2965 1410 3016 B¹
1553 2971 1584 3018 9
1613 2968 1886 3020 fautorem
1912 2969 2094 3018 Cassii
2119 2968 2329 3017 Momm-

390 3052 541 3086 senus
573 3036 625 3084 in
650 3038 781 3084 actis
804 3035 950 3084 acad.
976 3050 1162 3087 saxon.
1198 3035 1314 3087 hist.
1350 3037 1472 3099 phil.
1507 3036 1578 3085 II
1604 3054 1661 3101 p.
1683 3040 1791 3087 283
1839 3036 2116 3086 conscium
2143 3033 2328 3084 Cassii

393 3102 635 3152 Huschke
660 3105 757 3152 iur.
786 3103 1022 3154 anteum-t.
1048 3120 1096 3168 q.
1123 3118 1166 3152 ε.
1192 3119 1246 3166 p.
1278 3105 1382 3152 310
1523 3107 1582 3153 11
1609 3119 1737 3154 nam
1761 3103 1928 3155 BPM
1941 3105 2068 3168 fort.
2095 3103 2207 3152 iam

396 3170 571 3236 praef.
600 3174 822 3236 praeter
846 3169 896 3218 B
922 3171 1097 3236 praef.
1126 3175 1301 3236 praet.
1328 3173 1379 3220 P
1515 3174 1576 3221 12
1603 3171 1856 3222 conscius
1881 3170 1932 3220 B
2056 3170 2326 3220 defectio·

394 3253 494 3288 nes
519 3237 569 3286 B
708 3240 770 3288 13
805 3238 927 3303 quis
953 3238 1013 3288 M
1174 3241 1235 3289 17
1271 3238 1724 3289 anthiocensibus
1748 3239 1851 3289 BP
1988 3240 2051 3288 19
2089 3239 2326 3287 omnium

394 3305 571 3355 BPM.
598 3321 755 3356 omne
779 3308 969 3372 scripsi
1050 3308 1115 3358 20
1142 3321 1278 3370 quos
1303 3306 1481 3357 BPM.
1508 3321 1645 3370 quas
1667 3309 1857 3371 scripsi
1948 3307 2009 3355 21
2038 3305 2178 3354 mari
2206 3305 2324 3356 BP¹

392 3390 428 3425 a
454 3374 626 3424 mario
652 3372 727 3424 1²⁸
886 3377 952 3425 23
988 3373 1228 3440 Cyprum
1263 3374 1428 3424 BPM
1459 3391 1548 3423 em.
1590 3374 1630 3424 C
1787 3376 1868 3424 24.
1905 3376 1972 3425 25
2010 3374 2116 3423 fuit
2151 3372 2222 3424 al.
2259 3400 2326 3409 -—

394 3457 568 3508 agens
602 3447 795 3508 postea
833 3470 897 3478 —-
932 3443 1089 3492 uidit.
1116 3441 1288 3494 multa
1316 3442 1476 3493 BPM
1511 3448 1770 3507 transpos.
1799 3442 1839 3494 G
1988 3442 2327 3492 anthiociam

395 3510 498 3560 BP
631 3511 927 3576 alexandre
956 3510 1075 3560 BP¹

2185 3575 2212 3588 Q
2239 3575 2248 3587 ί
