2517 3884
312 191 542 242 INDEX
583 187 930 242 NOMINVM
968 193 1059 242 ΕΤ
1095 192 1353 243 RERVM
1394 192 1979 247 MEMORABILIVM
2081 194 2209 257 297

157 362 298 477 iiim·
349 360 544 410 diebus
594 361 836 426 quiaque
877 361 986 410 fuit
1033 362 1121 423 94,

79 497 336 546 Marcius
356 496 540 545 Turbo
558 494 782 546 Iudaeis
813 496 1122 560 conpressis

164 563 240 614 ad
254 561 668 628 deprimendum
681 564 966 613 tumultum
973 564 1123 612 Mau-

164 633 425 682 retaniae
487 631 557 680 ab
617 631 902 682 Hadriano
948 630 1120 680 desti-

165 704 336 748 natus
373 702 422 761 7,
456 699 540 751 25.
564 703 689 762 post
713 699 1122 748 Mauretaniam

166 767 498 817 Pannoniae
537 767 858 830 Daciaeque
885 766 956 817 ad
981 773 1120 815 tem-

166 849 272 899 pus
319 834 642 900 praefectus
689 836 868 893 8,19.
948 834 1130 883 Dacia

1248 360 1305 410 id
1345 361 1545 426 egisse,
1584 366 1646 410 ut
1681 361 1753 414 M.
1792 349 1933 427 1..st
1987 371 2252 428 ⁸semper·

1133 437 1141 441 ’
1247 427 1432 478 deuoti
1495 435 1686 478 essent
1744 432 1862 491 209,
1912 435 1971 492 33
2020 433 2073 481 6
2123 447 2208 481 re-

1245 510 1504 560 sponsum
1552 497 1737 546 fuerat
1788 465 1862 546 ab,
1921 467 2203 548 Antonino

1245 563 1449 613 bellum
1486 565 1559 615 M.
1597 564 1893 614 finiendum
1947 567 2072 626 209,
2127 568 2209 614 12.

1244 647 1279 680 a
1314 631 1389 683 M.
1428 635 1662 696 accepta
1716 631 1903 682 clades
1940 632 2209 682 sub÷Aun

1241 713 1341 763 per
1401 715 1639 750 errorem
1699 700 1754 751 11
1806 702 1929 762 149,
1981 703 2063 761 153
2108 701 2202 760 16;

1253 769 1332 816 17
1356 767 1428 816 Μ.
1457 772 1755 831 eruperunt
1779 768 1836 817 II
1864 769 2087 823 150,10.
2134 768 2207 817 Μ.

1250 833 1458 884 bellum
1473 833 1685 884 finitum
1697 836 1767 888 ab
1780 838 1908 884 Aur.
1923 836 1979 885 II
1993 838 2107 895 151,
2122 838 2205 886 23.

169 903 422 952 Turboni
459 900 674 952 credita
711 901 873 951 titulo
912 901 1127 966 Aegyp-
1183 902 1619 952 Marcomanniam
1642 903 1987 967 prouinciam
2013 903 2206 953 facere
2272 938 2280 946 -

167 971 361 1019 tiacae
398 969 789 1035 praefecturae
836 974 1032 1019 ornato
1077 972 1125 1027 9,

1249 968 1430 1019 uoluit
1470 971 1692 1018 Marcus
1729 972 1811 1028 63,
1850 972 1933 1020 26.

171 1045 219 1087 3.
261 1037 337 1089 M.
382 1037 728 1102 praefectum
774 1041 950 1102 praet.
989 1037 1128 1086 fecit
1182 1037 1398 1087 Marcus
1433 1038 1564 1086 urbs
1602 1037 1658 1088 11
1694 1039 1809 1100 225,
1850 1041 1931 1088 25.

169 1105 347 1155 Hadr.
389 1107 469 1167 10,
505 1105 590 1154 29.
629 1106 878 1170 grauiter
910 1105 1127 1155 insecu-
1182 1105 1399 1154 Marcus
1466 1105 1777 1154 Antoninus
1830 1105 2208 1170 philosophus.

171 1177 260 1221 tus
300 1176 386 1222 est
420 1170 594 1224 Hadr.
632 1173 722 1232 15,
763 1174 847 1224 28.

87 1269 168 1276 --
197 1241 372 1290 Verus
397 1239 643 1290 confecit
666 1240 985 1290 Parthicum
1006 1239 1127 1290 bel—

173 1307 284 1356 lum
322 1310 406 1366 73,
443 1309 526 1357 12.

101 1377 468 1426 Marcomanni
537 1380 594 1424 et
663 1376 1127 1426 Marcomanniam.

173 1443 683 1493 Marcomannicum
709 1442 916 1492 bellum
938 1444 1128 1492 Marco

173 1511 301 1575 imp.
315 1514 507 1560 natum
521 1515 620 1572 est,
635 1510 762 1560 dum
775 1509 981 1560 bellum
995 1511 1129 1560 Par-

174 1578 384 1628 thicum
409 1579 624 1644 geritur
645 1579 838 1642 54,31;
868 1595 901 1628 a
927 1579 1130 1628 Roma-

175 1647 264 1696 nis
287 1652 605 1710 susceptum
615 1646 880 1696 orientali
904 1645 1050 1696 bello
1065 1645 1126 1694 fi-

183 1715 304 1764 nito
327 1715 412 1774 54,
438 1717 519 1765 33.
549 1729 780 1780 magnus
807 1714 925 1763 eius
955 1718 1128 1764 terror

178 1783 261 1844 55,
286 1782 338 1833 4.
376 1781 760 1832 Marcomanni
783 1785 986 1832 cuncta
1011 1786 1126 1830 tur-

177 1849 381 1898 barunt
427 1850 520 1910 55,
578 1852 661 1900 23.
709 1849 918 1900 bellum
953 1850 1126 1901 Marc.

177 1917 453 1980 transegit
485 1918 708 1966 Marcus
754 1919 848 1979 57,
895 1919 981 1968 27.
1051 1917 1126 1965 Μ.

177 1984 439 2035 extinctis
507 1985 830 2036 Pannonias
901 1984 1130 2034 seruitio

184 2052 450 2102 liberauit
484 2054 566 2110 58,
605 2055 652 2102 2.
701 2050 968 2116 reliquias
1017 2051 1134 2100 eius

179 2118 314 2168 belli
360 2135 429 2170 ex
478 2120 762 2170 sententia
808 2122 1136 2184 persecutus

179 2191 265 2236 est
335 2187 674 2237 ornamentis
752 2186 1134 2251 imperialibus

182 2254 424 2305 uenditis
470 2258 564 2317 55,
606 2257 686 2305 14.
748 2269 963 2304 summa
1010 2253 1132 2302 dili-

181 2325 376 2387 gentia
425 2322 496 2372 ad
539 2323 596 2371 id
648 2323 872 2386 parauit
914 2320 1136 2371 Marcus

179 2390 431 2454 legiones
487 2391 579 2448 61,
627 2392 710 2440 22.
791 2390 870 2439 Μ.
926 2388 1137 2439 deleuit

179 2457 403 2508 Marcus
462 2459 521 2506 in
581 2458 823 2508 transitu
879 2457 1130 2507 Danuuii

179 2528 262 2583 61,
301 2527 385 2575 27.
426 2527 888 2590 conspirauerant
927 2525 1127 2574 aduer-

172 2607 276 2640 sus
321 2593 570 2641 Marcum
611 2594 706 2656 61,
754 2596 836 2645 31.
882 2592 1130 2642 in--dedi-
1183 2600 1196 2612 ⁸

183 2660 394 2706 tionem
419 2660 641 2723 accepit
662 2660 912 2724 plurimis
932 2661 990 2709 in
1014 2660 1128 2709 Ita-

188 2725 319 2773 liam
378 2725 648 2776 traductis
717 2728 816 2790 62,
861 2729 913 2776 6.
973 2727 1132 2776 multi

183 2792 399 2843 nobiles
447 2791 594 2842 bello
643 2793 973 2844 Germanico
1009 2795 1130 2845 siue

183 2860 256 2912 M.
296 2861 627 2909 interierunt
650 2862 733 2921 62,
766 2863 843 2910 15.
882 2861 956 2913 Μ.
981 2861 1133 2911 bello

184 2926 377 2978 relicto
399 2928 625 2978 Marcus
661 2932 857 2978 contra
883 2929 1138 2979 Cassium

182 2995 469 3060 profectus
519 3002 603 3046 est
650 2997 745 3059 64,
785 2998 834 3045 4.
896 2997 1138 3048 triennio

189 3078 308 3112 cum
355 3064 428 3116 M.
481 3063 688 3113 bellum
733 3069 929 3128 postea
969 3066 1139 3114 etiam

191 3132 308 3194 egit
339 3131 564 3181 Marcus
600 3133 686 3190 66,
729 3134 808 3184 10.
835 3132 907 3181 ad
934 3131 1140 3181 bellum

187 3201 260 3250 M.
305 3199 472 3250 rediit
527 3198 752 3250 Marcus
806 3201 898 3258 67,
946 3201 1029 3248 22.
1069 3198 1138 3247 ad

187 3271 238 3318 b.
274 3267 348 3319 M.
387 3268 564 3318 iturus
585 3268 808 3317 Marcus
830 3269 1138 3333 praecepta

187 3335 608 3400 philosophiae.
645 3334 819 3385 edidit
888 3337 982 3398 80,
1057 3336 1140 3385 16.

189 3419 310 3454 cum
343 3403 418 3456 M.
457 3402 663 3453 bellum
698 3403 908 3453 inferre
953 3401 1138 3464 uellet,

189 3471 392 3520 dictum
429 3476 516 3522 est
548 3487 583 3520 a
629 3471 958 3536 quibusdam
993 3472 1140 3521 Mar-

185 3555 312 3589 cum
345 3555 446 3605 per
481 3538 794 3592 Chaldaeos
844 3545 901 3591 et
947 3555 1140 3606 magos

1251 1173 1399 1222 uita
1459 1189 1493 1221 a
1562 1172 1743 1222 Iulio
1814 1171 2211 1238 Capitolino

1247 1242 1516 1303 scripta
1552 1256 1603 1305 p.
1640 1241 1862 1290 44-67.
1894 1267 1956 1275 -
1994 1242 2075 1302 79,
2104 1243 2196 1299 27;

1248 1310 1333 1358 28.
1361 1310 1453 1371 87,
1479 1310 1565 1368 10;
1594 1310 1688 1368 22;
1719 1309 1802 1358 23.
1830 1309 1944 1368 183,
1975 1309 2057 1358 17.
2094 1308 2209 1364 197,

1251 1377 1333 1428 19.
1379 1378 1505 1433 203,
1555 1377 1638 1427 10.
1675 1377 1916 1437 232,·26,
1978 1375 2108 1435 234,
2161 1377 2209 1424 1.

1248 1442 1307 1493 11
1359 1445 1487 1505 204,
1548 1445 1597 1493 8.
1680 1443 1809 1503 216,
1884 1443 1965 1493 24.
2034 1443 2211 1491 uitam

1250 1509 1430 1560 Marci
1494 1525 1560 1558 ac
1620 1511 1753 1561 Veri
1812 1511 1895 1558 ita
1954 1508 2206 1574 plerique

1249 1576 1457 1628 litteris
1480 1577 1829 1641 dedicarunt,
1868 1581 1931 1626 ut
1972 1577 2209 1642 priorem

1250 1646 1455 1698 Verum
1491 1645 1857 1695 intimandum
1886 1642 2204 1709 legentibus

1251 1714 1451 1764 darent
1522 1715 1613 1772 68,
1684 1716 1746 1775 3;
1810 1713 1869 1773 63
1929 1715 1976 1763 7.
2037 1711 2211 1762 Hadr.

1252 1780 1543 1846 adoptauit
1601 1782 1788 1843 Pium,
1850 1785 1913 1829 ut
1958 1778 2053 1828 ille
2102 1780 2213 1828 sibi

1252 1851 1501 1899 Marcum
1562 1854 1619 1898 et
1668 1849 1870 1896 Verum
1914 1849 2211 1911 adoptaret

1250 1919 1337 1977 24,
1373 1919 1425 1966 4.
1461 1917 1556 1977 36,
1594 1917 1677 1966 29.
1754 1915 1933 1963 Verus
1980 1913 2210 1977 adopta-

1252 1989 1341 2034 tus
1398 1988 1483 2032 est
1550 1978 1609 2048 [a
1654 1982 1847 2031 Marco
1894 1980 1987 2030 uel
2035 1977 2213 2044 certe]

1257 2067 1382 2101 cum
1448 2050 1640 2098 Marco
1716 2055 1772 2098 et
1833 2063 1955 2098 cum
2018 2048 2210 2097 eodem

1259 2116 1495 2182 aequale
1543 2116 1720 2182 gessit
1778 2115 2067 2180 imperium
2128 2117 2211 2172 31,

1257 2189 1340 2242 25.
1378 2191 1441 2235 ut
1474 2185 1620 2234 Vero
1658 2185 1763 2247 (69,
1791 2184 1844 2248 8)
1884 2198 1995 2231 non
2019 2182 2214 2232 Marco

1258 2254 1430 2303 filiam
1467 2267 1624 2302 suam
1662 2251 1821 2300 daret
1868 2251 2031 2312 Pius,
2081 2265 2213 2300 con-

1258 2321 1522 2371 ditionem
1606 2318 1979 2385 adoptationis
2078 2317 2216 2368 fecit

1257 2389 1433 2438 Hadr.
1470 2390 1566 2451 32,
1612 2390 1695 2438 27.
1760 2402 1881 2436 cum
1939 2386 2131 2440 Marco
2182 2400 2217 2432 a

1252 2457 1355 2506 Pio
1402 2456 1698 2520 adoptatus
1746 2459 1831 2506 est
1884 2454 2058 2503 Verus
2120 2455 2209 2514 33,

1252 2526 1579 2588 2.139,25.
1622 2539 1794 2590 gener
1853 2522 1941 2570 Pii
1978 2537 2077 2586 per
2112 2521 2213 2568 mi-

1252 2609 1441 2643 norem
1479 2592 1650 2641 filiam
1687 2593 1779 2652 34,
1824 2591 1909 2639 14.
1950 2588 2143 2639 consul
2182 2604 2219 2636 a

1251 2661 1355 2711 Pio
1423 2665 1651 2726 petente
1718 2662 1921 2708 senatu
1995 2660 2217 2704 creatus

1253 2729 1338 2792 38,
1355 2730 1436 2778 19.
1460 2728 1789 2778 Faustinam
1810 2723 2070 2774 filiamM.
2087 2737 2215 2771 con-

1254 2795 1432 2846 iunxit
1468 2794 1603 2844 Pius
1637 2795 1723 2858 4·,1
1765 2795 1846 2844 16.
1920 2789 2216 2855 Apollonio

1255 2862 1607 2928 praeceptori
1656 2877 1778 2910 eum
1812 2858 2046 2908 tradidit
2082 2857 2219 2906 Pius

1257 2933 1352 2993 41,
1403 2931 1484 2982 21.
1546 2928 1900 2978 educatorem
1950 2929 2218 2974 mortuum

1259 2997 1415 3046 fl'euit
1469 2997 1568 3056 41,
1628 2997 1712 3047 26.
1784 2995 1916 3043 Pius
1974 2993 2214 3042 moriens

1260 3079 1376 3114 rem
1415 3079 1468 3128 p.
1509 3068 1566 3112 et
1610 3061 1782 3111 filiam
1826 3060 2217 3124 praesentibus

1262 3132 1569 3196 praefectis
1598 3129 2007 3181 commendauit
2040 3130 2125 3189 43,
2165 3129 2216 3178 9.

1270 3199 1441 3248 Verus
1476 3199 1623 3249 uixit
1668 3198 1769 3248 sub
1812 3198 1998 3246 Marco
2043 3198 2102 3245 in
2138 3196 2211 3244 si-

1265 3265 1382 3316 mili
1442 3282 1510 3316 ac
1570 3266 1719 3331 paris
1769 3265 2079 3315 maiestatis
2114 3264 2213 3312 im·
2277 3324 2283 3332 ·

1260 3335 1417 3401 perio
1462 3336 1691 3399 68,14.
1762 3334 1937 3383 Verus
1994 3327 2221 3382 Aurelio

1264 3403 1333 3453 ab
1380 3402 1556 3451 Hadr.
1603 3402 1767 3451 datus
1816 3407 1903 3450 est
1950 3400 2221 3464 adoptan

1264 3471 1365 3521 dus
1400 3472 1492 3533 69,
1540 3471 1591 3523 5.
1648 3470 1724 3518 Μ.
1772 3473 2031 3533 nepotem
2094 3479 2219 3516 esse

1264 3539 1440 3590 uoluit
1475 3538 1650 3590 Hadr.
1699 3538 1793 3594 69,
1841 3539 1891 3587 6.
1963 3535 2056 3584 Pii
2099 3532 2221 3582 fllia
