2517 3884
568 977 1442 1081 GORDIANI
1562 978 1995 1076 TRES

815 1184 1036 1260 IVLI
1115 1181 1728 1259 OAPITOLINI

234 1460 268 1522 1
434 1462 656 1523 Fuerat
717 1458 957 1537 quidem
1017 1457 1365 1528 consilium,
1429 1457 1793 1520 uenerabilis
1823 1460 2121 1537 Auguste,
2186 1469 2256 1522 ut

311 1546 580 1625 singulos
623 1560 892 1621 quosque
933 1545 1337 1623 imperatores
1379 1544 1657 1623 exemplo
1712 1543 2035 1606 multorum
2076 1544 2252 1607 libris

239 1642 269 1689 2
311 1631 561 1710 singulis
591 1629 663 1691 ad
693 1637 855 1690 tuam
901 1627 1280 1690 clementiam
1311 1628 1691 1690 destinarem.
1771 1648 1908 1690 nam
1936 1630 1995 1691 id
2027 1628 2247 1692 multos
2303 1651 2332 1692 5

240 1727 271 1775 3
310 1719 560 1785 fecisse,
604 1714 705 1776 uel
745 1716 874 1794 ipse
903 1713 1176 1775 uideram
1210 1713 1306 1774 uel
1348 1713 1607 1776 lectione
1648 1732 2061 1795 conceperam.
2142 1716 2251 1778 sed

307 1801 631 1882 inprobum
663 1800 862 1861 uisum
895 1807 988 1860 est
1043 1799 1138 1861 uel
1167 1801 1452 1879 pietatem
1485 1806 1643 1862 tuam
1675 1799 2052 1861 multitudine
2083 1800 2248 1862 disti-

309 1905 457 1952 nere
486 1885 780 1946 librorum
817 1884 912 1945 uel
955 1902 1155 1946 meum
1202 1883 1473 1946 laborem
1516 1884 1791 1965 plurimis
1840 1885 2249 1950 uoluminibus

237 1983 271 2030 4
311 1990 622 2052 occupare.
704 1988 888 2048 quare
921 1977 1046 2031 tres
1076 1970 1410 2032 Gordianos
1452 1969 1569 2030 hoc
1598 1969 1753 2031 libro
1797 1973 2065 2042 conexui,
2100 1989 2246 2033 con-

312 2058 516 2120 sulens
549 2063 608 2117 et
638 2075 772 2117 meo
805 2055 999 2116 labori
1031 2063 1089 2116 et
1118 2055 1363 2117 lectioni
1393 2064 1558 2126 tuae,
1613 2074 1693 2117 ne
1723 2057 2026 2134 cogereris
2055 2057 2245 2136 pluri·
2278 2080 2333 2120 10

309 2161 442 2204 mos
475 2142 712 2203 codices
745 2140 1044 2202 uoluendo
1077 2159 1252 2202 unam
1286 2149 1487 2202 tamen
1516 2158 1708 2220 paene
1738 2140 2048 2203 historiam
2077 2142 2246 2203 lecti-

240 2237 272 2286 5
311 2237 457 2290 tare.
537 2227 641 2288 sed
672 2245 748 2286 ne
791 2243 932 2304 ego,
981 2227 1084 2304 qui
1125 2225 1558 2304 longitudinem
1587 2225 1885 2288 librorum
1926 2229 2053 2306 fugi
2091 2227 2245 2288 mul-

312 2313 744 2391 titudinemque
775 2311 1132 2381 uerborum,
1175 2313 1240 2371 in
1274 2330 1405 2372 eam
1435 2313 1767 2373 incurrisse
1798 2312 2035 2384 uidear,
2070 2331 2249 2390 quam

311 2417 408 2459 me
443 2396 668 2459 urbane
701 2395 1004 2456 declinare
1037 2398 1328 2474 confingo,
1362 2398 1481 2457 iam
1510 2416 1641 2458 rem
1671 2397 2001 2476 adgrediar.

234 2482 278 2545 2
325 2487 330 2492 ’
437 2481 722 2543 Gordiani
752 2499 902 2550 non,
946 2489 1010 2542 ut
1042 2482 1280 2559 quidam
1322 2484 1564 2561 inperiti
1593 2484 1915 2563 scriptores
1944 2483 2244 2553 locuntur,
2278 2503 2333 2544 15

311 2568 428 2628 duo
471 2566 579 2627 sed
626 2572 754 2625 tres
797 2566 1072 2637 fuerunt,
1133 2567 1315 2645 idque
1356 2567 1608 2628 docente
1638 2569 1917 2638 Arriano,
1954 2568 2248 2648 scriptore

311 2653 576 2714 Graecae
610 2650 913 2720 historiae,
949 2650 1202 2713 docente
1232 2654 1376 2714 item
1397 2652 1684 2731 Dexippo,
1719 2653 1947 2714 Graeco
1980 2661 2243 2732 auctore,

308 2743 638 2818 potuerunt
667 2735 994 2806 addiscere,
1031 2739 1132 2814 qui
1166 2739 1395 2798 etiamsi
1416 2736 1699 2806 breuiter,
1734 2738 1808 2798 ad
1837 2738 2015 2799 fidem
2046 2745 2249 2800 tamen

241 2837 272 2884 2
310 2825 510 2884 omnia
540 2823 845 2902 persecuti
876 2829 1031 2882 sunt.
1110 2822 1338 2882 Horum
1372 2821 1706 2883 Gordianus
1758 2823 1985 2893 senior,
2048 2824 2109 2884 id
2154 2829 2249 2884 e‘st

305 2910 558 2988 primus,
592 2913 767 2968 natus
801 2913 890 2967 est
920 2914 1090 2985 patre
1121 2908 1345 2968 Maecio
1378 2907 1646 2978 Marullo,
1680 2915 1870 2969 matre
1894 2908 2062 2989 leia
2092 2908 2334 2992 Gor-¹20

235 3042 240 3048 .
308 2994 501 3064 diana,
537 2994 832 3068 originem
862 2998 1174 3071 paternam
1221 3011 1293 3052 ex
1326 2992 1732 3054 Gracchorum
1762 3011 1986 3072 genere
2016 2993 2245 3064 habuit,

443 3197 469 3244 1
499 3196 700 3261 incipit
727 3197 1040 3248 Gordianus
1065 3196 1165 3245 BP
1204 3166 1341 3245 ¹Iulii
1367 3195 1673 3269 Capitoiini
1703 3196 1845 3246 liber
1871 3197 1937 3246 de
1963 3197 2128 3247 rebus
2154 3211 2251 3262 ge-

303 3297 408 3346 stis
434 3297 834 3348 Gordianorum
859 3299 920 3348 M
1057 3300 1088 3348 5
1112 3297 1286 3348 multo
1310 3298 1361 3347 B
1500 3301 1530 3348 7
1552 3273 1714 3348 dsum
1737 3297 1787 3347 B
1925 3299 1957 3348 8
1980 3297 2252 3347 laboriem

301 3363 376 3414 Β1
538 3368 569 3416 9
597 3366 902 3416 consuleris
925 3366 976 3415 B
1004 3364 1077 3429 (in
1099 3367 1152 3414 P
1171 3381 1238 3416 ns
1262 3369 1313 3416 in
1336 3365 1467 3430 ras.)
1632 3369 1692 3416 11
1719 3365 1957 3416 nolendo
1981 3363 2111 3414 BP¹

304 3435 368 3482 13
394 3433 452 3481 in
479 3449 585 3482 ean
609 3433 662 3482 B
801 3435 865 3482 14
891 3449 922 3482 a
948 3449 1031 3483 me
1056 3433 1135 3483 P²
1276 3435 1340 3484 18
1364 3439 1481 3485 tam
1502 3431 1574 3483 P¹
1718 3437 1783 3484 20
1810 3450 1876 3484 ex
1903 3437 2061 3499 patre
2087 3433 2155 3482 M

303 3500 480 3551 mecio
504 3500 667 3550 BPM
805 3503 868 3551 21
895 3517 1217 3566 graecorum
1240 3501 1347 3551 BP
