2517 3884
371 178 491 242 128
957 233 977 254 ,
1031 167 1036 172 ’
1071 185 1222 240 Am
1266 183 1617 240 SPARTIANI

370 349 788 413 conlusoribus
819 350 1084 430 puerulis
1126 369 1309 410 manu
1352 345 1611 428 largiore
1654 349 1967 419 diuideret,
2014 357 2307 429 paterque

370 437 536 498 illum
566 435 1018 516 reprehendens
1049 436 1321 496 dixisset:
1387 437 1671 515 „parcius
1702 435 1933 504 (fluide,
1980 453 2102 495 non
2145 437 2307 496 enim

370 523 565 600 regias
607 541 754 600 opes
784 521 1120 601 possides“‚
1155 523 1553 600 quinquennis
1584 537 1733 600 puer
1765 519 2104 604 respondit:
2151 521 2306 590 „sed

311 614 339 662 7
375 607 737 688 possidebo“
769 607 990 686 inquid.
1039 609 1098 666 in
1133 607 1516 668 Germaniam
1560 607 1863 686 profectus
1906 607 1987 667 ita
2030 625 2094 666 se
2136 608 2203 666 in
2236 625 2307 666 ea

371 694 665 772 legatione
726 694 862 770 egit,
923 699 990 752 ut
1047 693 1297 762 samam,
1363 691 1733 753 nobilitatam
1802 693 1920 751 iam
1982 699 2138 760 ante,
2203 709 2303 752 cu·
2368 709 2395 748 5

372 779 641 838 mularet.
794 822 798 827 ,

300 859 340 922 5
499 864 570 924 Et
610 862 1067 922 hactenusrem
1111 861 1430 923 militarem
1484 863 1761 942 priuatus
1802 864 1939 940 egit.
2016 861 2231 922 dehinc
2274 881 2305 922 a

372 949 740 1008 Germanicis
772 947 1128 1024 legionibus,
1157 947 1262 1008 ubi
1293 945 1557 1008 auditum
1606 954 1723 1016 est,
1770 947 2157 1008 Commodum
2206 965 2304 1006 oc·
2346 977 2351 981 ·

371 1036 594 1102 cisum,
645 1031 931 1092 lulianum
979 1042 1176 1094 autem
1219 1049 1355 1093 cum
1400 1032 1537 1093 odio
1582 1033 1939 1094 cunctorum
1979 1035 2302 1112 imperare,

271 1126 284 1188 ξ
372 1117 574 1178 multis
625 1116 1000 1178 hortantibus
1053 1135 1397 1198 repugnans
1447 1120 1776 1197 imperator
1832 1125 1920 1178 est
1968 1117 2301 1197 appellatus
2342 1137 2391 1174 10

265 1189 282 1246 ³
305 1213 334 1256 ‘2
373 1203 528 1282 apud
571 1203 942 1265 Carnuntum
987 1203 1186 1264 idibus
1227 1205 1526 1281 Augustis.
1612 1205 1715 1282 qui
1770 1205 1943 1264 etiam
2002 1203 2301 1271 sestertia,

279 1249 332 1357 {3
371 1289 526 1369 quod
571 1307 748 1350 nemo
781 1306 1061 1366 umquam
1102 1289 1473 1368 principum,
1518 1287 1802 1348 militibus
1846 1289 2023 1348 dedit.
2088 1287 2305 1348 deinde

371 1375 620 1434 firmatis
651 1393 797 1454 quas
841 1381 976 1452 post
1009 1383 1240 1452 tergum
1274 1373 1653 1451 relinquebat
1695 1375 2023 1452 prouinciis
2054 1373 2305 1434 Romam

372 1462 487 1520 iter
531 1460 857 1528 contendit,
901 1459 1252 1519 cedentibus
1296 1459 1414 1518 sibi
1454 1460 1714 1528 eunctis,
1762 1475 2137 1538 quacumque
2189 1461 2307 1518 iter

372 1547 528 1612 fecit,
565 1563 700 1604 cum
731 1546 847 1603 iam
873 1542 1190 1622 illyriciani
1221 1546 1525 1604 exercitus
1558 1553 1617 1604 et
1640 1543 1925 1604 Gallicani
1952 1543 2305 1621 cogentibus
2338 1560 2391 1600 15

301 1639 334 1684 4
371 1630 623 1691 ducibus
665 1631 728 1690 in
771 1630 898 1689 eius
939 1626 1126 1688 uerba
1169 1630 1487 1689 iurassent.
1574 1629 1979 1706 excipiebatur
2024 1631 2203 1691 enim¹
2230 1629 2305 1688 ab

305 1723 338 1772 5
372 1713 652 1775 omnibus
684 1715 855 1794 quasi
884 1712 1041 1774 ultor
1070 1713 1419 1774 Pertinacis.
1454 1731 1566 1792 per
1596 1713 1753 1774 idem
1786 1723 2025 1793 tempus
2057 1720 2306 1773 auctore

370 1798 600 1861 Iuliano
632 1797 956 1878 Septimius
987 1798 1250 1858 Seuerus
1282 1817 1316 1858 3
1346 1804 1556 1858 senatu
1586 1797 1777 1858 hostis
1819 1805 1909 1858 est
1950 1797 2304 1877 appellatus,

371 1884 584 1962 legatis
613 1885 684 1944 ad
718 1883 1048 1944 exercitum
1089 1889 1331 1944 senatus
1376 1882 1579 1944 uerbis
1619 1884 1819 1944 missis
1859 1885 1963 1961 qui
2002 1883 2301 1951 iuberent,

303 1980 335 2026 6
371 1976 438 2030 ut
465 1969 540 2030 ab
573 1987 643 2029 eo
675 1969 894 2032 milites
923 1976 1136 2030 senatu
1176 1970 1587 2048 praecipiente
1629 1968 2029 2028 discederent.
2094 1975 2152 2028 et
2195 1968 2301 2028 Se·
2332 1986 2387 2026 20

373 2073 557 2116 uerus
589 2055 830 2133 quidem
863 2073 998 2116 cum
1029 2054 1297 2116 audisset
1343 2061 1587 2115 senatus
1628 2056 2057 2115 consentientis
2099 2061 2302 2114 aucto-

371 2143 547 2200 ritate
583 2143 796 2210 missos
826 2139 1076 2219 legatoS‚
1107 2142 1304 2220 primo
1335 2141 1661 2220 pertimuit,
1688 2148 1895 2220 postea
1926 2139 1987 2200 id
2020 2141 2140 2218 egit
2170 2157 2301 2198 cor—

371 2227 568 2306 ruptis
619 2225 860 2304 legatis‚
913 2233 980 2285 ut
1029 2225 1188 2306 apud
1242 2227 1570 2287 exercitum
1620 2243 1732 2304 pro
1785 2245 1849 2286 se
1910 2225 2304 2302 loquerentur

305 2323 334 2371 7
377 2312 820 2390 transirentque
849 2313 912 2370 in
945 2312 1072 2371 eius
1113 2319 1334 2390 partes.
1410 2310 1505 2371 his
1556 2313 1860 2389 conpertis
1904 2309 2165 2370 Iulianus
2206 2327 2299 2367 se-

371 2403 546 2455 natus
579 2395 919 2456 consultum
948 2395 1080 2454 fieri
1107 2397 1249 2455 fecit
1292 2395 1364 2454 de
1405 2395 1815 2473 participando
1867 2395 2118 2471 imperio
2163 2411 2297 2451 cum
2328 2411 2383 2448 25

305 2491 335 2540 8
373 2481 618 2540 Seuer0.
682 2482 996 2547 incertum,
1031 2497 1176 2540 uere
1206 2479 1276 2540 id.
1300 2497 1374 2538 an
1406 2478 1541 2538 dolo
1574 2480 1813 2546 fecerit,
1849 2497 1983 2538 cum
2014 2479 2129 2536 iam
2164 2483 2299 2537 ante

371 2565 629 2624 misisset
653 2574 828 2624 notos
853 2563 1071 2624 ducum
1095 2564 1511 2624 interfectores
1544 2562 1851 2642 quosdam,
1880 2564 1979 2639 qui
2005 2561 2300 2622 Seuerum

375 2648 746 2716 occiderent,
787 2650 872 2708 ita
897 2656 964 2708 ut
995 2649 1067 2708 ad
1096 2648 1492 2708 Pescennium
1535 2649 1783 2726 Nigrum
1822 2647 2301 2710 interficiendum

373 2735 647 2803 miserat,
682 2735 783 2812 qui
817 2739 874 2794 et
901 2734 1031 2812 ipse
1059 2735 1380 2812 imperium
1413 2741 1617 2794 contra
1652 2752 1789 2794 eum
1821 2739 2165 2813 susceperat
2197 2753 2298 2794 au-

306 2838 338 2885 9
373 2819 640 2881 ctoribus
692 2819 949 2899 Syriacis
1005 2818 1387 2881 exercitibus.
1487 2837 1697 2880 uerum
1752 2819 2015 2880 Seuerus
2068 2821 2304 2879 enitatis
2330 2833 2383 2874 30

375 2917 582 2968 eorum
613 2903 890 2966 manibus
921 2921 1072 2982 quos
1105 2905 1178 2966 ad
1207 2923 1274 2966 se
1303 2905 1791 2987 interficiendum*
1811 2904 2077 2965 Iulianus
2120 2906 2299 2965 mise-

371 2999 493 3062 rat,
537 2993 736 3052 missis
768 2990 844 3051 ad
872 2989 1289 3070 praetorianos
1319 2991 1535 3054 litteris
1564 2992 1799 3068 signum
1841 2988 1941 3050 uel
1985 2988 2303 3050 deserendi

475 3143 504 3190 1
531 3159 653 3192 cum
675 3144 951 3195 lusoribus
975 3143 1042 3194 M
1173 3148 1203 3194 3
1230 3143 1634 3208 quinquennies
1658 3143 1709 3192 B
1844 3144 1877 3193 5
1900 3142 2108 3206 legatio
2134 3139 2203 3191 P1

370 3210 722 3261 nobilitatem
745 3212 848 3262 BP
891 3213 1349 3278 nobilitatemque
1374 3213 1441 3262 M
1574 3215 1603 3262 7
1637 3217 1869 3262 actenus
1892 3209 1996 3260 BP
2131 3213 2193 3261 13
2220 3225 2301 3260 re-

370 3277 596 3378 liquent
613 3313 665 3362 B
759 3316 824 3364 14
842 3317 976 3364 item
995 3313 1097 3364 BP
1119 3321 1156 3364 t.
1182 3315 1218 3364 I
1239 3317 1354 3366 ord.
1452 3315 1515 3364 15
1536 3313 1740 3378 illyrici
1754 3311 1830 3362 Β1
1900 3311 2306 3377 gallicanisBP

476 3385 540 3434 18
567 3383 834 3448 septimus
858 3380 926 3431 P¹
1067 3385 1130 3432 19
1155 3383 1373 3432 iuberet
1396 3383 1447 3432 P
1468 3379 1527 3442 (t.
1554 3381 1627 3445 Ι.)
1766 3383 1833 3430 22
1858 3381 2127 3446 pertinuit
2150 3376 2222 3428 B1

369 3451 436 3500 25
463 3449 806 3500 consulatum
829 3450 949 3499 BP¹
1077 3488 1082 3494 .
1105 3452 1242 3501 fecit
1266 3450 1385 3500 fieri
1409 3449 1477 3499 M
1626 3449 1695 3498 26
1716 3465 1849 3500 uero
1873 3449 1926 3498 B
2086 3451 2150 3498 27
2174 3448 2301 3496 mis-

371 3519 574 3568 sissent
598 3517 649 3567 B
671 3518 953 3569 misissent
977 3521 1028 3570 P
