2517 3884
379 197 504 263 112
684 229 688 233 ·
1075 201 1206 257 IVLl
1251 199 1618 256 CAPITOLINI

381 373 563 450 nique
617 389 754 430 cum
784 375 1104 448 parentum
1146 368 1462 428 minimum
1524 373 1684 427 esset
1741 367 2195 446 patrimonium,
2242 365 2320 427 'et

313 467 344 514 8
379 455 540 517 nulla
573 454 877 516 hereditas⁴
903 452 1279 522 obuenisset,
1314 453 1511 514 subito
1536 451 1713 512 diues
1746 459 1835 512 est
1864 453 2075 513 factus
2128 453 2319 512 omni-

381 541 494 602 bus
525 559 669 602 sane
712 541 1128 619 possessiones
1181 555 1319 598 suas
1368 536 1631 598 reddidit
1672 535 1902 614 ⁴quibus
1956 537 2321 599 Commodus
2388 553 2393 562 ’

312 639 342 686 9
380 627 703 696 ademerat,
739 625 844 685 sed
873 643 997 684 non
1029 625 1157 684 sine
1184 623 1402 702 pretio.
1475 623 1723 683 Senatui
1762 622 2029 700 legitimo
2077 641 2317 702 semper

379 713 656 773 interfuit
685 729 752 772 ac
784 727 1022 789 semper
1066 706 1292 786 aliquid
1332 706 1582 769 rettulit.
1662 705 1907 778 ciuilem
1946 725 2013 768 se
2056 707 2315 770 salutan-
2385 731 2415 770 5

282 809 345 856 10
385 797 544 858 tibus
597 803 658 856 et
706 793 1226 874 interpellantibus
1282 793 1525 872 semper
1571 791 1856 853 exhibuit.
1934 811 2039 852 eos
2088 795 2188 872 qui
2218 811 2317 854 ca-

381 882 626 944 lumniis
659 880 904 959 adpetiti
933 895 1044 959 per
1075 897 1289 940 seruos
1330 879 1571 940 fuerant
1598 877 1893 940 damnatis
1924 879 2118 940 seruis
2149 877 2311 938 dela-

294 1018 300 1024 .
377 965 610 1028 toribus
649 965 928 1026 liberauit
975 966 1040 1024 in
1093 981 1336 1025 erucem
1378 963 1631 1025 sublatis
1672 963 1893 1025 talibus
1930 966 2155 1034 seruis,
2207 963 2316 1024 ali-

378 1069 530 1132 quos
565 1053 740 1112 etiam
774 1058 1044 1110 mortuos
1075 1049 1419 1110 uindicauit.

280 1132 360 1196 10
526 1136 800 1200 insidias
830 1135 1065 1215 parauit
1097 1137 1152 1196 ei
1180 1132 1359 1195 Falco
1381 1136 1453 1175 *²¹⁸
1483 1131 1857 1211 conquestus
1880 1142 1971 1195 est
2008 1137 2069 1194 in
2102 1141 2319 1194 senatu
2351 1154 2410 1192 ιο

311 1232 341 1278 2
378 1223 592 1284 uolens
621 1224 942 1301 imperare.
1022 1219 1181 1297 quod
1228 1219 1468 1299 quidem
1511 1219 1782 1280 credidit.
1863 1219 2005 1279 dum
2038 1218 2151 1280 sibi
2182 1221 2315 1298 qui-

379 1308 514 1370 dam
544 1325 780 1377 seruuS,
815 1308 986 1386 quasi
1014 1305 1232 1366 Fabia-e
1265 1312 1424 1366 esset
1448 1303 1626 1374 filine,
1661 1323 1738 1365 ex
1768 1305 1981 1376 Ceioni
2000 1305 2319 1366 Commodi

378 1393 617 1463 familia,
651 1392 976 1464 Palatinam
1009 1391 1254 1450 domum
1284 1388 1537 1450 ridicule
1567 1390 1962 1458 uindicasset,
2010 1392 2316 1468 cognitus-

311 1491 342 1536 3
379 1497 497 1556 que
527 1481 728 1538 iussus
761 1481 852 1536 est
880 1474 1132 1552 flagellis
1179 1493 1391 1535 caesus
1428 1475 1675 1536 domino
1716 1477 1975 1536 restitui.
2050 1477 2113 1536 in
2148 1477 2321 1536 cuius

377 1562 639 1623 uindicta
680 1562 724 1620 ii
765 1562 868 1639 qui
897 1559 1150 1620 oderant
1179 1560 1554 1620 Pertinacem
1598 1563 1977 1621 occasionem
2007 1561 2321 1621 seditionis
2350 1579 2409 1617 15

308 1658 341 1704 4
378 1649 686 1708 inuenisse
717 1645 1013 1706 dicuntur.
1091 1644 1336 1705 Falconi
1374 1650 1577 1704 tamen
1617 1647 1905 1723 pepercit
1930 1653 1988 1704 et
2030 1664 2063 1704 a
2106 1654 2321 1706 senatu

311 1743 342 1791 5
377 1733 770 1810 inpunitatem
803 1732 933 1790 eius
962 1731 1130 1808 petit.
1208 1729 1470 1806 denique
1499 1728 1677 1790 Falco
1717 1731 1781 1788 in
1825 1727 2009 1789 rebus
2053 1731 2179 1789 suis
2221 1747 2318 1790 se-

308 1827 340 1874 6
377 1835 561 1878 curus
603 1817 756 1876 uixit
797 1822 859 1876 et
899 1813 1125 1874 herede
1168 1813 1291 1874 filio
1331 1815 1506 1893 perit.
1585 1815 1861 1898 quamuis
1902 1813 2077 1874 multi
2107 1813 2319 1875 Falco—

311 1912 340 1960 7
377 1919 513 1988 nem
557 1903 822 1960 nescisse
863 1899 1124 1960 dixerint
1160 1901 1480 1978 imperium
1524 1898 1638 1961 sihi
1680 1901 1895 1978 parari.
1974 1899 2073 1961 alii
2139 1901 2317 1960 etiam

378 1983 592 2056 seruis,
639 1987 742 2064 qui
770 1986 1034 2046 rationes
1065 1986 1553 2053 interuerterant,
1599 1983 1762 2046 falsis
1803 1971 2162 2046 testimoniis
2209 1985 2311 2046 ad-
2344 2005 2399 2044 ιο

307 2074 630 2152 Spetitum
659 2089 798 2132 eum
832 2089 963 2131 esse
995 2069 1295 2130 dixerunt.
1376 2070 1482 2130 sed
1512 2071 1809 2131 Pertinaci
1854 2071 2031 2132 factio
2062 2077 2313 2151 praepa—

375 2166 501 2219 rata
560 2164 650 2219 est
691 2175 801 2236 per
842 2156 1091 2218 Laetum
1132 2156 1512 2234 praefectum
1563 2157 1850 2234 praetorii
1902 2163 1961 2216 et
2016 2175 2119 2216 eos
2164 2173 2315 2232 quos

308 2258 340 2304 9
376 2243 706 2304 Pertinacis
749 2243 1140 2302 sanctimonia
1183 2240 1535 2302 offenderat.
1598 2241 1863 2302 Laetum
1904 2243 2064 2300 enim
2105 2242 2311 2319 paeni-

379 2335 513 2387 tuel
515 2334 602 2396 at
658 2327 818 2403 quod
869 2328 1293 2404 imperatorem
1346 2327 1572 2390 fecerat
1623 2326 2030 2394 Pertinacem,
2084 2325 2313 2385 idcirco

377 2413 515 2490 quia
549 2429 686 2471 eum
716 2411 883 2471 uelut
925 2409 1172 2470 stultum
1203 2411 1605 2469 intimatorem
1647 2408 2071 2469 nonnullarum
2101 2427 2308 2468 rerum
2339 2428 2392 2467 25

278 2511 340 2559 10
375 2494 872 2574 reprehendebat.
949 2511 1134 2572 graue
1163 2500 1479 2572 praeterea
1522 2493 1813 2554 militibus
1856 2495 2083 2573 uisum,
2148 2493 2310 2571 quod

373 2583 436 2640 in
469 2599 646 2641 causa
674 2579 948 2640 Falconis
979 2577 1199 2638 multos
1243 2576 1466 2638 milites
1510 2577 1583 2640 ad
1614 2579 1796 2638 unius
1840 2579 2006 2639 serui
2034 2577 2307 2688 testimo·

375 2667 540 2725 nium
574 2663 765 2724 occidi
793 2668 1198 2745 praeceperat.

276 2749 350 2812 11
545 2750 827 2810 Trecenti
883 2749 1066 2826 igitur
1125 2747 1199 2806 de
1259 2749 1472 2808 castris
1519 2749 1730 2808 armati
1778 2747 1851 2808 ad
1892 2750 2310 2828 imperatorias
2366 2780 2369 2781 ⁷

306 2850 337 2898 2
377 2834 555 2896 aedes
585 2853 778 2896 cuneo
807 2835 963 2894 facto
995 2831 1214 2893 milites
1255 2851 1504 2897 uenere.
1585 2832 1791 2894 eadem
1832 2842 2033 2899 tamen
2064 2835 2160 2896 die
2191 2837 2302 2895 im·
2335 2852 2385 2891 30

479 3057 505 3104 1
533 3055 935 3120 petromonium
958 3054 1009 3104 P
1145 3055 1209 3104 10
1232 3053 1429 3104 uolens
1451 3055 1723 3120 imperare
1748 3053 1815 3104 de
1841 3069 1947 3119 quo
1974 3057 2309 3118 conquestus

377 3125 462 3172 est
482 3123 546 3184 in
573 3128 772 3172 senatu
797 3124 926 3188 quoi
951 3123 1170 3187 quidem
1195 3127 1425 3172 senatus
1462 3123 1699 3172 credidit
1724 3122 1792 3172 M
1830 3125 2023 3172 lacunis
2046 3122 2173 3171 haec
2196 3137 2309 3173 esse

375 3199 621 3254 corrupta
645 3193 899 3242 intellexit
925 3191 966 3241 0
1100 3192 1163 3240 11
1191 3206 1297 3255 quo
1324 3191 1544 3255 quidem
1566 3191 1670 3240 BP
1692 3189 1837 3255 quod
1858 3192 2069 3255 scripsit
2090 3191 2226 3253 Eyn.
2252 3250 2257 3256 .
2282 3209 2289 3214 ·

377 3261 440 3309 12
467 3257 654 3310 fauiae
681 3259 885 3324 setiqui
907 3257 979 3311 fil.
1005 3258 1108 3308 BP
1129 3257 1319 3308 fauiae
1346 3263 1495 3309 esset
1518 3258 1665 3308 filius
1689 3259 1783 3323 qui
1806 3258 1875 3307 M
1984 3261 2047 3308 13
2072 3257 2308 3308 ridicula

375 3325 478 3376 BP
494 3327 723 3390 fortasse
747 3327 872 3377 haee
894 3327 1149 3377 sententia
1169 3329 1245 3376 ita
1268 3329 1587 3377 restituenda
1609 3328 1738 3376 erit:
1776 3325 1927 3376 ‘cum
1952 3326 2060 3377 sibi
2084 3327 2307 3391 quidam

377 3409 571 3446 seruus
595 3422 661 3431 —
685 3394 1055 3457 uindicasset‚
1093 3396 1349 3461 cognitus
1383 3395 1676 3460 iussusque
1710 3399 1796 3444 est
1820 3421 1883 3430 -
1911 3395 2169 3446 restitui.’

377 3465 441 3513 15
465 3465 545 3513 hii
569 3463 716 3528 quod
741 3463 973 3514 oderant
996 3462 1099 3511 BP
1221 3464 1555 3514 occisionem
1578 3462 1629 3511 B
1768 3464 1831 3513 1⁷
1856 3463 2093 3528 denique
2118 3489 2183 3498 —
2209 3477 2305 3529 pe-

374 3532 448 3583 rit
473 3549 566 3584 om.
590 3533 643 3581 B
777 3534 844 3583 23
869 3531 1218 3582 offenderant
1241 3529 1364 3582 BP¹
1501 3534 1568 3582 30
1594 3530 1795 3582 caedes
1819 3531 1987 3582 BPM
2005 3548 2103 3608 em2
2123 3531 2260 3598 Eyn.
