2517 3884
829 182 1252 239 AVRELIANVS.
1342 183 1399 237 c,
1449 188 1678 239 15-19,
1850 211 1854 215 -
2105 180 2225 243 149

291 346 491 407 credo.
569 350 706 407 misi
749 367 892 408 sane
943 365 1130 424 equos
1175 349 1419 419 decem,
1484 348 1701 411 loricas
1731 350 1879 411 duas
1924 360 1981 411 et
2024 360 2221 413 cetera

290 431 508 508 quibus
539 434 774 493 munire
805 432 876 492 ad
909 432 1130 494 bellum
1165 442 1405 495 euntem
1439 438 1766 496 necessitas
1798 436 2019 513 cogit‘·
2252 495 2255 497 ,

417 516 710 578 Secundis
769 519 949 595 igitur
1006 518 1254 598 proeliis
1323 538 1469 579 usus
1542 522 1823 598 auspiciis
1883 520 2220 583 Claudianis

287 620 417 663 rem
448 620 506 680 p.
549 604 613 662 in
643 604 940 679 integrum
987 603 1248 663 reddidit
1280 612 1457 682 atque
1488 606 1617 683 ipse
1648 608 1875 675 statim,
1928 613 1993 666 ut
2038 616 2221 684 supra
2262 665 2267 669 .

233 700 259 741 5
288 688 571 755 diximus,
647 706 944 748 consensu
1016 690 1279 747 omnium
1338 688 1645 791 legionum
1705 691 1899 750 factus
1960 698 2048 749 est
2106 693 2217 751 im-

284 778 547 851 perator.

412 856 659 933 Equites
691 874 832 916 sane
865 874 1070 917 omnes
1101 864 1239 917 ante
1268 860 1588 936 imperium
1620 814 1730 919 sub
1754 858 2001 922 Claudio
2032 862 2217 921 Aure·
2244 861 2321 925 18

285 924 480 1001 lianus
511 940 892 1017 gubernanit,
913 960 1048 1002 cum
1084 942 1369 1002 offensam
1394 945 1663 1020 magistri
1689 962 1897 1005 eorum
1929 946 2216 1006 incurris-

286 1031 435 1093 sent,
471 1025 631 1101 quod
667 1034 890 1085 temere
923 1026 1162 1087 Claudio
1195 1046 1315 1087 non
1346 1026 1591 1087 iubente
1636 1037 2014 1105 pugnassent.
2074 1031 2216 1092 item
2253 1046 2283 1091 2

209 1125 258 1163 10
284 1109 637 1171 Aurelianus
669 1118 872 1171 contra
908 1111 1140 1172 Suebos
1186 1120 1246 1172 et
1277 1112 1577 1172 Sarmatas
1620 1113 1813 1172 isdem
1842 1114 2217 1192 temporibus

283 1194 811 1255 uehementissime
871 1195 1179 1256 dimicauit
1237 1216 1307 1256 ac
1366 1197 1849 1257 florentissimam
1906 1201 2215 1259 uictoriam

283 1280 530 1340 rettulit.
607 1282 864 1358 Accepta
897 1288 988 1341 est
1017 1300 1162 1341 sane
1192 1280 1391 1341 clades
1432 1280 1540 1341 sub
1571 1282 1889 1343 Aureliano
1923 1301 1954 1341 a
1984 1284 2212 1344 Marco·
2251 1300 2282 1345 3

283 1365 516 1424 mannis
566 1382 678 1442 per
729 1360 1017 1426 errorem.
1095 1384 1231 1425 nam
1288 1366 1525 1426 dumis
1580 1385 1611 1425 a
1654 1368 1853 1427 fronte
1896 1386 2015 1426 non
2050 1376 2216 1428 curat

283 1467 602 1509 occurrere
634 1449 830 1509 subito
865 1450 1317 1529 erumpentibus
1348 1451 1607 1529 dumque
1638 1450 1771 1511 illos
1802 1470 1831 1511 a
1866 1452 2043 1512 dorso
2074 1472 2212 1531 per·
2242 1498 2249 1503 -

205 1549 254 1589 15
283 1534 454 1610 sequi
482 1542 682 1611 parat,
747 1537 946 1596 omnia
992 1537 1150 1595 circa
1181 1535 1581 1596 Mediolanum
1642 1538 1907 1613 grauiter
1950 1532 2215 1598 euastata

281 1626 436 1678 sunt.
511 1625 722 1697 postea
775 1625 974 1679 tamen
1027 1622 1143 1699 ipsi
1197 1636 1437 1697 quoque
1489 1620 1894 1681 Marcomanni
1950 1625 2215 1700 superati

245 1710 440 1765 -sunt.
516 1704 579 1763 in
606 1714 609 1717 “
636 1702 741 1763 illo
802 1712 1000 1765 autem
1061 1705 1307 1775 timore,
1373 1722 1491 1781 quo
1535 1706 1939 1769 Marcomanni
2002 1715 2211 1767 cuncta
2248 1722 2280 1768 4

280 1787 610 1857 uastabant‚
642 1788 916 1865 ingentes
947 1790 1170 1849 Romae
1213 1790 1536 1850 seditiones
1578 1799 1773 1851 motae
1816 1799 1956 1851 sunt
1986 1810 2212 1869 pauen-

279 1872 436 1933 tibus
469 1874 712 1940 cunctis,
747 1890 823 1932 ne
857 1874 1064 1933 eadem
1099 1891 1250 1950 quae
1284 1874 1393 1936 sub
1426 1872 1693 1934 Gallieno
1727 1876 1964 1935 fuerant
1993 1894 2210 1953 proue-

203 1972 253 2012 20
279 1958 496 2016 nirent.
571 1974 754 2033 quare
789 1960 964 2017 etiam
996 1957 1134 2017 libri
1165 1958 1439 2039 Sibyllini
1470 1960 1594 2018 noti
1624 1959 1926 2020 beneficiis
1956 1957 2211 2037 publicis
2249 1976 2279 2023 5

276 2043 532 2119 inspecti
563 2050 738 2110 sunt,
796 2043 1260 2119 inuentumque,
1325 2044 1481 2103 utin
1516 2045 1693 2103 certis
1736 2042 1881 2102 locis
1925 2046 2210 2103 sacrificia

277 2126 508 2194 fierent,
545 2143 697 2202 quae
728 2126 971 2187 barbari
1000 2129 1258 2187 transire
1290 2146 1409 2187 non
1454 2134 1717 2205 possent.
1770 2128 1920 2187 facta
1953 2128 2209 2207 denique
2246 2144 2277 2189 6

205 2287 208 2288 ⁷
277 2217 415 2269 sunt
445 2228 512 2269 ea
545 2227 698 2288 quae
727 2220 1044 2290 praecepta
1077 2213 1318 2272 fuerant
1344 2214 1408 2272 in
1440 2212 1683 2272 diuerso
1712 2214 2209 2274 caerimoniarum

275 2311 528 2371 genere,
563 2301 742 2371 atque
782 2298 862 2355 ita
894 2296 1134 2355 barbari
1165 2297 1541 2369 restiterunt,
1586 2314 1732 2373 quos
1776 2315 1983 2357 omnes
2024 2302 2209 2357 Aure-

199 2394 250 2435 25
277 2378 467 2438 lianus
501 2382 750 2479 carptim
787 2386 1070 2458 uagantes
1103 2381 1342 2442 occidit

403 2463 620 2524 Libet
604 2468 793 2542 ipsius
841 2473 1080 2527 senatus
1123 2455 1379 2526 consulti
1422 2465 1677 2526 formam
1712 2484 2040 2544 exponere,
2087 2484 2205 2543 quo
2244 2482 2271 2530 7

275 2548 461 2607 libros
512 2551 727 2628 inspici
783 2551 1096 2611 clarissimi
1160 2551 1387 2612 ordinis
1455 2552 1627 2611 iussit
1686 2554 2034 2612 auctoritas:
2098 2551 2205 2611 Die
2230 2556 2307 2619 19

272 2635 454 2693 tertio
497 2634 704 2713 iduum
748 2633 1152 2695 Ianuariarum
1188 2636 1435 2697 Fuluius
1467 2636 1724 2695 Sabinus
1754 2644 1997 2714 praetor
2028 2636 2203 2695 urba-

275 2736 390 2778 nus
434 2718 613 2777 dixit:
657 2718 1038 2788 „Referimus
1081 2719 1152 2779 ad
1198 2738 1337 2789 uos»,
1382 2738 1439 2797 p.
1476 2738 1553 2787 c.‚
1596 2722 1943 2797 pontificum
1990 2737 2205 2797 sugge-

195 2818 246 2859 30
275 2804 532 2861 stionem
567 2809 626 2863 et
654 2803 957 2864 Aureliani
987 2806 1277 2883 principis
1307 2805 1553 2871 litteras,
1588 2804 1804 2882 quibus
1833 2803 2105 2869 iubetur,
2142 2811 2207 2862 ut

271 2887 667 2964 inspiciantur
707 2888 916 2948 fatales
973 2887 1142 2956 libri,
1205 2890 1424 2964 quihus
1485 2906 1624 2966 spes
1665 2886 1805 2947 belli
1846 2888 2204 2963 terminandi
2270 2893 2278 2897 ’

275 2980 506 3031 sacrato
565 2972 815 3031 deorum
874 2974 1128 3050 imperio
1190 2976 1550 3033 continetur.
1631 2973 1794 3031 scitis
1856 2973 2015 3032 enim
2068 2974 2200 3049 ipsi,
2241 2990 2271 3035 2

273 3058 766 3133 quotiescumque
797 3060 1039 3134 grauior
1071 3056 1287 3133 aliquis
1320 3058 1515 3117 extitit
1545 3065 1739 3116 motus
1755 3071 1780 3124 ,·
1818 3075 1921 3116 eos
1964 3075 2203 3135 semper

406 3227 433 3273 1
463 3228 520 3273 et
547 3240 674 3273 cera
699 3222 770 3273 B¹
797 3240 885 3275 om.
918 3224 986 3273 M
1081 3227 1112 3273 2
1136 3234 1362 3275 munere
1388 3225 1491 3274 BP
1590 3222 1764 3293 sfiliis
1790 3225 1839 3274 B
1942 3228 1973 3275 9
1998 3230 2203 3275 uuente

247 3288 414 3341 ’ΒῬ1
443 3292 672 3341 iuuante
701 3290 780 3341 B3
939 3292 1086 3341 idern
1111 3292 1160 3341 B
1324 3294 1385 3342 10
1409 3292 1623 3342 hisdem
1646 3292 1727 3341 3³
1887 3296 1949 3342 12
1978 3292 2205 3343 claudes

266 3357 340 3407 ΡΙ
487 3359 549 3408 13
577 3374 707 3409 cura
735 3359 803 3409 P¹
949 3363 1263 3424 14,0ecurre
1289 3359 1447 3409 B¹P¹
1478 3358 1636 3422 (corr.
1662 3360 1845 3424 B³P3)
1985 3364 2047 3411 15
2072 3377 2199 3410 eua-

266 3430 392 3475 tata
421 3426 470 3474 B
484 3425 498 3458 ¹
663 3429 728 3477 20
753 3427 1000 3491 sybillini
1023 3428 1073 3478 B
1234 3430 1299 3479 27
1325 3429 1453 3478 libri
1479 3430 1579 3479 BP
1724 3430 2081 3479 clarissimior
2104 3428 2206 3478 BP

269 3494 696 3563 clarissimorum
721 3495 787 3543 M
809 3496 1100 3546 clarissimi
1126 3496 1335 3546 ordinis
1360 3513 1447 3545 em.
1476 3496 1516 3545 S
