2517 3884
322 193 557 245 INDEX
591 193 937 244 NOMINVM
974 194 1069 243 ET
1105 192 1362 242 RERVM
1395 190 1976 242 MEMORABILIVM
2067 190 2194 254 313

106 362 503 411 Parthenianus.
559 356 825 409 Aemilius
872 384 958 409 --.
1014 356 1124 407 uid.
1179 359 1482 419 Parthiam
1467 374 1748 424 ingressus
1764 360 1984 410 estSeu.
2015 362 2128 423 136,
2145 364 2195 413 9.

177 427 465 479 Aemilius.
1179 426 1457 476 Parthicae
1517 426 1884 491 expeditionis
1949 432 2195 494 tempore

106 496 297 551 Parthi
339 496 395 545 II
442 496 566 557 181,
615 496 695 543 11.
758 494 883 555 194,
932 494 1012 543 32.
1058 519 1129 527 -
1242 492 1564 544 Hadrianus
1609 494 1832 559 legatus
1884 496 2193 547 destinatus

175 564 238 613 P.
286 564 344 611 in
372 561 641 612 ⁴amicitia
676 573 891 626 semper
928 560 1127 609 habuit

176 631 379 693 Hadr.‚

1246 563 1294 623 6,
1333 564 1384 611 4.
1419 564 1482 612 P.
1512 578 1630 626 exp.
1658 562 1788 612 iniit
1812 562 1968 616 Alex.
1995 566 2112 625 264,
2141 566 2188 613 2.

444 629 586 694 quod.
632 628 762 678 inde
806 643 995 693 regem
1039 643 1122 677 re·
1176 630 1428 679 Parthica
1462 630 1611 695 legio
1649 631 1894 679 secunda
1931 633 2047 695 172,
2086 634 2132 684 3.

176 700 366 761 traxit,
426 712 585 762 quem
641 697 915 745 Traianus
969 695 1125 759 inpo-
1176 698 1456 747 Parthicae
1492 712 1702 747 zancae
1738 699 1795 748 11
1834 701 1950 759 136,
1989 702 2037 750 3.

176 772 367 817 suerat
410 768 504 827 21,
552 767 635 814 25.
697 766 759 813 P.
815 779 1003 828 regem
1052 764 1121 811 ab
1174 765 1412 814 Parthici
1436 765 1622 830 oppidi
1648 764 1790 829 quod
1812 767 2191 831 militesquae-

172 834 553 883 Armeniorum
592 832 1001 896 expugnatione
1034 846 1125 880 so-

175 901 247 951 lis
283 902 486 950 litteris
523 900 654 949 Pius
692 898 935 964 reppulit
958 900 1043 961 41,
1073 900 1119 947 1.

1243 832 1445 881 rebant
1469 849 1678 883 omnem
1716 834 1978 897 praedam
2007 833 2196 883 militi-

1242 900 1344 949 bus
1383 903 1662 950 concessit
1699 900 1825 950 Seu.
1865 903 1980 963 136,
2019 904 2104 952 23.

177 969 375 1019 sellam
422 970 633 1032 regiam
679 967 741 1018 P.
788 968 909 1031 regi
960 980 1121 1029 repe·
1172 968 1410 1017 Parthici
1464 964 1624 1031 reges
1679 970 2016 1019 concubinas
2073 969 2191 1019 the-

174 1036 320 1085 tenti
368 1035 696 1100 pernegauit
747 1034 879 1084 Pius
935 1035 1028 1096 41,
1068 1034 1117 1086 5.

1242 1036 1420 1083 sauris
1448 1036 1688 1085 cariores
1702 1035 1912 1086 habent
1930 1038 1984 1085 ΙΙ
1997 1038 2080 1100 69,
2103 1039 2184 1085 25.

176 1118 279 1153 sua
316 1103 487 1153 fuisse
527 1102 779 1166 consilia,
818 1102 1016 1165 quibus
1053 1101 1115 1150 P.
1175 1103 1469 1152 Parthicum
1503 1103 1710 1153 bellum
1750 1105 1864 1166 105,
1903 1106 1985 1155 20.
2019 1130 2090 1140 -—
2123 1105 2188 1153 P.

178 1170 427 1236 superati
462 1174 607 1232 sunt,
643 1170 861 1219 occulte
899 1170 1121 1218 Marcus

174 1240 233 1287 in
269 1244 467 1289 senatu
502 1238 747 1288 ostendit
782 1239 873 1297 60,
913 1239 995 1287 20.
1055 1237 1119 1285 Ρ.

178 1306 477 1370 compleuit
557 1306 781 1369 spiritus
859 1304 1125 1369 pestilens

177 1377 268 1435 74,
310 1376 356 1424 7.
393 1375 454 1423 Ρ.
494 1374 549 1422 in
587 1373 860 1422 dicionem
907 1372 1128 1436 redegit

174 1442 301 1492 Seu.
353 1444 465 1500 132,
502 1444 551 1491 2.
590 1441 881 1490 excusauit
902 1440 1125 1489 Parthi·

176 1525 298 1559 cum
340 1524 539 1558 nomen
583 1524 653 1557 ne
710 1507 773 1560 P.
820 1508 1124 1557 lacesseret

177 1580 293 1640 132,
324 1580 370 1627 7.
410 1577 648 1626 Parthos
676 1577 969 1625 summouit
995 1574 1124 1624 Seu.

177 1646 291 1707 125,
332 1647 414 1696 32.
454 1645 516 1693 P.
544 1643 753 1693 bellum
792 1643 999 1692 inferre
1026 1658 1125 1707 pa-

174 1715 322 1762 rauit
358 1712 488 1762 Seu.
517 1714 632 1773 135,
671 1712 753 1761 24.
794 1712 1127 1765 obstiterunt

174 1780 239 1834 Ρ.
280 1781 397 1842 136,
452 1781 531 1829 14.
577 1780 637 1829 Ρ.
686 1779 986 1844 temptauit
1036 1794 1125 1828 se-

171 1849 489 1909 natus-164,
528 1850 609 1899 30.
667 1862 790 1896 cum
836 1848 895 1899 P.
946 1849 1123 1895 satra-

173 1916 259 1979 pis
296 1930 517 1963 manum
558 1914 792 1965 contulit
838 1914 965 1963 Car.
1006 1916 1121 1974 171,

171 1986 257 2033 22.
298 1996 418 2030 cum
456 1982 655 2029 iterum
691 1982 754 2032 Ρ.
793 1980 1001 2029 bellum
1037 1981 1123 2028 in-

174 2046 557 2110 ferre‘uellet,
597 2048 816 2097 occisus
865 2051 987 2110 171,
1038 2050 1122 2096 27.

170 2115 382 2167 bellum
419 2120 616 2165 contra
663 2116 726 2165 P.
763 2115 939 2179 gessit
975 2114 1121 2178 Opil.

174 2186 305 2246 189,
355 2185 401 2233 5.
482 2180 581 2232 sed
619 2183 879 2240 conflictu
931 2182 1123 2232 habito

172 2251 399 2300 defectu
433 2249 711 2315 legionum
758 2251 1121 2314 interemptus

173 2325 261 2368 est
322 2320 438 2381 189,
499 2320 547 2368 8.
608 2318 905 2366 interfecto
954 2317 1123 2366 Cara-

173 2385 321 2435 callo
393 2400 589 2451 pacem
648 2386 928 2435 concessit
984 2386 1118 2434 Par-

169 2453 297 2504 thus
336 2456 460 2517 189,
503 2456 583 2505 14.
623 2458 814 2503 contra
848 2453 911 2501 P.
963 2452 1119 2502 forti—

171 2527 257 2571 ter
318 2526 375 2570 et
420 2521 663 2571 feliciter
710 2520 980 2586 pugnauit
1016 2520 1119 2586 Op.

172 2591 298 2650 192,
336 2591 385 2637 8.
444 2590 504 2639 Ρ.
554 2589 863 2639 Antoninus
908 2589 1119 2650 uincat,

172 2655 454 2704 adclamat
490 2662 713 2705 senatus
734 2657 819 2708 Al.
847 2658 974 2719 imp.
1001 2659 1119 2719 233,

1203 1223 1206 1226 ,
1243 1170 1297 1220 b.
1336 1169 1612 1220 Hadriani
1649 1171 1936 1235 conloquio
1973 1186 2184 1236 repres-

1245 1253 1365 1287 sum
1404 1242 1490 1287 est
1515 1240 1596 1300 13,
1622 1241 1704 1288 31.
1729 1238 1920 1288 Marco
1948 1238 2076 1302 imp.
2103 1240 2188 1295 50,

1244 1308 1329 1357 24.
1369 1305 1439 1353 ad
1473 1306 1531 1354 id.
1564 1308 1742 1356 Verus
1770 1310 1856 1356 est
1890 1306 2090 1355 missus
2114 1309 2196 1365 50,

1248 1375 1331 1425 31.
1360 1375 1440 1435 72,
1471 1376 1562 1435 13;
1590 1376 1682 1435 32;
1709 1389 1809 1437 per
1832 1374 2050 1437 legatos
2073 1390 2198 1439 ges-

1248 1442 1324 1490 sit
1357 1443 1447 1503 51,
1486 1441 1536 1492 8.
1587 1443 1668 1501 73,
1719 1445 1798 1491 11.
1861 1442 1986 1490 dum
2033 1442 2094 1490 P.
2144 1443 2194 1491 b.

1246 1509 1484 1574 geritur,
1514 1513 1703 1557 natum
1731 1513 1815 1559 est
1849 1510 2191 1559 Marcoman-

1245 1577 1431 1625 nicum
1457 1578 1540 1637 54,
1564 1580 1652 1627 31.
1680 1578 2191 1627 inminebatMarco

1246 1645 1572 1773 ἒιῗέέηὲἒξ·
1597 1645 2197 1769 ἒῖ.Ρένίἳῖἔῗ.ἲ.3ξ3έ

1249 1795 1279 1829 e
1315 1779 1378 1830 P.
1418 1780 1471 1832 b.
1511 1783 1593 1841 73,
1626 1781 1705 1831 15.
1730 1780 1939 1830 bellum
1974 1780 2196 1829 histrio·

1246 1848 1430 1896 nicum
1466 1862 1576 1897 non
1612 1848 1798 1898 Parth.
1835 1848 2013 1897 Verus
2066 1862 2192 1897 con-

1246 1916 1453 1964 fecisse
1483 1920 1568 1963 est
1606 1916 1758 1963 uisus
1786 1916 1868 1976 75,
1895 1918 1942 1965 3.
1983 1929 2195 1963 rumore

1245 1981 1384 2030 belli
1444 1982 1508 2033 P.
1559 1984 1819 2031 exstincti
1873 1981 2001 2031 Seu·
2049 1983 2196 2047 patri

1246 2049 1413 2097 matri
1449 2064 1553 2098 auo
1594 2052 1650 2097 et
1684 2050 1840 2098 uxori
1875 2049 2045 2113 priori
2079 2053 2196 2098 sta-

1245 2119 1374 2165 tuas
1412 2115 1727 2165 conlocauit
1764 2118 1877 2173 134,
1915 2119 1998 2168 31.
2038 2116 2107 2165 ad
2145 2116 2196 2167 b.

1245 2183 1311 2233 P.
1347 2184 1630 2247 profectus
1667 2184 1792 2233 Seu.
1819 2186 1932 2247 135,
1961 2186 2040 2233 13.
2079 2183 2198 2249 glo-

1243 2252 1365 2299 riae
1407 2250 1714 2315 cupiditate
1741 2251 1864 2301 Seu·
1905 2250 2192 2301 adfectare

1242 2319 1298 2368 b.
1335 2319 1400 2371 P.
1440 2318 1497 2367 in
1534 2333 1781 2368 sermone
1807 2319 2029 2383 uolgari
2077 2322 2198 2367 erat

1245 2388 1370 2449 135,
1424 2388 1504 2438 19.
1558 2384 1628 2435 ad
1687 2386 1749 2439 P.
1791 2387 1846 2436 b.
1899 2401 2196 2436 conuersus

1244 2453 1371 2503 Car.
1426 2456 1550 2517 171,
1600 2456 1678 2504 14.
1738 2459 1864 2519 post
1907 2454 2095 2506 Parth.
2143 2456 2195 2504 b.

1242 2522 1461 2587 ingenti
1531 2521 1714 2586 gloria
1777 2522 2010 2573 florebat
2069 2521 2194 2573 SeU.

1244 2591 1371 2651 180,
1425 2592 1504 2640 16.
1567 2589 1636 2639 ad
1696 2590 1748 2643 b.
1799 2592 1860 2640 P.
1911 2590 2198 2655 profectus

1244 2656 1466 2721 Opilius
1505 2659 1632 2719 184,
1670 2660 1717 2707 8.

169 2724 219 2773 2.
258 2723 397 2772 uicti
433 2723 629 2772 Parthi
666 2725 735 2773 ab
772 2724 857 2772 Al.
884 2726 1004 2786 270,
1029 2726 1112 2774 20.
1174 2724 1333 2774 uelut
1369 2726 1663 2776 Parthicum
1687 2729 1974 2789 tropaeum
1999 2724 2193 2789 Agrip-

168 2790 232 2839 P.
271 2790 495 2840 fuerunt
529 2792 587 2839 in
613 2794 857 2839 exercitu
880 2790 1034 2841 Alex.
1064 2792 1123 2839 in

169 2856 523 2908 Germaniam
566 2857 730 2907 ducto
766 2860 883 2920 272,
925 2861 1005 2907 11.
1066 2858 1124 2908 11

1243 2807 1373 2857 pum
1416 2792 1740 2841 histrionem
1797 2808 1827 2842 e
1887 2792 2048 2854 Syria
2103 2790 2198 2839 ad-

1244 2859 1477 2909 duxerat
1511 2860 1688 2907 Verus
1727 2861 1808 2922 74,
1847 2861 1929 2909 29.

170 2929 251 2986 11,
291 2929 338 2976 7.
377 2930 633 2990 paratum
671 2930 827 2988 erat,
885 2928 949 2974 ut
998 2940 1126 2975 con·
1176 2927 1452 2977 Parthicus
1495 2926 1675 2976 dictus
1723 2925 2038 2977 Alexander
2073 2926 2192 2987 268,

166 2998 256 3043 tra
280 2994 343 3043 P.
367 2994 639 3043 Maximus
663 2993 1127 3058 proficisceretur,
1248 2996 1330 3045 28.

169 3078 293 3113 cum
330 3064 549 3111 occisus
589 3066 675 3111 est
711 3062 767 3112 11
808 3063 901 3121 62,
943 3062 1027 3111 18.
1064 3060 1125 3113 P.
1178 3086 1243 3096 -
1283 3062 1617 3111 Aurelianus
1652 3062 1709 3112 II
1747 3062 1860 3124 158,
1903 3064 1948 3110 1.

170 3130 240 3180 ad
296 3128 666 3179 Ctesifontem
718 3129 855 3179 uicit
904 3127 1125 3178 Odena-
1180 3156 1245 3166 —-
1283 3128 1612 3179 Caracallus
1663 3131 1786 3192 171,
1846 3132 1930 3180 25.
1980 3130 2106 3192 175,
2147 3130 2228 3180 9-

166 3204 255 3247 tus
291 3198 347 3247 ΙΙ
384 3199 469 3261 81,
508 3200 590 3248 28.
644 3201 839 3247 contra
873 3197 937 3248 P.
976 3195 1121 3246 Ode-

1246 3199 1370 3259 181,
1412 3200 1492 3248 30.

169 3266 291 3313 nati
352 3270 409 3315 et
469 3265 807 3329 Cleopatrae
868 3264 1123 3329 partibus
1174 3290 1244 3301 ——·
1278 3266 1502 3315 Marcus
1539 3266 1868 3329 51‚17.73‚
1911 3266 1990 3314 15.

166 3334 476 3397 Aegyptum
512 3334 874 3383 defendentes
912 3347 1121 3397 pugna·
1172 3358 1243 3369 --
1278 3333 1490 3383 Probus
1527 3332 1585 3383 ΙΙ
1622 3333 1734 3394 194,
1776 3334 1856 3382 17.

169 3400 254 3448 uit
288 3400 497 3451 Ptobus
535 3401 588 3450 II
626 3402 873 3463 192,14.
932 3400 992 3448 Ρ.
1042 3400 1121 3451 le·
1174 3426 1235 3437 --
1271 3400 1509 3451 Seuerus
1561 3416 1594 3449 a
1629 3403 1831 3449 senatu
1877 3399 2197 3464 appellatus

168 3470 329 3533 gatos
390 3467 459 3517 ad
533 3469 773 3519 Probum
850 3468 1123 3519 miserunt

166 3549 363 3601 pacem
400 3540 654 3601 petentes
690 3537 748 3588 11
786 3536 901 3601 198,
941 3538 1024 3591 17.

1242 3470 1358 3528 132,
1401 3471 1450 3531 5,
1500 3468 1596 3519 sed
1648 3468 1940 3517 excusauit
1989 3470 2112 3530 132,
2150 3469 2198 3519 7.

1252 3534 1380 3590 Seu.
1416 3539 1478 3589 P.
1518 3553 1571 3586 n.
1599 3536 1800 3587 meruit
1836 3537 1950 3596 136,
1979 3538 2059 3585 17.
