<?xml version="1.0" encoding="UTF-8"?>
<!DOCTYPE html PUBLIC "-//W3C//DTD XHTML 1.0 Transitional//EN"
    "http://www.w3.org/TR/xhtml1/DTD/xhtml1-transitional.dtd">
<html xmlns="http://www.w3.org/1999/xhtml" xml:lang="en" lang="en">
 <head>
  <title>
</title>
<meta http-equiv="Content-Type" content="text/html;charset=utf-8" />
  <meta name='ocr-system' content='tesseract 3.04.00' />
  <meta name='ocr-capabilities' content='ocr_page ocr_carea ocr_par ocr_line ocrx_word'/>
</head>
<body>
  <div class='ocr_page' id='page_1' title='image "./scriptoreshisto02petegoog_0034.png"; bbox 0 0 2517 3884; ppageno 0'>
   <div class='ocr_carea' id='block_1_1' title="bbox 961 185 2117 243">
    <p class='ocr_par' dir='ltr' id='par_1_1' title="bbox 961 185 2117 243">
     <span class='ocr_line' id='line_1_1' title="bbox 961 185 2117 243; baseline 0.001 -2"><span class='ocrx_word' id='word_1_1' title='bbox 961 185 1355 242; x_wconf 83' lang='lat' dir='ltr'><strong>PRAEFATIO.</strong></span> <span class='ocrx_word' id='word_1_2' title='bbox 1959 185 2117 243; x_wconf 84' lang='lat' dir='ltr'>XXIX</span> 
     </span>
    </p>
   </div>
   <div class='ocr_carea' id='block_1_2' title="bbox 169 321 2124 3114">
    <p class='ocr_par' dir='ltr' id='par_1_2' title="bbox 169 321 2120 1056">
     <span class='ocr_line' id='line_1_2' title="bbox 169 321 2116 396; baseline 0 -17"><span class='ocrx_word' id='word_1_3' title='bbox 169 341 284 381; x_wconf 88' lang='lat' dir='ltr'><strong>non</strong></span> <span class='ocrx_word' id='word_1_4' title='bbox 331 332 420 378; x_wconf 93' lang='lat' dir='ltr'><strong>est</strong></span> <span class='ocrx_word' id='word_1_5' title='bbox 463 322 610 396; x_wconf 85' lang='lat' dir='ltr'><strong>quod</strong></span> <span class='ocrx_word' id='word_1_6' title='bbox 653 321 906 395; x_wconf 88' lang='lat' dir='ltr'><strong>pluribus</strong></span> <span class='ocrx_word' id='word_1_7' title='bbox 953 321 1339 384; x_wconf 82' lang='lat' dir='ltr'><strong>demonstrem,</strong></span> <span class='ocrx_word' id='word_1_8' title='bbox 1385 337 1507 378; x_wconf 91' lang='lat' dir='ltr'><strong>cum</strong></span> <span class='ocrx_word' id='word_1_9' title='bbox 1550 322 1631 377; x_wconf 89' lang='lat' dir='ltr'><strong>ed.</strong></span> <span class='ocrx_word' id='word_1_10' title='bbox 1664 323 1800 379; x_wconf 84' lang='lat' dir='ltr'><strong>Med.</strong></span> <span class='ocrx_word' id='word_1_11' title='bbox 1834 338 1898 378; x_wconf 83' lang='lat' dir='ltr'><strong>ex</strong></span> <span class='ocrx_word' id='word_1_12' title='bbox 1928 322 2116 380; x_wconf 90' lang='lat' dir='ltr'><strong>codice</strong></span> 
     </span>
     <span class='ocr_line' id='line_1_3' title="bbox 169 406 2120 481; baseline -0.001 -16"><span class='ocrx_word' id='word_1_13' title='bbox 169 409 502 465; x_wconf 78' lang='lat' dir='ltr'><strong>recentioris</strong></span> <span class='ocrx_word' id='word_1_14' title='bbox 547 409 740 462; x_wconf 90' lang='lat' dir='ltr'><strong>aetatis</strong></span> <span class='ocrx_word' id='word_1_15' title='bbox 782 406 1022 462; x_wconf 88' lang='lat' dir='ltr'><strong>fluxerit.</strong></span> <span class='ocrx_word' id='word_1_16' title='bbox 1066 408 1252 480; x_wconf 87' lang='lat' dir='ltr'><strong>itaque</strong></span> <span class='ocrx_word' id='word_1_17' title='bbox 1296 423 1419 464; x_wconf 91' lang='lat' dir='ltr'><strong>cum</strong></span> <span class='ocrx_word' id='word_1_18' title='bbox 1462 414 1675 463; x_wconf 55' lang='lat' dir='ltr'><strong>certum⁴</strong></span> <span class='ocrx_word' id='word_1_19' title='bbox 1716 408 1954 481; x_wconf 81' lang='lat' dir='ltr'><strong>aliquem</strong></span> <span class='ocrx_word' id='word_1_20' title='bbox 1984 409 2120 463; x_wconf 88' lang='lat' dir='ltr'><strong>scri&#39;-</strong></span> 
     </span>
     <span class='ocr_line' id='line_1_4' title="bbox 170 490 2115 564; baseline -0.001 -15"><span class='ocrx_word' id='word_1_21' title='bbox 170 493 340 550; x_wconf 88' lang='lat' dir='ltr'><strong>bendi</strong></span> <span class='ocrx_word' id='word_1_22' title='bbox 372 491 594 548; x_wconf 90' lang='lat' dir='ltr'><strong>modum</strong></span> <span class='ocrx_word' id='word_1_23' title='bbox 638 492 787 546; x_wconf 87' lang='lat' dir='ltr'><strong>hisce</strong></span> <span class='ocrx_word' id='word_1_24' title='bbox 830 491 1194 564; x_wconf 82' lang='lat' dir='ltr'><strong>scriptoribus</strong></span> <span class='ocrx_word' id='word_1_25' title='bbox 1237 491 1533 549; x_wconf 82' lang='lat' dir='ltr'>obtrudere</span> <span class='ocrx_word' id='word_1_26' title='bbox 1576 490 1797 554; x_wconf 88' lang='lat' dir='ltr'><strong>nollem,</strong></span> <span class='ocrx_word' id='word_1_27' title='bbox 1855 494 1909 546; x_wconf 89' lang='lat' dir='ltr'><strong>in</strong></span> <span class='ocrx_word' id='word_1_28' title='bbox 1952 509 2013 547; x_wconf 89' lang='lat' dir='ltr'><strong>ea</strong></span> <span class='ocrx_word' id='word_1_29' title='bbox 2056 509 2115 548; x_wconf 93' lang='lat' dir='ltr'><strong>re</strong></span> 
     </span>
     <span class='ocr_line' id='line_1_5' title="bbox 173 574 2117 650; baseline -0.002 -15"><span class='ocrx_word' id='word_1_30' title='bbox 173 577 294 635; x_wconf 89' lang='lat' dir='ltr'><strong>sola</strong></span> <span class='ocrx_word' id='word_1_31' title='bbox 323 575 563 650; x_wconf 89' lang='lat' dir='ltr'><strong>uestigia</strong></span> <span class='ocrx_word' id='word_1_32' title='bbox 593 577 650 631; x_wconf 91' lang='lat' dir='ltr'><em>B</em></span> <span class='ocrx_word' id='word_1_33' title='bbox 678 582 734 632; x_wconf 91' lang='lat' dir='ltr'><strong>et</strong></span> <span class='ocrx_word' id='word_1_34' title='bbox 763 576 830 637; x_wconf 91' lang='lat' dir='ltr'><strong>P,</strong></span> <span class='ocrx_word' id='word_1_35' title='bbox 875 577 1054 649; x_wconf 90' lang='lat' dir='ltr'><strong>quoad</strong></span> <span class='ocrx_word' id='word_1_36' title='bbox 1095 574 1311 639; x_wconf 83' lang='lat' dir='ltr'>licebat,</span> <span class='ocrx_word' id='word_1_37' title='bbox 1354 583 1576 633; x_wconf 88' lang='lat' dir='ltr'><strong>secutus</strong></span> <span class='ocrx_word' id='word_1_38' title='bbox 1616 594 1755 638; x_wconf 92' lang='lat' dir='ltr'><strong>sum,</strong></span> <span class='ocrx_word' id='word_1_39' title='bbox 1805 578 1852 632; x_wconf 91' lang='lat' dir='ltr'><strong>si</strong></span> <span class='ocrx_word' id='word_1_40' title='bbox 1883 578 2028 632; x_wconf 90' lang='lat' dir='ltr'><strong>inter</strong></span> <span class='ocrx_word' id='word_1_41' title='bbox 2058 593 2117 632; x_wconf 91' lang='lat' dir='ltr'><strong>se</strong></span> 
     </span>
     <span class='ocr_line' id='line_1_6' title="bbox 172 653 2119 736; baseline -0.002 -17"><span class='ocrx_word' id='word_1_42' title='bbox 172 661 572 724; x_wconf 83' lang='lat' dir='ltr'>consentirent,</span> <span class='ocrx_word' id='word_1_43' title='bbox 605 662 766 716; x_wconf 90' lang='lat' dir='ltr'><strong>etiam</strong></span> <span class='ocrx_word' id='word_1_44' title='bbox 799 667 914 716; x_wconf 89' lang='lat' dir='ltr'><strong>tum</strong></span> <span class='ocrx_word' id='word_1_45' title='bbox 944 678 1064 717; x_wconf 89' lang='lat' dir='ltr'><strong>cum</strong></span> <span class='ocrx_word' id='word_1_46' title='bbox 1099 660 1204 718; x_wconf 90' lang='lat' dir='ltr'><strong>sibi</strong></span> <span class='ocrx_word' id='word_1_47' title='bbox 1235 677 1345 718; x_wconf 89' lang='lat' dir='ltr'><strong>non</strong></span> <span class='ocrx_word' id='word_1_48' title='bbox 1378 653 1790 736; x_wconf 84' lang='lat' dir='ltr'><strong>constarent.¹9)</strong></span> <span class='ocrx_word' id='word_1_49' title='bbox 1834 661 2119 718; x_wconf 80' lang='lat' dir='ltr'><strong>codicibus</strong></span> 
     </span>
     <span class='ocr_line' id='line_1_7' title="bbox 171 745 2117 820; baseline -0.002 -16"><span class='ocrx_word' id='word_1_50' title='bbox 171 748 228 804; x_wconf 91' lang='lat' dir='ltr'><em>B</em></span> <span class='ocrx_word' id='word_1_51' title='bbox 253 755 312 802; x_wconf 90' lang='lat' dir='ltr'><strong>et</strong></span> <span class='ocrx_word' id='word_1_52' title='bbox 341 747 398 801; x_wconf 89' lang='lat' dir='ltr'><em>P</em></span> <span class='ocrx_word' id='word_1_53' title='bbox 424 761 558 802; x_wconf 91' lang='lat' dir='ltr'><strong>uero</strong></span> <span class='ocrx_word' id='word_1_54' title='bbox 601 747 748 802; x_wconf 89' lang='lat' dir='ltr'><strong>inter</strong></span> <span class='ocrx_word' id='word_1_55' title='bbox 791 762 850 801; x_wconf 91' lang='lat' dir='ltr'><strong>se</strong></span> <span class='ocrx_word' id='word_1_56' title='bbox 893 745 1343 802; x_wconf 87' lang='lat' dir='ltr'><strong>dissentientibus</strong></span> <span class='ocrx_word' id='word_1_57' title='bbox 1384 761 1501 802; x_wconf 90' lang='lat' dir='ltr'><strong>eam</strong></span> <span class='ocrx_word' id='word_1_58' title='bbox 1545 748 1872 820; x_wconf 80' lang='lat' dir='ltr'><strong>scripturam</strong></span> <span class='ocrx_word' id='word_1_59' title='bbox 1913 745 2117 820; x_wconf 88' lang='lat' dir='ltr'><strong>recepi,</strong></span> 
     </span>
     <span class='ocr_line' id='line_1_8' title="bbox 173 828 2119 906; baseline -0.001 -19"><span class='ocrx_word' id='word_1_60' title='bbox 173 848 318 906; x_wconf 88' lang='lat' dir='ltr'><strong>quae</strong></span> <span class='ocrx_word' id='word_1_61' title='bbox 371 837 466 888; x_wconf 89' lang='lat' dir='ltr'><strong>aut</strong></span> <span class='ocrx_word' id='word_1_62' title='bbox 515 847 638 886; x_wconf 88' lang='lat' dir='ltr'><strong>cum</strong></span> <span class='ocrx_word' id='word_1_63' title='bbox 691 828 810 885; x_wconf 90' lang='lat' dir='ltr'><strong>aliis</strong></span> <span class='ocrx_word' id='word_1_64' title='bbox 863 829 1002 886; x_wconf 90' lang='lat' dir='ltr'><strong>locis</strong></span> <span class='ocrx_word' id='word_1_65' title='bbox 1053 831 1349 887; x_wconf 89' lang='lat' dir='ltr'><strong>eorundem</strong></span> <span class='ocrx_word' id='word_1_66' title='bbox 1392 833 1723 904; x_wconf 87' lang='lat' dir='ltr'><strong>scriptorum</strong></span> <span class='ocrx_word' id='word_1_67' title='bbox 1767 839 2119 902; x_wconf 80' lang='lat' dir='ltr'><strong>congrueret,</strong></span> 
     </span>
     <span class='ocr_line' id='line_1_9' title="bbox 173 914 2119 990; baseline -0.002 -17"><span class='ocrx_word' id='word_1_68' title='bbox 173 924 272 974; x_wconf 84' lang='lat' dir='ltr'><strong>aut</strong></span> <span class='ocrx_word' id='word_1_69' title='bbox 312 914 768 990; x_wconf 86' lang='lat' dir='ltr'><strong>inscriptionibus</strong></span> <span class='ocrx_word' id='word_1_70' title='bbox 799 916 1308 990; x_wconf 72' lang='lat' dir='ltr'><strong>antiquissimisque</strong></span> <span class='ocrx_word' id='word_1_71' title='bbox 1352 914 1509 971; x_wconf 89' lang='lat' dir='ltr'><strong>libris</strong></span> <span class='ocrx_word' id='word_1_72' title='bbox 1540 932 1671 972; x_wconf 88' lang='lat' dir='ltr'><strong>mss.</strong></span> <span class='ocrx_word' id='word_1_73' title='bbox 1712 917 1889 989; x_wconf 86' lang='lat' dir='ltr'><strong>magis</strong></span> <span class='ocrx_word' id='word_1_74' title='bbox 1920 915 2119 972; x_wconf 89' lang='lat' dir='ltr'><strong>con-fir-</strong></span> 
     </span>
     <span class='ocr_line' id='line_1_10' title="bbox 173 1008 439 1056; baseline 0 0"><span class='ocrx_word' id='word_1_75' title='bbox 173 1008 439 1056; x_wconf 85' lang='lat' dir='ltr'><strong>maretur.</strong></span> 
     </span>
    </p>

    <p class='ocr_par' dir='ltr' id='par_1_3' title="bbox 173 1083 2124 3114">
     <span class='ocr_line' id='line_1_11' title="bbox 303 1083 2121 1161; baseline 0 -19"><span class='ocrx_word' id='word_1_76' title='bbox 303 1085 375 1142; x_wconf 86' lang='lat' dir='ltr'><strong>In&#39;</strong></span> <span class='ocrx_word' id='word_1_77' title='bbox 409 1083 764 1143; x_wconf 82' lang='lat' dir='ltr'><strong>adnotatione</strong></span> <span class='ocrx_word' id='word_1_78' title='bbox 803 1085 998 1142; x_wconf 89' lang='lat' dir='ltr'><strong>critica</strong></span> <span class='ocrx_word' id='word_1_79' title='bbox 1042 1101 1230 1142; x_wconf 88' lang='lat' dir='ltr'><strong>omnes</strong></span> <span class='ocrx_word' id='word_1_80' title='bbox 1278 1087 1577 1159; x_wconf 88' lang='lat' dir='ltr'><strong>scripturas</strong></span> <span class='ocrx_word' id='word_1_81' title='bbox 1624 1085 1997 1161; x_wconf 87' lang='lat' dir='ltr'><strong>discrepantes</strong></span> <span class='ocrx_word' id='word_1_82' title='bbox 2026 1102 2121 1142; x_wconf 91' lang='lat' dir='ltr'><strong>co-</strong></span> 
     </span>
     <span class='ocr_line' id='line_1_12' title="bbox 174 1161 2115 1244; baseline -0.001 -16"><span class='ocrx_word' id='word_1_83' title='bbox 174 1173 358 1228; x_wconf 91' lang='lat' dir='ltr'><strong>dicum</strong></span> <span class='ocrx_word' id='word_1_84' title='bbox 387 1161 444 1226; x_wconf 85' lang='lat' dir='ltr'><em>B</em></span> <span class='ocrx_word' id='word_1_85' title='bbox 473 1178 530 1227; x_wconf 89' lang='lat' dir='ltr'><strong>et</strong></span> <span class='ocrx_word' id='word_1_86' title='bbox 557 1171 612 1225; x_wconf 93' lang='lat' dir='ltr'><strong><em>P</em></strong></span> <span class='ocrx_word' id='word_1_87' title='bbox 653 1169 834 1243; x_wconf 90' lang='lat' dir='ltr'><strong>quoad</strong></span> <span class='ocrx_word' id='word_1_88' title='bbox 877 1169 998 1226; x_wconf 89' lang='lat' dir='ltr'><strong>fieri</strong></span> <span class='ocrx_word' id='word_1_89' title='bbox 1037 1173 1224 1244; x_wconf 89' lang='lat' dir='ltr'><strong>potuit</strong></span> <span class='ocrx_word' id='word_1_90' title='bbox 1263 1170 1685 1244; x_wconf 85' lang='lat' dir='ltr'><strong>diligentissime</strong></span> <span class='ocrx_word' id='word_1_91' title='bbox 1729 1170 2115 1244; x_wconf 62' lang='lat' dir='ltr'><strong>adposuimus}</strong></span> 
     </span>
     <span class='ocr_line' id='line_1_13' title="bbox 173 1254 2123 1330; baseline -0.002 -17"><span class='ocrx_word' id='word_1_92' title='bbox 173 1265 240 1313; x_wconf 90' lang='lat' dir='ltr'><strong>ut</strong></span> <span class='ocrx_word' id='word_1_93' title='bbox 272 1255 421 1330; x_wconf 88' lang='lat' dir='ltr'><strong>quod</strong></span> <span class='ocrx_word' id='word_1_94' title='bbox 452 1255 508 1311; x_wconf 91' lang='lat' dir='ltr'><strong>in</strong></span> <span class='ocrx_word' id='word_1_95' title='bbox 537 1262 796 1312; x_wconf 84' lang='lat' dir='ltr'><strong>contextu</strong></span> <span class='ocrx_word' id='word_1_96' title='bbox 825 1254 1048 1330; x_wconf 83' lang='lat' dir='ltr'><strong>legitur,</strong></span> <span class='ocrx_word' id='word_1_97' title='bbox 1089 1257 1145 1312; x_wconf 88' lang='lat' dir='ltr'><strong>ni</strong></span> <span class='ocrx_word' id='word_1_98' title='bbox 1189 1256 1525 1312; x_wconf 89' lang='lat' dir='ltr'><strong>contrarium</strong></span> <span class='ocrx_word' id='word_1_99' title='bbox 1556 1255 1930 1312; x_wconf 84' lang='lat' dir='ltr'><strong>conmentario</strong></span> <span class='ocrx_word' id='word_1_100' title='bbox 1961 1255 2123 1311; x_wconf 87' lang='lat' dir='ltr'><strong>adfir-</strong></span> 
     </span>
     <span class='ocr_line' id='line_1_14' title="bbox 173 1339 2120 1422; baseline 0 -26"><span class='ocrx_word' id='word_1_101' title='bbox 173 1348 377 1403; x_wconf 87' lang='lat' dir='ltr'><strong>matur,</strong></span> <span class='ocrx_word' id='word_1_102' title='bbox 430 1340 488 1395; x_wconf 90' lang='lat' dir='ltr'><strong>in</strong></span> <span class='ocrx_word' id='word_1_103' title='bbox 531 1341 609 1396; x_wconf 90' lang='lat' dir='ltr'><strong>eis</strong></span> <span class='ocrx_word' id='word_1_104' title='bbox 653 1347 866 1396; x_wconf 81' lang='lat' dir='ltr'><strong>exstare</strong></span> <span class='ocrx_word' id='word_1_105' title='bbox 911 1340 1331 1396; x_wconf 87' lang='lat' dir='ltr'><strong>existimandum</strong></span> <span class='ocrx_word' id='word_1_106' title='bbox 1374 1341 1460 1403; x_wconf 89' lang='lat' dir='ltr'><strong>sit,</strong></span> <span class='ocrx_word' id='word_1_107' title='bbox 1514 1342 1621 1395; x_wconf 90' lang='lat' dir='ltr'><strong>nisi</strong></span> <span class='ocrx_word' id='word_1_108' title='bbox 1674 1339 1822 1422; x_wconf 72' lang='lat' dir='ltr'><strong>quod</strong></span> <span class='ocrx_word' id='word_1_109' title='bbox 1878 1342 2120 1414; x_wconf 82' lang='lat' dir='ltr'><strong>exceptis</strong></span> 
     </span>
     <span class='ocr_line' id='line_1_15' title="bbox 174 1423 2120 1504; baseline -0.001 -22"><span class='ocrx_word' id='word_1_110' title='bbox 174 1424 498 1482; x_wconf 89' lang='lat' dir='ltr'><strong>nominibus</strong></span> <span class='ocrx_word' id='word_1_111' title='bbox 553 1423 798 1499; x_wconf 89' lang='lat' dir='ltr'><strong>propriis</strong></span> <span class='ocrx_word' id='word_1_112' title='bbox 849 1441 960 1481; x_wconf 90' lang='lat' dir='ltr'><strong>non</strong></span> <span class='ocrx_word' id='word_1_113' title='bbox 1009 1424 1213 1504; x_wconf 85' lang='lat' dir='ltr'><strong>ubique</strong></span> <span class='ocrx_word' id='word_1_114' title='bbox 1264 1423 1560 1497; x_wconf 88' lang='lat' dir='ltr'><strong>diligenter</strong></span> <span class='ocrx_word' id='word_1_115' title='bbox 1608 1424 1733 1479; x_wconf 91' lang='lat' dir='ltr'><strong>inde</strong></span> <span class='ocrx_word' id='word_1_116' title='bbox 1776 1442 1804 1480; x_wconf 88' lang='lat' dir='ltr'><strong>a</strong></span> <span class='ocrx_word' id='word_1_117' title='bbox 1846 1425 1961 1480; x_wconf 89' lang='lat' dir='ltr'><strong>uita</strong></span> <span class='ocrx_word' id='word_1_118' title='bbox 2002 1423 2120 1480; x_wconf 87' lang='lat' dir='ltr'><strong>Aeli</strong></span> 
     </span>
     <span class='ocr_line' id='line_1_16' title="bbox 177 1509 2121 1573; baseline -0.001 -6"><span class='ocrx_word' id='word_1_119' title='bbox 177 1511 559 1572; x_wconf 88' lang='lat' dir='ltr'><strong>enotauimus,</strong></span> <span class='ocrx_word' id='word_1_120' title='bbox 611 1517 798 1566; x_wconf 88' lang='lat' dir='ltr'><strong>utrum</strong></span> <span class='ocrx_word' id='word_1_121' title='bbox 843 1527 884 1566; x_wconf 81' lang='lat' dir='ltr'><strong>u</strong></span> <span class='ocrx_word' id='word_1_122' title='bbox 927 1527 995 1566; x_wconf 90' lang='lat' dir='ltr'><strong>an</strong></span> <span class='ocrx_word' id='word_1_123' title='bbox 1031 1511 1094 1573; x_wconf 81' lang='lat' dir='ltr'><strong>b,</strong></span> <span class='ocrx_word' id='word_1_124' title='bbox 1147 1525 1178 1568; x_wconf 81' lang='lat' dir='ltr'><strong>e</strong></span> <span class='ocrx_word' id='word_1_125' title='bbox 1209 1527 1280 1566; x_wconf 89' lang='lat' dir='ltr'><strong>an</strong></span> <span class='ocrx_word' id='word_1_126' title='bbox 1325 1524 1395 1566; x_wconf 82' lang='lat' dir='ltr'><strong>ae</strong></span> <span class='ocrx_word' id='word_1_127' title='bbox 1434 1512 1492 1565; x_wconf 90' lang='lat' dir='ltr'><strong>in</strong></span> <span class='ocrx_word' id='word_1_128' title='bbox 1535 1512 1613 1566; x_wconf 87' lang='lat' dir='ltr'><strong>eis</strong></span> <span class='ocrx_word' id='word_1_129' title='bbox 1656 1517 1823 1566; x_wconf 90' lang='lat' dir='ltr'><strong>esset.</strong></span> <span class='ocrx_word' id='word_1_130' title='bbox 1896 1509 2121 1566; x_wconf 87' lang='lat' dir='ltr'><strong>eandem</strong></span> 
     </span>
     <span class='ocr_line' id='line_1_17' title="bbox 175 1587 2121 1668; baseline -0.001 -16"><span class='ocrx_word' id='word_1_131' title='bbox 175 1595 450 1652; x_wconf 89' lang='lat' dir='ltr'><strong>rationem</strong></span> <span class='ocrx_word' id='word_1_132' title='bbox 493 1596 666 1650; x_wconf 86' lang='lat' dir='ltr'><strong>secuti</strong></span> <span class='ocrx_word' id='word_1_133' title='bbox 709 1611 898 1651; x_wconf 90' lang='lat' dir='ltr'><strong>sumus</strong></span> <span class='ocrx_word' id='word_1_134' title='bbox 940 1594 998 1650; x_wconf 87' lang='lat' dir='ltr'><strong>in</strong></span> <span class='ocrx_word' id='word_1_135' title='bbox 1029 1594 1263 1651; x_wconf 87' lang='lat' dir='ltr'><strong>diuersis</strong></span> <span class='ocrx_word' id='word_1_136' title='bbox 1307 1595 1553 1651; x_wconf 86' lang='lat' dir='ltr'><strong>manibus</strong></span> <span class='ocrx_word' id='word_1_137' title='bbox 1585 1587 2003 1668; x_wconf 81' lang='lat' dir='ltr'><strong>distinguendis,</strong></span> <span class='ocrx_word' id='word_1_138' title='bbox 2046 1597 2121 1650; x_wconf 90' lang='lat' dir='ltr'><strong>ita</strong></span> 
     </span>
     <span class='ocr_line' id='line_1_18' title="bbox 177 1672 2120 1755; baseline -0.001 -19"><span class='ocrx_word' id='word_1_139' title='bbox 177 1689 242 1736; x_wconf 90' lang='lat' dir='ltr'><strong>ut</strong></span> <span class='ocrx_word' id='word_1_140' title='bbox 275 1680 324 1736; x_wconf 93' lang='lat' dir='ltr'><strong>si</strong></span> <span class='ocrx_word' id='word_1_141' title='bbox 357 1679 588 1735; x_wconf 74' lang='lat' dir='ltr'><strong>alteram·</strong></span> <span class='ocrx_word' id='word_1_142' title='bbox 613 1695 834 1736; x_wconf 88' lang='lat' dir='ltr'><strong>manum</strong></span> <span class='ocrx_word' id='word_1_143' title='bbox 867 1672 982 1752; x_wconf 83' lang='lat' dir='ltr'><strong>(B2</strong></span> <span class='ocrx_word' id='word_1_144' title='bbox 1013 1679 1102 1736; x_wconf 91' lang='lat' dir='ltr'><strong>uel</strong></span> <span class='ocrx_word' id='word_1_145' title='bbox 1133 1673 1244 1753; x_wconf 82' lang='lat' dir='ltr'><strong>P2)</strong></span> <span class='ocrx_word' id='word_1_146' title='bbox 1277 1680 1370 1736; x_wconf 90' lang='lat' dir='ltr'><strong>uel</strong></span> <span class='ocrx_word' id='word_1_147' title='bbox 1399 1683 1641 1754; x_wconf 89' lang='lat' dir='ltr'><strong>priorem</strong></span> <span class='ocrx_word' id='word_1_148' title='bbox 1676 1673 1786 1755; x_wconf 83' lang='lat' dir='ltr'><strong>(B1</strong></span> <span class='ocrx_word' id='word_1_149' title='bbox 1817 1678 1907 1736; x_wconf 91' lang='lat' dir='ltr'><strong>uel</strong></span> <span class='ocrx_word' id='word_1_150' title='bbox 1931 1675 2035 1751; x_wconf 90' lang='lat' dir='ltr'><strong>P¹)</strong></span> <span class='ocrx_word' id='word_1_151' title='bbox 2066 1681 2120 1735; x_wconf 90' lang='lat' dir='ltr'><strong>in</strong></span> 
     </span>
     <span class='ocr_line' id='line_1_19' title="bbox 176 1763 2120 1838; baseline -0.002 -16"><span class='ocrx_word' id='word_1_152' title='bbox 176 1763 535 1822; x_wconf 84' lang='lat' dir='ltr'><strong>adnotatione</strong></span> <span class='ocrx_word' id='word_1_153' title='bbox 586 1763 900 1828; x_wconf 90' lang='lat' dir='ltr'><strong>adtulimus,</strong></span> <span class='ocrx_word' id='word_1_154' title='bbox 953 1764 1109 1838; x_wconf 80' lang='lat' dir='ltr'><strong>prior</strong></span> <span class='ocrx_word' id='word_1_155' title='bbox 1159 1765 1250 1821; x_wconf 90' lang='lat' dir='ltr'><strong>uel</strong></span> <span class='ocrx_word' id='word_1_156' title='bbox 1292 1764 1461 1822; x_wconf 89' lang='lat' dir='ltr'><strong>altera</strong></span> <span class='ocrx_word' id='word_1_157' title='bbox 1504 1765 1559 1821; x_wconf 90' lang='lat' dir='ltr'><strong>id</strong></span> <span class='ocrx_word' id='word_1_158' title='bbox 1598 1765 1857 1838; x_wconf 88' lang='lat' dir='ltr'><strong>praebeat</strong></span> <span class='ocrx_word' id='word_1_159' title='bbox 1888 1765 2034 1838; x_wconf 88' lang='lat' dir='ltr'><strong>quod</strong></span> <span class='ocrx_word' id='word_1_160' title='bbox 2064 1767 2120 1820; x_wconf 88' lang='lat' dir='ltr'><strong>in</strong></span> 
     </span>
     <span class='ocr_line' id='line_1_20' title="bbox 177 1843 2123 1926; baseline -0.001 -19"><span class='ocrx_word' id='word_1_161' title='bbox 177 1856 451 1907; x_wconf 86' lang='lat' dir='ltr'><strong>contextu</strong></span> <span class='ocrx_word' id='word_1_162' title='bbox 505 1857 610 1906; x_wconf 88' lang='lat' dir='ltr'><strong>est.</strong></span> <span class='ocrx_word' id='word_1_163' title='bbox 663 1848 836 1906; x_wconf 79' lang='lat' dir='ltr'><strong>solani</strong></span> <span class='ocrx_word' id='word_1_164' title='bbox 886 1865 1104 1906; x_wconf 89' lang='lat' dir='ltr'><strong>manum</strong></span> <span class='ocrx_word' id='word_1_165' title='bbox 1157 1851 1375 1907; x_wconf 88' lang='lat' dir='ltr'><strong>tertiam</strong></span> <span class='ocrx_word' id='word_1_166' title='bbox 1428 1850 1631 1908; x_wconf 88' lang='lat' dir='ltr'><strong>codicis</strong></span> <span class='ocrx_word' id='word_1_167' title='bbox 1661 1850 1717 1905; x_wconf 93' lang='lat' dir='ltr'><em>P</em></span> <span class='ocrx_word' id='word_1_168' title='bbox 1756 1843 1885 1926; x_wconf 79' lang='lat' dir='ltr'><em>(P3)</em></span> <span class='ocrx_word' id='word_1_169' title='bbox 1926 1850 2051 1906; x_wconf 91' lang='lat' dir='ltr'><strong>inde</strong></span> <span class='ocrx_word' id='word_1_170' title='bbox 2092 1867 2123 1906; x_wconf 91' lang='lat' dir='ltr'><strong>a</strong></span> 
     </span>
     <span class='ocr_line' id='line_1_21' title="bbox 177 1933 2119 2017; baseline -0.001 -26"><span class='ocrx_word' id='word_1_171' title='bbox 177 1937 292 1991; x_wconf 91' lang='lat' dir='ltr'><strong>uita</strong></span> <span class='ocrx_word' id='word_1_172' title='bbox 337 1933 454 1989; x_wconf 87' lang='lat' dir='ltr'><strong>Aeli</strong></span> <span class='ocrx_word' id='word_1_173' title='bbox 499 1933 723 1996; x_wconf 85' lang='lat' dir='ltr'><strong>selectis</strong></span> <span class='ocrx_word' id='word_1_174' title='bbox 763 1941 976 1990; x_wconf 88' lang='lat' dir='ltr'><strong>tantum</strong></span> <span class='ocrx_word' id='word_1_175' title='bbox 1017 1934 1180 1991; x_wconf 89' lang='lat' dir='ltr'><strong>modo</strong></span> <span class='ocrx_word' id='word_1_176' title='bbox 1213 1934 1353 1992; x_wconf 89' lang='lat' dir='ltr'><strong>locis</strong></span> <span class='ocrx_word' id='word_1_177' title='bbox 1396 1937 1673 2009; x_wconf 90' lang='lat' dir='ltr'><strong>respicere</strong></span> <span class='ocrx_word' id='word_1_178' title='bbox 1714 1934 1865 1992; x_wconf 90' lang='lat' dir='ltr'><strong>soliti</strong></span> <span class='ocrx_word' id='word_1_179' title='bbox 1896 1951 2119 2017; x_wconf 59' lang='lat' dir='ltr'><strong>sumus·</strong></span> 
     </span>
     <span class='ocr_line' id='line_1_22' title="bbox 177 2018 2123 2094; baseline 0 -20"><span class='ocrx_word' id='word_1_180' title='bbox 177 2018 376 2075; x_wconf 88' lang='lat' dir='ltr'><strong>deinde</strong></span> <span class='ocrx_word' id='word_1_181' title='bbox 405 2018 568 2074; x_wconf 87' lang='lat' dir='ltr'><strong>etiam</strong></span> <span class='ocrx_word' id='word_1_182' title='bbox 599 2036 665 2075; x_wconf 84' lang='lat' dir='ltr'><strong>ex</strong></span> <span class='ocrx_word' id='word_1_183' title='bbox 706 2021 978 2094; x_wconf 81' lang='lat' dir='ltr'><strong>excerptis</strong></span> <span class='ocrx_word' id='word_1_184' title='bbox 1005 2019 1268 2076; x_wconf 87' lang='lat' dir='ltr'><strong>Palatinis</strong></span> <span class='ocrx_word' id='word_1_185' title='bbox 1311 2037 1423 2076; x_wconf 90' lang='lat' dir='ltr'><strong>non</strong></span> <span class='ocrx_word' id='word_1_186' title='bbox 1469 2019 1769 2076; x_wconf 90' lang='lat' dir='ltr'><strong>addidimus</strong></span> <span class='ocrx_word' id='word_1_187' title='bbox 1822 2021 2123 2094; x_wconf 89' lang='lat' dir='ltr'><strong>scripturas</strong></span> 
     </span>
     <span class='ocr_line' id='line_1_23' title="bbox 179 2104 2123 2179; baseline -0.001 -20"><span class='ocrx_word' id='word_1_188' title='bbox 179 2105 554 2178; x_wconf 87' lang='lat' dir='ltr'><strong>discrepantes</strong></span> <span class='ocrx_word' id='word_1_189' title='bbox 597 2105 706 2159; x_wconf 89' lang='lat' dir='ltr'><strong>nisi</strong></span> <span class='ocrx_word' id='word_1_190' title='bbox 735 2107 1052 2176; x_wconf 81' lang='lat' dir='ltr'><strong>grauiores;</strong></span> <span class='ocrx_word' id='word_1_191' title='bbox 1095 2121 1276 2179; x_wconf 89' lang='lat' dir='ltr'><strong>neque</strong></span> <span class='ocrx_word' id='word_1_192' title='bbox 1318 2121 1517 2179; x_wconf 89' lang='lat' dir='ltr'><strong>operae</strong></span> <span class='ocrx_word' id='word_1_193' title='bbox 1548 2105 1786 2179; x_wconf 86' lang='lat' dir='ltr'><strong>pretium</strong></span> <span class='ocrx_word' id='word_1_194' title='bbox 1819 2120 1941 2160; x_wconf 91' lang='lat' dir='ltr'><strong>esse</strong></span> <span class='ocrx_word' id='word_1_195' title='bbox 1970 2104 2123 2160; x_wconf 85' lang='lat' dir='ltr'><strong>duxi·</strong></span> 
     </span>
     <span class='ocr_line' id='line_1_24' title="bbox 177 2192 2123 2264; baseline -0.001 -19"><span class='ocrx_word' id='word_1_196' title='bbox 177 2205 304 2245; x_wconf 88' lang='lat' dir='ltr'><strong>mus</strong></span> <span class='ocrx_word' id='word_1_197' title='bbox 336 2195 587 2244; x_wconf 86' lang='lat' dir='ltr'><strong>accurate</strong></span> <span class='ocrx_word' id='word_1_198' title='bbox 618 2203 890 2252; x_wconf 86' lang='lat' dir='ltr'><strong>enarrare,</strong></span> <span class='ocrx_word' id='word_1_199' title='bbox 931 2205 1070 2262; x_wconf 88' lang='lat' dir='ltr'><strong>quae</strong></span> <span class='ocrx_word' id='word_1_200' title='bbox 1113 2196 1367 2264; x_wconf 83' lang='lat' dir='ltr'><strong>excerpta</strong></span> <span class='ocrx_word' id='word_1_201' title='bbox 1408 2192 1519 2246; x_wconf 89' lang='lat' dir='ltr'><strong>sint</strong></span> <span class='ocrx_word' id='word_1_202' title='bbox 1559 2205 1698 2263; x_wconf 88' lang='lat' dir='ltr'><strong>quae</strong></span> <span class='ocrx_word' id='word_1_203' title='bbox 1728 2207 1838 2245; x_wconf 89' lang='lat' dir='ltr'><strong>non</strong></span> <span class='ocrx_word' id='word_1_204' title='bbox 1870 2196 2123 2263; x_wconf 81' lang='lat' dir='ltr'><strong>excerpta</strong></span> 
     </span>
     <span class='ocr_line' id='line_1_25' title="bbox 179 2272 2118 2349; baseline 0.001 -21"><span class='ocrx_word' id='word_1_205' title='bbox 179 2274 313 2328; x_wconf 89' lang='lat' dir='ltr'><strong>sint.</strong></span> <span class='ocrx_word' id='word_1_206' title='bbox 347 2289 508 2347; x_wconf 89' lang='lat' dir='ltr'><strong>quam</strong></span> <span class='ocrx_word' id='word_1_207' title='bbox 551 2272 622 2327; x_wconf 90' lang='lat' dir='ltr'><strong>ob</strong></span> <span class='ocrx_word' id='word_1_208' title='bbox 662 2288 778 2328; x_wconf 86' lang='lat' dir='ltr'><strong>rem</strong></span> <span class='ocrx_word' id='word_1_209' title='bbox 819 2273 955 2329; x_wconf 87' lang='grc'><strong>1111111</strong></span> <span class='ocrx_word' id='word_1_210' title='bbox 986 2289 1050 2330; x_wconf 87' lang='lat' dir='ltr'><strong>ex</strong></span> <span class='ocrx_word' id='word_1_211' title='bbox 1093 2273 1313 2332; x_wconf 89' lang='lat' dir='ltr'><strong>silentio</strong></span> <span class='ocrx_word' id='word_1_212' title='bbox 1358 2273 1425 2330; x_wconf 91' lang='lat' dir='ltr'><strong>de</strong></span> <span class='ocrx_word' id='word_1_213' title='bbox 1456 2291 1647 2332; x_wconf 89' lang='lat' dir='ltr'><strong>eorum</strong></span> <span class='ocrx_word' id='word_1_214' title='bbox 1683 2273 1957 2349; x_wconf 90' lang='lat' dir='ltr'><strong>scriptura</strong></span> <span class='ocrx_word' id='word_1_215' title='bbox 1986 2291 2118 2330; x_wconf 89' lang='lat' dir='ltr'><strong>con-</strong></span> 
     </span>
     <span class='ocr_line' id='line_1_26' title="bbox 177 2357 2121 2434; baseline 0 -20"><span class='ocrx_word' id='word_1_216' title='bbox 177 2357 328 2414; x_wconf 89' lang='lat' dir='ltr'><strong>cludi</strong></span> <span class='ocrx_word' id='word_1_217' title='bbox 371 2372 539 2431; x_wconf 88' lang='lat' dir='ltr'><strong>posse</strong></span> <span class='ocrx_word' id='word_1_218' title='bbox 581 2365 1006 2430; x_wconf 77' lang='lat' dir='ltr'><strong>consentaneum</strong></span> <span class='ocrx_word' id='word_1_219' title='bbox 1047 2367 1149 2416; x_wconf 89' lang='lat' dir='ltr'><strong>est.</strong></span> <span class='ocrx_word' id='word_1_220' title='bbox 1200 2376 1371 2434; x_wconf 91' lang='lat' dir='ltr'><strong>porro</strong></span> <span class='ocrx_word' id='word_1_221' title='bbox 1428 2360 1823 2434; x_wconf 88' lang='lat' dir='ltr'><strong>discrepantias</strong></span> <span class='ocrx_word' id='word_1_222' title='bbox 1865 2359 2121 2416; x_wconf 86' lang='lat' dir='ltr'><strong>editionis</strong></span> 
     </span>
     <span class='ocr_line' id='line_1_27' title="bbox 178 2442 2124 2519; baseline 0 -21"><span class='ocrx_word' id='word_1_223' title='bbox 178 2442 602 2499; x_wconf 88' lang='lat' dir='ltr'><strong>Mediolanensis</strong></span> <span class='ocrx_word' id='word_1_224' title='bbox 631 2442 895 2516; x_wconf 87' lang='lat' dir='ltr'><strong>neglectis</strong></span> <span class='ocrx_word' id='word_1_225' title='bbox 927 2444 1209 2500; x_wconf 88' lang='lat' dir='ltr'><strong>erroribus</strong></span> <span class='ocrx_word' id='word_1_226' title='bbox 1235 2461 1376 2519; x_wconf 90' lang='lat' dir='ltr'><strong>quos</strong></span> <span class='ocrx_word' id='word_1_227' title='bbox 1406 2446 1737 2519; x_wconf 79' lang='lat' dir='ltr'><strong>typographi</strong></span> <span class='ocrx_word' id='word_1_228' title='bbox 1780 2444 1939 2519; x_wconf 89' lang='lat' dir='ltr'><strong>culpa</strong></span> <span class='ocrx_word' id='word_1_229' title='bbox 1975 2459 2124 2501; x_wconf 88' lang='lat' dir='ltr'><strong>com·</strong></span> 
     </span>
     <span class='ocr_line' id='line_1_28' title="bbox 180 2526 2121 2604; baseline 0.001 -22"><span class='ocrx_word' id='word_1_230' title='bbox 180 2526 382 2584; x_wconf 91' lang='lat' dir='ltr'><strong>missos</strong></span> <span class='ocrx_word' id='word_1_231' title='bbox 425 2545 547 2584; x_wconf 89' lang='lat' dir='ltr'><strong>esse</strong></span> <span class='ocrx_word' id='word_1_232' title='bbox 591 2529 773 2601; x_wconf 89' lang='lat' dir='ltr'><strong>quiuis</strong></span> <span class='ocrx_word' id='word_1_233' title='bbox 814 2527 1017 2591; x_wconf 87' lang='lat' dir='ltr'><strong>uideat,</strong></span> <span class='ocrx_word' id='word_1_234' title='bbox 1048 2531 1298 2604; x_wconf 89' lang='lat' dir='ltr'><strong>potiores</strong></span> <span class='ocrx_word' id='word_1_235' title='bbox 1336 2529 1454 2586; x_wconf 85' lang='lat' dir='ltr'><strong>sere</strong></span> <span class='ocrx_word' id='word_1_236' title='bbox 1493 2547 1683 2586; x_wconf 87' lang='lat' dir='ltr'><strong>omnes</strong></span> <span class='ocrx_word' id='word_1_237' title='bbox 1732 2530 2121 2603; x_wconf 89' lang='lat' dir='ltr'><strong>adscripsimus</strong></span> 
     </span>
     <span class='ocr_line' id='line_1_29' title="bbox 183 2615 2122 2688; baseline 0.001 -21"><span class='ocrx_word' id='word_1_238' title='bbox 183 2620 239 2667; x_wconf 90' lang='lat' dir='ltr'><strong>et</strong></span> <span class='ocrx_word' id='word_1_239' title='bbox 279 2619 508 2687; x_wconf 89' lang='lat' dir='ltr'><strong>propter</strong></span> <span class='ocrx_word' id='word_1_240' title='bbox 550 2628 668 2668; x_wconf 89' lang='lat' dir='ltr'><strong>eam</strong></span> <span class='ocrx_word' id='word_1_241' title='bbox 711 2630 871 2687; x_wconf 87' lang='lat' dir='ltr'><strong>quam</strong></span> <span class='ocrx_word' id='word_1_242' title='bbox 913 2631 1080 2688; x_wconf 89' lang='lat' dir='ltr'><strong>supra</strong></span> <span class='ocrx_word' id='word_1_243' title='bbox 1132 2615 1661 2672; x_wconf 87' lang='lat' dir='ltr'><strong>conmemorauimus</strong></span> <span class='ocrx_word' id='word_1_244' title='bbox 1702 2632 1920 2672; x_wconf 88' lang='lat' dir='ltr'><strong>causam</strong></span> <span class='ocrx_word' id='word_1_245' title='bbox 1962 2622 2018 2670; x_wconf 89' lang='lat' dir='ltr'><strong>et</strong></span> <span class='ocrx_word' id='word_1_246' title='bbox 2059 2622 2122 2669; x_wconf 91' lang='lat' dir='ltr'><strong>ut</strong></span> 
     </span>
     <span class='ocr_line' id='line_1_30' title="bbox 186 2695 2121 2773; baseline 0.001 -20"><span class='ocrx_word' id='word_1_247' title='bbox 186 2712 376 2753; x_wconf 90' lang='lat' dir='ltr'><strong>omnes</strong></span> <span class='ocrx_word' id='word_1_248' title='bbox 405 2695 575 2753; x_wconf 87' lang='lat' dir='ltr'><strong>libros</strong></span> <span class='ocrx_word' id='word_1_249' title='bbox 605 2715 718 2754; x_wconf 89' lang='lat' dir='ltr'><strong>non</strong></span> <span class='ocrx_word' id='word_1_250' title='bbox 749 2698 929 2754; x_wconf 89' lang='lat' dir='ltr'><strong>solum</strong></span> <span class='ocrx_word' id='word_1_251' title='bbox 959 2697 1018 2753; x_wconf 91' lang='lat' dir='ltr'><em>B</em></span> <span class='ocrx_word' id='word_1_252' title='bbox 1045 2707 1101 2754; x_wconf 91' lang='lat' dir='ltr'><strong>et</strong></span> <span class='ocrx_word' id='word_1_253' title='bbox 1129 2697 1184 2753; x_wconf 91' lang='lat' dir='ltr'><em>P</em></span> <span class='ocrx_word' id='word_1_254' title='bbox 1207 2700 1300 2755; x_wconf 91' lang='lat' dir='ltr'><strong>uel</strong></span> <span class='ocrx_word' id='word_1_255' title='bbox 1332 2699 1388 2755; x_wconf 90' lang='lat' dir='ltr'><strong>in</strong></span> <span class='ocrx_word' id='word_1_256' title='bbox 1418 2701 1656 2757; x_wconf 88' lang='lat' dir='ltr'><strong>minimis</strong></span> <span class='ocrx_word' id='word_1_257' title='bbox 1688 2701 1851 2757; x_wconf 90' lang='lat' dir='ltr'><strong>rebus</strong></span> <span class='ocrx_word' id='word_1_258' title='bbox 1882 2699 2121 2773; x_wconf 87' lang='lat' dir='ltr'><strong>plerum·</strong></span> 
     </span>
     <span class='ocr_line' id='line_1_31' title="bbox 189 2781 2119 2859; baseline 0.002 -23"><span class='ocrx_word' id='word_1_259' title='bbox 189 2795 296 2854; x_wconf 87' lang='lat' dir='ltr'><strong>que</strong></span> <span class='ocrx_word' id='word_1_260' title='bbox 325 2781 469 2836; x_wconf 90' lang='lat' dir='ltr'><strong>inter</strong></span> <span class='ocrx_word' id='word_1_261' title='bbox 509 2798 568 2837; x_wconf 91' lang='grc'><strong>36</strong></span> <span class='ocrx_word' id='word_1_262' title='bbox 597 2783 911 2839; x_wconf 87' lang='lat' dir='ltr'><strong>consentire</strong></span> <span class='ocrx_word' id='word_1_263' title='bbox 941 2783 1256 2859; x_wconf 89' lang='lat' dir='ltr'><strong>adpareret;</strong></span> <span class='ocrx_word' id='word_1_264' title='bbox 1300 2783 1535 2858; x_wconf 90' lang='lat' dir='ltr'><strong>denique</strong></span> <span class='ocrx_word' id='word_1_265' title='bbox 1564 2785 1632 2841; x_wconf 90' lang='lat' dir='ltr'><strong>ad</strong></span> <span class='ocrx_word' id='word_1_266' title='bbox 1662 2785 1830 2842; x_wconf 87' lang='lat' dir='ltr'><strong>uitam</strong></span> <span class='ocrx_word' id='word_1_267' title='bbox 1862 2784 2119 2840; x_wconf 89' lang='lat' dir='ltr'><strong>Hadriani</strong></span> 
     </span>
     <span class='ocr_line' id='line_1_32' title="bbox 185 2865 2121 2939; baseline 0.001 -18"><span class='ocrx_word' id='word_1_268' title='bbox 185 2867 488 2939; x_wconf 88' lang='lat' dir='ltr'><strong>scripturas</strong></span> <span class='ocrx_word' id='word_1_269' title='bbox 532 2865 730 2922; x_wconf 89' lang='lat' dir='ltr'><strong>codicis</strong></span> <span class='ocrx_word' id='word_1_270' title='bbox 759 2867 1001 2924; x_wconf 89' lang='lat' dir='ltr'><strong>Vaticani</strong></span> <span class='ocrx_word' id='word_1_271' title='bbox 1046 2884 1129 2923; x_wconf 89' lang='lat' dir='ltr'><strong>nr.</strong></span> <span class='ocrx_word' id='word_1_272' title='bbox 1163 2870 1301 2923; x_wconf 85' lang='lat'>1899</span> <span class='ocrx_word' id='word_1_273' title='bbox 1342 2872 1655 2926; x_wconf 86' lang='lat' dir='ltr'><strong>notauimus</strong></span> <span class='ocrx_word' id='word_1_274' title='bbox 1699 2871 1765 2927; x_wconf 93' lang='lat' dir='ltr'><strong>ad</strong></span> <span class='ocrx_word' id='word_1_275' title='bbox 1796 2867 2121 2926; x_wconf 87' lang='lat' dir='ltr'><strong>confirman-</strong></span> 
     </span>
     <span class='ocr_line' id='line_1_33' title="bbox 186 2950 2117 3027; baseline 0.002 -22"><span class='ocrx_word' id='word_1_276' title='bbox 186 2951 313 3006; x_wconf 90' lang='lat' dir='ltr'><strong>dum</strong></span> <span class='ocrx_word' id='word_1_277' title='bbox 342 2950 622 3012; x_wconf 88' lang='lat' dir='ltr'><strong>iudicium,</strong></span> <span class='ocrx_word' id='word_1_278' title='bbox 667 2953 813 3024; x_wconf 83' lang='lat' dir='ltr'><strong>quod</strong></span> <span class='ocrx_word' id='word_1_279' title='bbox 855 2969 1021 3027; x_wconf 87' lang='lat' dir='ltr'><strong>supra</strong></span> <span class='ocrx_word' id='word_1_280' title='bbox 1049 2953 1116 3009; x_wconf 92' lang='lat' dir='ltr'><strong>de</strong></span> <span class='ocrx_word' id='word_1_281' title='bbox 1148 2969 1213 3010; x_wconf 93' lang='lat' dir='ltr'><strong>eo</strong></span> <span class='ocrx_word' id='word_1_282' title='bbox 1246 2950 1490 3011; x_wconf 86' lang='grc' dir='ltr'><strong>111Ιί111113.</strong></span> <span class='ocrx_word' id='word_1_283' title='bbox 1538 2956 1625 3012; x_wconf 90' lang='lat' dir='ltr'><strong>cui</strong></span> <span class='ocrx_word' id='word_1_284' title='bbox 1648 2954 2117 3016; x_wconf 76' lang='lat' dir='ltr'><strong>emendationem,</strong></span> 
     </span>
     <span class='ocr_line' id='line_1_34' title="bbox 188 3036 2120 3114; baseline 0.002 -24"><span class='ocrx_word' id='word_1_285' title='bbox 188 3052 324 3109; x_wconf 81' lang='lat' dir='ltr'><strong>quae</strong></span> <span class='ocrx_word' id='word_1_286' title='bbox 367 3037 423 3092; x_wconf 92' lang='lat' dir='ltr'><strong>in</strong></span> <span class='ocrx_word' id='word_1_287' title='bbox 469 3036 738 3092; x_wconf 88' lang='lat' dir='ltr'><strong>orationis</strong></span> <span class='ocrx_word' id='word_1_288' title='bbox 787 3044 1033 3094; x_wconf 87' lang='lat' dir='ltr'><strong>tenorem</strong></span> <span class='ocrx_word' id='word_1_289' title='bbox 1085 3045 1310 3112; x_wconf 88' lang='lat' dir='ltr'><strong>recepta</strong></span> <span class='ocrx_word' id='word_1_290' title='bbox 1342 3046 1442 3101; x_wconf 90' lang='lat' dir='ltr'><strong>est,</strong></span> <span class='ocrx_word' id='word_1_291' title='bbox 1499 3039 1739 3102; x_wconf 90' lang='lat' dir='ltr'><strong>debeam,</strong></span> <span class='ocrx_word' id='word_1_292' title='bbox 1790 3039 2120 3114; x_wconf 90' lang='lat' dir='ltr'><strong>plerumque</strong></span> 
     </span>
    </p>
   </div>
   <div class='ocr_carea' id='block_1_3' title="bbox 187 3185 591 3196">
    <p class='ocr_par' dir='ltr' id='par_1_4' title="bbox 187 3185 591 3196">
     <span class='ocr_line' id='line_1_35' title="bbox 187 3185 591 3196; baseline 0 688"><span class='ocrx_word' id='word_1_293' title='bbox 187 3185 591 3196; x_wconf 95' lang='lat' dir='ltr'><strong> </strong></span> 
     </span>
    </p>
   </div>
   <div class='ocr_carea' id='block_1_4' title="bbox 187 3258 2123 3486">
    <p class='ocr_par' dir='ltr' id='par_1_5' title="bbox 187 3258 2123 3486">
     <span class='ocr_line' id='line_1_36' title="bbox 259 3258 2123 3354; baseline 0.002 -19"><span class='ocrx_word' id='word_1_294' title='bbox 259 3258 267 3266; x_wconf 34' lang='lat'><em>⁹</em></span> <span class='ocrx_word' id='word_1_295' title='bbox 319 3284 403 3349; x_wconf 86' lang='grc'><strong>19)</strong></span> <span class='ocrx_word' id='word_1_296' title='bbox 429 3287 698 3338; x_wconf 79' lang='lat' dir='ltr'><strong>Fortasse</strong></span> <span class='ocrx_word' id='word_1_297' title='bbox 721 3287 928 3338; x_wconf 84' lang='lat' dir='ltr'><strong>iniuria</strong></span> <span class='ocrx_word' id='word_1_298' title='bbox 950 3259 1194 3354; x_wconf 77' lang='lat' dir='ltr'><strong>neglexi,</strong></span> <span class='ocrx_word' id='word_1_299' title='bbox 1222 3287 1366 3353; x_wconf 86' lang='lat' dir='ltr'><strong>quod</strong></span> <span class='ocrx_word' id='word_1_300' title='bbox 1388 3289 1447 3338; x_wconf 89' lang='lat' dir='ltr'><strong>in</strong></span> <span class='ocrx_word' id='word_1_301' title='bbox 1469 3290 1574 3339; x_wconf 87' lang='grc'><strong>1111.</strong></span> <span class='ocrx_word' id='word_1_302' title='bbox 1603 3287 1753 3340; x_wconf 85' lang='lat' dir='ltr'><strong>Com.</strong></span> <span class='ocrx_word' id='word_1_303' title='bbox 1778 3289 1829 3352; x_wconf 84' lang='lat'><strong>4,</strong></span> <span class='ocrx_word' id='word_1_304' title='bbox 1857 3289 1889 3339; x_wconf 86' lang='lat'>5</span> <span class='ocrx_word' id='word_1_305' title='bbox 1913 3289 1965 3338; x_wconf 92' lang='lat' dir='ltr'><em>B</em></span> <span class='ocrx_word' id='word_1_306' title='bbox 1991 3292 2047 3338; x_wconf 83' lang='lat' dir='ltr'><strong>et</strong></span> <span class='ocrx_word' id='word_1_307' title='bbox 2071 3290 2123 3338; x_wconf 92' lang='lat' dir='ltr'><em>P</em></span> 
     </span>
     <span class='ocr_line' id='line_1_37' title="bbox 187 3353 2119 3420; baseline 0.001 -17"><span class='ocrx_word' id='word_1_308' title='bbox 187 3353 447 3404; x_wconf 81' lang='lat' dir='ltr'><strong>exhibent.</strong></span> <span class='ocrx_word' id='word_1_309' title='bbox 471 3353 748 3418; x_wconf 78' lang='lat' dir='ltr'><strong>,Sauteri’‚</strong></span> <span class='ocrx_word' id='word_1_310' title='bbox 787 3357 882 3420; x_wconf 85' lang='lat' dir='ltr'><strong>qui</strong></span> <span class='ocrx_word' id='word_1_311' title='bbox 915 3357 1125 3406; x_wconf 80' lang='lat' dir='ltr'><strong>amicus</strong></span> <span class='ocrx_word' id='word_1_312' title='bbox 1152 3357 1435 3410; x_wconf 85' lang='lat' dir='ltr'><strong>Commodi</strong></span> <span class='ocrx_word' id='word_1_313' title='bbox 1460 3357 1587 3408; x_wconf 82' lang='lat' dir='ltr'><strong>aliis</strong></span> <span class='ocrx_word' id='word_1_314' title='bbox 1622 3357 1765 3408; x_wconf 83' lang='lat' dir='ltr'><strong>loeis</strong></span> <span class='ocrx_word' id='word_1_315' title='bbox 1790 3361 1847 3407; x_wconf 79' lang='grc'><strong>01</strong></span> <span class='ocrx_word' id='word_1_316' title='bbox 1874 3356 2119 3406; x_wconf 83' lang='lat' dir='ltr'><strong>eiusdem</strong></span> 
     </span>
     <span class='ocr_line' id='line_1_38' title="bbox 189 3421 2121 3486; baseline 0.001 -16"><span class='ocrx_word' id='word_1_317' title='bbox 189 3421 386 3486; x_wconf 83' lang='lat' dir='ltr'><strong>capitis</strong></span> <span class='ocrx_word' id='word_1_318' title='bbox 412 3425 468 3472; x_wconf 85' lang='grc'><strong>61</strong></span> <span class='ocrx_word' id='word_1_319' title='bbox 493 3423 1124 3482; x_wconf 79' lang='lat' dir='ltr'><strong>antecedentis,Saote1-&#39;</strong></span> <span class='ocrx_word' id='word_1_320' title='bbox 1147 3423 1373 3476; x_wconf 81' lang='lat' dir='ltr'><strong>dicitur.</strong></span> <span class='ocrx_word' id='word_1_321' title='bbox 1402 3426 1749 3476; x_wconf 85' lang='lat' dir='ltr'><strong>cf.Laocoon</strong></span> <span class='ocrx_word' id='word_1_322' title='bbox 1776 3428 1832 3475; x_wconf 83' lang='lat' dir='ltr'><strong>et.</strong></span> <span class='ocrx_word' id='word_1_323' title='bbox 1853 3423 2121 3484; x_wconf 79' lang='lat' dir='ltr'><strong>Laucoon</strong></span> 
     </span>
    </p>
   </div>
   <div class='ocr_carea' id='block_1_5' title="bbox 191 3488 2189 3558">
    <p class='ocr_par' dir='ltr' id='par_1_6' title="bbox 191 3488 2189 3558">
     <span class='ocr_line' id='line_1_39' title="bbox 191 3488 2189 3558; baseline 0.001 -18"><span class='ocrx_word' id='word_1_324' title='bbox 191 3488 472 3554; x_wconf 77' lang='lat' dir='ltr'><strong>(Wagner,</strong></span> <span class='ocrx_word' id='word_1_325' title='bbox 505 3490 858 3558; x_wconf 82' lang='lat' dir='ltr'><strong>orthograph.</strong></span> <span class='ocrx_word' id='word_1_326' title='bbox 891 3492 1103 3557; x_wconf 87' lang='lat' dir='ltr'><strong>Vergil.</strong></span> <span class='ocrx_word' id='word_1_327' title='bbox 1130 3508 1183 3555; x_wconf 89' lang='lat' dir='ltr'><strong>p.</strong></span> <span class='ocrx_word' id='word_1_328' title='bbox 1207 3492 1353 3556; x_wconf 83' lang='lat'>444).</span> <span class='ocrx_word' id='word_1_329' title='bbox 1388 3493 1665 3543; x_wconf 83' lang='lat' dir='ltr'><strong>Laudicia</strong></span> <span class='ocrx_word' id='word_1_330' title='bbox 1687 3493 1881 3542; x_wconf 83' lang='lat' dir='ltr'><strong>Itiner.</strong></span> <span class='ocrx_word' id='word_1_331' title='bbox 1916 3489 2115 3542; x_wconf 83' lang='lat' dir='ltr'><strong>Anton.</strong></span> <span class='ocrx_word' id='word_1_332' title='bbox 2180 3521 2189 3526; x_wconf 93' lang='lat'><em>-</em></span> 
     </span>
    </p>
   </div>
   <div class='ocr_carea' id='block_1_6' title="bbox 189 3555 2119 3627">
    <p class='ocr_par' dir='ltr' id='par_1_7' title="bbox 189 3555 2119 3627">
     <span class='ocr_line' id='line_1_40' title="bbox 189 3555 2119 3627; baseline -0.001 -20"><span class='ocrx_word' id='word_1_333' title='bbox 189 3555 270 3607; x_wconf 86' lang='lat' dir='ltr'><strong>ed.</strong></span> <span class='ocrx_word' id='word_1_334' title='bbox 295 3557 542 3622; x_wconf 82' lang='lat' dir='ltr'><strong>Parthey</strong></span> <span class='ocrx_word' id='word_1_335' title='bbox 567 3561 622 3609; x_wconf 81' lang='lat' dir='ltr'><strong>et</strong></span> <span class='ocrx_word' id='word_1_336' title='bbox 643 3558 850 3609; x_wconf 85' lang='lat' dir='ltr'><strong>Pinder</strong></span> <span class='ocrx_word' id='word_1_337' title='bbox 872 3576 925 3625; x_wconf 90' lang='lat' dir='ltr'><strong>p.</strong></span> <span class='ocrx_word' id='word_1_338' title='bbox 953 3559 1036 3610; x_wconf 85' lang='grc'><strong>68.</strong></span> <span class='ocrx_word' id='word_1_339' title='bbox 1073 3561 1156 3610; x_wconf 86' lang='grc'><strong>91.</strong></span> <span class='ocrx_word' id='word_1_340' title='bbox 1185 3561 1301 3611; x_wconf 88' lang='grc'><strong>160.</strong></span> <span class='ocrx_word' id='word_1_341' title='bbox 1327 3559 1671 3627; x_wconf 57' lang='lat' dir='ltr'><strong>titul.,Orell.</strong></span> <span class='ocrx_word' id='word_1_342' title='bbox 1692 3561 1863 3621; x_wconf 68' lang='lat'>3520„</span> <span class='ocrx_word' id='word_1_343' title='bbox 1890 3557 2119 3608; x_wconf 84' lang='lat' dir='ltr'><strong>similia.</strong></span> 
     </span>
    </p>
   </div>
  </div>
 </body>
</html>
