2517 3884
351 188 472 252 122
837 239 845 248 .
1031 193 1182 248 AELI
1226 189 1584 249 SPARTIANI

278 373 311 420 6
347 381 448 424 ros
478 359 696 422 milites
746 378 983 440 parans,
1049 358 1197 420 haec
1249 365 1448 420 tamen
1507 360 1701 437 agenti
1757 357 1982 420 Iuliano
2013 358 2276 419 Plautius

348 446 663 520 Quintillus
692 444 1025 506 consularis
1057 462 1245 523 augur
1275 444 1635 505 contradixit
1677 444 1974 512 adferens,
2019 461 2140 504 non
2173 444 2274 504 de·

344 533 491 594 bere
520 534 819 612 imperare
860 547 994 590 eum
1038 531 1137 609 qui
1178 532 1362 590 armis
1403 529 1748 590 aduersario
1792 547 1914 590 non
1946 536 2149 608 posset
2179 547 2275 590 re-

277 629 308 676 7
347 620 577 680 sistere.
624 618 719 677 cui
758 614 927 676 multi
968 621 1277 675 senatores
1318 621 1769 675 consenserunt.
1859 631 2041 692 quare
2093 615 2279 676 iratus

348 703 549 764 Didius
576 701 794 762 milites
833 719 865 760 e
908 701 1117 761 castris
1146 701 1329 779 petit,
1376 701 1476 777 qui
1506 707 1775 760 senatum
1819 697 1894 760 ad
1925 699 2274 779 obsequium
2334 716 2361 754 5

276 797 309 846 8
346 795 631 866 cogerent
669 792 770 848 aut
810 785 1255 846 obtruncarent.
1333 785 1442 846 sed
1480 785 1544 844 id
1599 785 1914 845 consilium
1954 784 2272 863 displicuit.

345 891 539 952 neque
572 873 733 932 enim
764 870 1044 939 decebat,
1108 876 1201 940 ut,
1265 888 1404 930 cum
1433 876 1678 930 senatus
1717 869 1952 930 bostem
1985 869 2280 930 Seuerum

344 957 551 1019 Iuliani
596 974 769 1018 causa
810 955 1157 1024 iudicasset,
1216 954 1472 1015 eundem
1512 953 1801 1015 Iulianum
1845 961 2153 1033 pateretur
2182 956 2273 1014 in-

274 1053 309 1100 9
345 1043 578 1104 festum.
615 1059 798 1119 quare
826 1041 1074 1101 meliore
1106 1038 1352 1101 consilio
1383 1039 1456 1101 ad
1487 1047 1756 1100 senatum
1789 1041 1958 1100 uenit
1983 1041 2270 1118 petitque,

342 1135 409 1189 ut
430 1128 600 1188 fieret
624 1135 865 1188 senatus
887 1124 1219 1186 consultum
1242 1125 1318 1186 de
1340 1126 1795 1214 participatione
1827 1124 2082 1204 imperii.
2121 1123 2277 1202 quod
2311 1142 2360 1179 ιο

347 1214 545 1274 statim
573 1212 793 1274 factum
829 1217 936 1272 est.

270 1291 309 1353 7
513 1297 681 1358 Tunc
712 1314 887 1357 omen
921 1295 1077 1373 quod
1108 1294 1224 1355 sibi
1255 1294 1544 1364 Iulianus,
1593 1313 1727 1355 cum
1771 1295 2092 1373 imperium
2123 1296 2276 1358 acci·

277 1390 308 1436 2
344 1392 537 1464 peret,
567 1383 793 1442 fecerat
824 1381 1101 1442 omnibus
1141 1381 1307 1440 uenit
1346 1381 1409 1440 in
1441 1387 1724 1444 mentem.
1785 1397 1923 1440 nam
1955 1397 2090 1440 cum
2135 1399 2278 1440 con-

344 1468 435 1528 sul
466 1467 803 1545 designatus
835 1465 909 1526 de
952 1483 1022 1525 eo
1054 1467 1412 1526 sententiam
1443 1465 1648 1525 dicens
1688 1466 1768 1525 ita
1801 1466 2276 1544 pronuntiasset:

342 1553 603 1613 ‘Didium
626 1551 915 1612 Iulianum
945 1551 1374 1628 imperatorem
1400 1549 1820 1629 appellandum
1853 1567 1981 1611 esse
2013 1553 2276 1618 censeo’,
2309 1565 2359 1603 15

346 1638 606 1698 Iulianus
636 1636 958 1714 suggessit:
1000 1633 1191 1695 ‘Adde
1230 1641 1292 1695 et
1322 1634 1658 1704 Seuerum',
1715 1634 1873 1714 quod
1915 1651 2278 1712 cognomen·

275 1731 309 1777 3
344 1732 471 1783 tum
512 1723 609 1782 aui
648 1727 709 1781 et
750 1721 961 1799 proaui
1002 1719 1115 1780 sibi
1158 1719 1420 1780 Iulianus
1452 1719 1802 1780 adsciuerat.
1879 1718 2027 1780 Sunt
2074 1725 2280 1778 tamen

348 1809 448 1885 qui
478 1807 693 1874 dicant,
727 1805 955 1878 nullum
987 1806 1169 1865 fuisse
1182 1802 1394 1866 Iuliani
1425 1802 1737 1866 consilium
1769 1805 1844 1865 de
1867 1802 2280 1864 obtruncando

274 1898 309 1944 4
346 1899 573 1960 senatu,
609 1909 744 1950 cum
778 1897 935 1952 tanta
966 1892 1029 1950 in
1062 1908 1197 1950 eum
1219 1897 1459 1951 senatus
1491 1888 1859 1951 contulisset.
1935 1889 2074 1950 Post
2106 1905 2280 1950 sena-

345 1975 776 2038 tusconsultum
817 1977 1017 2036 statim
1056 1974 1262 2036 Didius
1303 1974 1562 2036 Iulianus
1599 1993 1784 2035 unum
1828 1993 1898 2034 ex
1941 1974 2275 2052 praefectis,
2307 1988 2358 2026 20

275 2069 308 2116 5
346 2062 603 2123 Tullium
634 2061 993 2140 Crispinum,
1037 2062 1215 2121 misit.
1258 2063 1390 2139 ipse
1435 2067 1630 2121 autem
1659 2061 1903 2120 tertium
1934 2059 2075 2119 fecit
2105 2075 2279 2138 prae-

344 2150 565 2210 sectum
596 2147 903 2207 Veturium
942 2145 1298 2213 Macrinum;
1364 2145 1437 2206 ad
1497 2162 1674 2225 quem
1734 2145 1992 2204 Seuerus
2049 2143 2281 2204 litteras

276 2239 309 2285 6
346 2235 605 2301 miserat,
638 2238 705 2291 ut
736 2238 891 2292 esset
920 2231 1106 2310 praef.
1182 2230 1288 2291 sed
1317 2249 1526 2309 pacem
1571 2229 1904 2290 simulatam
1949 2246 2080 2288 esse
2111 2245 2277 2289 man-

345 2318 660 2394 datamque
701 2315 945 2376 caedem
976 2315 1186 2377 Seueri
1227 2314 1422 2375 Tullio
1455 2315 1760 2393 Crispino,
1805 2314 1993 2393 praef.
2039 2321 2275 2392 praeto-

276 2409 307 2456 7
346 2405 439 2472 rii,
475 2407 534 2462 et
562 2398 815 2481 populus
844 2400 1073 2460 locutus
1106 2405 1279 2458 estet
1318 2399 1578 2460 Seuerus
1609 2400 1956 2477 suspicatus,
2019 2399 2276 2476 denique
2305 2415 2358 2453 25

346 2488 579 2548 hostem
620 2503 684 2545 se
726 2483 950 2558 Iuliano
983 2483 1241 2543 Seuerus
1287 2500 1414 2543 esse
1455 2483 1663 2544 maluit
1705 2501 1883 2561 quam
1927 2485 2282 2564 participem

275 2578 309 2626 8
347 2587 639 2633 consensu
668 2566 939 2628 militum.
1005 2567 1264 2628 Seuerus
1295 2575 1493 2629 autem
1535 2569 1731 2629 statim
1777 2575 1836 2628 et
1878 2567 1948 2629 ad
1990 2568 2281 2647 plurimos

346 2657 594 2718 Romam
637 2655 877 2732 scripsit
919 2659 978 2712 et
1018 2652 1249 2712 occulto
1293 2654 1455 2713 misit
1498 2652 1719 2738 edicta,
1783 2669 1937 2730 quae
1975 2656 2288 2732 proposita
2375 2695 2386 2731 1

278 2749 310 2795 9
347 2748 499 2802 sunt.
578 2739 688 2800 fuit
717 2745 1031 2817 praeterea
1062 2739 1126 2798 in
1158 2735 1386 2798 Iuliano
1429 2736 1577 2799 haec
1607 2740 1883 2807 amentia,
1915 2746 1983 2798 ut
2011 2757 2123 2818 per
2153 2757 2278 2799 ma·
2378 2738 2387 2801 ἔ

344 2843 451 2905 gos
474 2824 759 2904 pleraque
791 2823 1031 2890 faceret,
1067 2822 1282 2902 quibus
1309 2829 1548 2902 putaret
1575 2821 1674 2883 uel
1705 2824 1904 2884 odium
1940 2823 2148 2902 populi
2177 2823 2280 2884 de·
2307 2806 2382 2895 3οΞ

247 2916 309 2965 10
346 2911 522 2971 leniri
562 2908 662 2969 uel
702 2906 953 2967 militum
998 2925 1163 2969 arma
1207 2911 1507 2988 conpesci.
1570 2927 1708 2969 nam
1755 2917 1812 2969 et
1845 2907 2128 2985 quasdam
2157 2926 2280 2969 non
2361 2936 2369 2944 ·

345 2995 770 3056 conuenientes
781 2993 1065 3054 Romanis
1094 2994 1280 3054 sacris
1310 2992 1533 3054 hostias
1562 2993 2020 3054 immolauerunt
2053 2999 2113 3052 et
2145 3011 2275 3053 car-

244 3083 251 3090 ’
345 3081 504 3141 mina
518 3078 769 3158 profana
798 3080 1254 3140 incantauerunt
1286 3088 1344 3141 et
1375 3096 1610 3156 eaquae
1641 3077 1713 3139 ad
1744 3075 2048 3156 speculum
2072 3075 2279 3138 dicunt

344 3166 493 3236 fieri,
526 3166 589 3226 in
620 3181 735 3244 quo
768 3166 938 3245 pueri
968 3164 1309 3243 praeligatis
1350 3163 1534 3225 oculis
1577 3165 1874 3223 incantato
1917 3163 2148 3222 uertice
2179 3181 2278 3222 re—

458 3319 485 3368 1
516 3318 809 3384 phaustius
830 3317 933 3366 BP
974 3317 1242 3367 Faustin-s
1265 3315 1335 3366 M
1358 3315 1613 3366 Plautius
1634 3315 1826 3378 scripsi
1980 3316 2012 3364 2
2040 3316 2280 3379 quantil-

343 3387 433 3438 lus
456 3387 559 3436 BP
693 3389 756 3436 17
780 3386 951 3438 habui
973 3385 1076 3435 BP
1188 3386 1252 3435 18
1279 3383 1413 3450 quid
1437 3383 1486 3432 B
1602 3383 1664 3432 19
1690 3381 2064 3432 consuluisset
2088 3383 2191 3432 BP

342 3458 410 3506 23
434 3459 759 3520 tantamque
792 3454 955 3504 BPM
989 3470 1080 3505 em.
1116 3453 1235 3503 Vrs.
1398 3454 1461 3501 2‘1
1495 3450 1726 3500 militem
1758 3450 1809 3499 B
1969 3453 2036 3501 30
2069 3452 2278 3502 uitaret

342 3523 618 3594 BPMssm.
651 3525 780 3589 Eyn.
921 3525 986 3572 33
1013 3522 1221 3571 ducunt
1247 3520 1370 3570 BP·
1481 3521 1550 3570 34
1571 3519 1912 3572 incantando
1937 3519 2003 3569 M
