2517 3884
758 170 1060 227 MAXIMINI
1100 171 1248 227 DVO.
1328 170 1382 226 C.
1412 174 1652 227 31—33.
2099 162 2183 228 27

240 335 471 399 bellum
512 355 788 416 parasse,
851 338 1177 415 Aquileiam
1222 344 1422 399 autem
1464 338 1579 399 nisi
1612 338 1906 398 uictorem
1937 354 2057 397 non
2091 338 2183 396 ui-

204 422 440 484 ·disse:
491 421 684 484 Latini
743 424 1067 503 scriptores
1126 442 1247 484 non
1289 423 1608 484 Maximum
1669 422 1775 483 sed
1807 421 2184 502 Puppienum

242 514 460 569 contra
488 507 875 570 Maximinum
935 508 1091 588 apud
1148 508 1479 586 Aquileiam
1539 524 1844 587 pugnasse
1903 506 2185 568 dixerunt

240 592 628 671 eundemque
659 594 899 655 uicisse.
978 595 1079 671 qui
1110 612 1286 656 error
1315 593 1475 653 unde
1506 599 1684 655 natus
1716 594 1810 661 sit,
1844 593 2000 653 scire
2062 608 2183 651 non
2219 601 2252 649 3

179 693 211 736 5
234 696 517 759 possum,
572 679 690 738 nisi
748 679 905 739 forte
964 678 1122 739 idem
1182 685 1275 740 est
1317 679 1662 758 Puppienus
1720 679 1822 757 qui
1865 677 2178 738 Maximus.

235 762 405 841 quod
435 762 889 825 ide0.testatum
918 765 1111 843 posui,
1161 782 1237 824 ne
1281 764 1412 842 quis
1455 781 1551 823 me
1591 762 1706 824 hoc
1748 763 2020 824 nescisse
2051 779 2182 822 cre·
2219 770 2254 820 4

234 847 466 1013 deren]
518 846 709 929 [quod
749 867 819 909 re
861 866 1007 910 uera
1051 866 1334 927 magnum
1379 856 1687 927 stuporem
1730 866 1800 910 ac
1829 845 2184 908 miraculum

234 940 427 995 creat.

375 1121 405 1169 1
434 1119 685 1183 aquileia
709 1116 830 1170 BP¹
945 1120 977 1169 2
1004 1120 1368 1184 scriptor-ores
1392 1117 1466 1169 B¹
1493 1122 1744 1183 septores
1766 1115 1844 1167 P¹
1991 1116 2187 1181 pupie-

222 1202 365 1237 num
388 1187 447 1237 B
475 1187 777 1253 dupienum
799 1188 867 1238 M
1000 1189 1033 1238 5
1058 1189 1332 1253 pupienus
1358 1187 1408 1236 B
1436 1185 1709 1252 dupienus
1734 1187 1800 1236 M
1911 1186 1941 1235 7
1968 1198 2189 1233 manum

226 1254 281 1305 B
432 1255 585 1320 quod
609 1271 667 1306 re
691 1270 826 1305 uera
850 1283 916 1291 -—
944 1261 1097 1306 creat
1123 1258 1265 1305 uncis
1288 1257 1491 1306 inclusit
1513 1254 1764 1320 Eyssenh.
1807 1249 1936 1318 [uita
1959 1258 2037 1303 est
2059 1254 2113 1301 in
2141 1250 2189 1299 B

204 1316 281 1375 'et
305 1325 359 1373 P
378 1325 498 1375 sine
521 1322 937 1389 subscriptione-J

1665 1522 1708 1547 x
