2517 3884
2042 0 2063 8 '¹
2133 2 2140 5 '
2147 2 2180 5 ’⁷
2189 0 2271 22 νὴ·
2473 2 2480 5 “

2175 61 2184 69 .

2477 111 2488 122 Ι

365 183 490 255 152
1083 194 1296 251 FLAvu
1340 194 1591 251 vopisci

295 374 328 421 8
367 362 646 423 tristioris
711 362 835 421 ictu
907 362 1341 421 contaminauit
1404 362 1742 439 imperium.
1848 360 2053 419 timeri
2112 361 2317 437 coepit

365 448 644 525 princeps
688 448 977 524 optimus,
1027 464 1145 505 non
1179 447 1400 513 amari,
1454 462 1590 505 cum
1634 444 1733 504 alii
1776 445 2047 505 dicerent
2106 446 2313 522 perfo-

367 530 652 590 diendum
687 530 860 591 talem
905 531 1269 608 principem,
1332 547 1449 589 non
1500 528 1855 607 optandum,
1920 527 2021 589 alii
2080 528 2312 589 bonum

294 628 328 675 >9
365 615 606 694 quidem
649 615 947 675 medicum
995 614 1098 673 sed
1143 613 1297 673 mala
1341 615 1572 675 ratione
1594 621 1942 673 curantem.
2020 612 2115 673 his
2157 615 2315 673 actis

365 718 497 760 cum
533 700 766 759 uideret
795 717 970 777 posse
1003 699 1164 765 fieri,
1209 705 1279 757 ut
1330 698 1548 775 aliquid
1580 698 1697 758 tale
1728 696 1947 758 iterum
1983 698 2159 777 quale
2192 698 2315 759 sub
2376 712 2407 751 5

364 783 631 843 Gallieno
674 790 992 852 euenerat,
1036 783 1415 861 proueniret,
1464 782 1731 843 adhibito
1776 782 2031 843 consilio
2064 791 2317 842 senatus

364 886 566 928 muros
608 866 775 929 urbis
818 867 1040 928 Romae
1089 866 1377 927 dilatauit.
1456 884 1567 927 nec
1604 874 1801 927 tamen
1834 869 2109 945 pomerio
2140 866 2310 926 addi-

259 963 326 1014 10
361 953 447 1012 dit
501 970 569 1011 eo
623 960 896 1029 tempore
949 951 1054 1012 sed
1103 958 1327 1031 postea.
1404 954 1677 1029 pomerio
1736 959 1934 1012 autem
2000 952 2312 1011 neminem

361 1038 696 1115 principum
727 1037 868 1096 licet
896 1036 1118 1097 addere
1161 1038 1275 1096 nisi
1309 1054 1443 1095 eum
1478 1038 1580 1113 qui
1610 1038 1741 1113 agri
1773 1036 2073 1096 barbarici
2105 1036 2311 1112 aliqua
2510 1038 2512 1079 Ι

263 1136 322 1181 11
363 1129 532 1199 parte
592 1122 920 1183 Romanam
979 1139 1108 1181 rem
1151 1138 1210 1199 p.
1260 1119 1738 1199 locupletauerit.
1815 1120 2041 1180 addidit
2101 1128 2311 1181 autem
2344 1134 2403 1173 10

361 1210 685 1283 Augustus,
731 1206 955 1266 addidit
984 1207 1307 1274 TraianuS,
1359 1205 1587 1265 addidit
1615 1205 1805 1273 Nero,
1841 1204 1955 1265 sub
1990 1222 2111 1281 quo
2144 1206 2307 1265 Pon-

361 1297 456 1350 tus
501 1291 951 1351 Polemoniacus
994 1300 1053 1350 et
1095 1290 1274 1368 Alpes
1320 1290 1545 1351 Cottiae
1577 1289 1843 1349 Romano
1889 1291 2120 1349 nomini
2163 1297 2313 1349 sunt

362 1376 640 1435 tributae.

255 1458 340 1522 22
488 1461 830 1520 Transactis
872 1460 1053 1537 igitur
1107 1476 1258 1535 quae
1301 1459 1372 1518 ad
1416 1461 1717 1537 septiones
1756 1466 1933 1534 atque
1976 1458 2151 1519 urbis
2184 1466 2303 1518 sta-

356 1550 482 1602 tum
527 1551 586 1602 et
615 1544 810 1604 ciuilia
837 1542 1220 1621 pertinebant
1249 1551 1457 1603 contra
1488 1542 1901 1622 Palmyrenos,
1935 1542 1993 1602 id
2031 1550 2125 1602 est
2156 1562 2301 1603 con·
2336 1556 2397 1597 15

357 1635 448 1686 tra
481 1628 830 1696 Zenobiam,
897 1644 1050 1703 quae
1109 1624 1368 1686 filiorum
1430 1629 1671 1687 nomine
1712 1627 2003 1687 orientale
2054 1627 2303 1687 tenebat

287 1726 320 1772 2
357 1712 698 1788 imperium,
732 1713 847 1770 iter
879 1710 1060 1770 flexit.
1105 1710 1289 1771 multa
1321 1714 1382 1771 in
1414 1714 1626 1772 itinere
1657 1730 1725 1771 ac
1755 1728 1965 1788 magna
2000 1710 2299 1771 bellorum

319 1872 321 1877 .
357 1812 577 1871 genera
623 1796 898 1855 confecit.
976 1812 1112 1854 nam
1154 1796 1216 1853 in
1259 1795 1535 1856 Thraciis
1588 1804 1646 1856 et
1687 1800 1748 1855 in
1794 1796 2033 1875 Illyrico
2082 1815 2296 1856 occur-

357 1886 558 1941 rentes
593 1880 881 1941 barbaros
915 1881 1086 1945 uicit,
1121 1880 1452 1941 Gothorum
1500 1882 1638 1957 quin
1689 1882 1865 1941 etiam
1898 1880 2113 1941 ducem
2149 1881 2293 1942 Can-

356 1964 550 2024 naban
583 1966 708 2024 siue
743 1964 1201 2024 Cannabaudem
1245 1983 1382 2025 cum
1415 1968 1678 2044 quinque
1712 1964 1951 2025 milibus
1981 1964 2291 2025 hominum
2324 1978 2385 2016 20
2513 1988 2515 1991 ’

288 2064 318 2111 3
357 2056 524 2107 trans
572 2049 908 2109 Danuuium
951 2050 1272 2109 interemit.
1362 2057 1539 2126 atque
1601 2050 1738 2110 inde
1793 2064 1901 2127 per
1946 2050 2295 2129 Byzantium

354 2135 414 2190 in
459 2131 793 2211 Bithyniam
835 2135 1152 2193 transitum
1211 2135 1355 2193 fecit
1418 2151 1667 2209 eamque
1740 2132 1905 2193 nullo
1966 2137 2293 2195 certamine

285 2234 318 2280 4
356 2218 630 2295 optinuit.
708 2217 891 2277 multa
939 2219 1068 2278 eius
1101 2236 1313 2295 magna
1347 2217 1740 2296 etpraeclara
1776 2226 1894 2277 tam
1928 2220 2083 2279 sacta
2118 2236 2295 2295 quam

356 2299 507 2359 dicta
541 2308 708 2369 sunt,
771 2302 875 2361 sed
921 2304 1117 2367 omnia
1162 2302 1314 2363 libro
1354 2305 1664 2363 innectere
1708 2320 1818 2361 nec
1850 2320 2179 2380 possumus
2210 2304 2295 2364 la-

355 2383 514 2443 stidii
547 2388 870 2446 euitatione
901 2404 1013 2446 nec
1047 2386 1341 2455 uolumuS,
1374 2388 1478 2447 sed
1513 2387 1585 2446 ad
1618 2386 2057 2464 intellegendos
2090 2406 2295 2447 mores
2318 2400 2381 2439 25

241 2486 316 2537 ,5
354 2476 532 2546 atque
574 2470 858 2529 uirtutem
903 2487 1089 2548 pauca
1144 2470 1387 2531 libanda
1432 2479 1586 2531 sunt.
1662 2490 1796 2531 nam
1842 2487 1975 2530 cum
2028 2471 2297 2551 Tyanam

353 2554 622 2613 uenisset
653 2571 902 2632 eamque
935 2554 1238 2614 obclusam
1271 2558 1658 2633 repperisset,
1692 2558 1879 2616 iratus
1911 2556 2141 2615 dixisse
2174 2559 2297 2616 fer-

285 2654 315 2700 6
355 2647 480 2696 tur:
549 2637 812 2706 „Canem
864 2640 924 2697 in
981 2637 1098 2697 hoc
1143 2638 1365 2717 oppido
1410 2658 1527 2699 non
1574 2639 1979 2716 relinquam.“
2058 2649 2207 2701 tunc
2239 2650 2298 2701 et

355 2720 640 2783 militibus
671 2724 866 2782 acrius
899 2721 1523 2802 incumbentibus-spe
1550 2724 1825 2803 praedae,
1860 2731 1919 2783 et
1946 2724 2296 2785 Heraclam-

351 2825 526 2867 mone
587 2808 844 2884 quodam
900 2809 1144 2874 timore,
1217 2826 1294 2867 ne
1366 2810 1524 2869 inter
1594 2816 1827 2869 ceteros
1888 2808 2293 2879 occideretur,
2323 2823 2387 2876 ³0,

245 2897 328 2961 23
349 2892 600 2968 patriam
635 2910 802 2951 suam
835 2891 1126 2968 prodente
1159 2894 1367 2953 ciuitas
1399 2902 1567 2970 capta
1602 2902 1710 2954 est.
1792 2892 1895 2952 sed
1929 2894 2299 2955 Aurelianus

349 2975 467 3034 duo
499 2978 694 3035 statim
727 2977 1064 3055 praecipua,
1101 2976 1257 3053 quod
1290 2994 1470 3037 unum
1506 2980 1884 3038 seueritatem
1916 2978 2295 3047 ostenderet,

349 3058 600 3119 alterum
660 3059 996 3129 lenitatem,
1063 3078 1136 3119 ex
1195 3063 1581 3140 imperatoria
1643 3070 1839 3121 mente
1902 3065 2291 3124 monstrauit.

485 3228 510 3273 1
539 3210 928 3291 perferendum
953 3228 1070 3281 Obr.
1213 3232 1242 3279 7
1272 3229 1545 3279 delatauit
1567 3228 1695 3278 BP¹
1734 3228 1892 3292 (corr.
1918 3228 2019 3292 1⁰³)
2166 3234 2201 3281 8
2229 3246 2301 3281 eo

344 3295 716 3357 tempore—‚sed
741 3301 936 3359 postea
962 3298 1080 3345 eicit
1103 3296 1145 3345 S
1288 3297 1493 3347 nemini
1517 3323 1583 3331 —
1610 3296 1661 3347 ei
1688 3298 1752 3347 M
1910 3300 1973 3347 10
1995 3297 2299 3349 locutaue-

341 3361 415 3409 rit
438 3359 522 3408 Βι
664 3364 725 3411 12
759 3362 1137 3427 polemniacus
1159 3363 1325 3413 BPM
1468 3365 1704 3414 nominis
1728 3365 1831 3413 BP
1859 3366 2067 3415 nomIni
2093 3366 2165 3415 M
2194 3383 2297 3416 no-

340 3426 476 3476 mini
501 3433 630 3478 sunt
655 3430 697 3479 S
833 3434 893 3481 17
921 3432 1170 3481 thracias
1194 3430 1268 3481 Ρ1
1297 3431 1373 3493 (ut
1398 3432 1525 3493 uid.)
1646 3435 1709 3482 18
1732 3433 1971 3482 barbaro
1995 3430 2073 3480 P¹
2222 3436 2297 3484 22

340 3495 588 3559 bythiam
615 3497 718 3547 BP
736 3498 1047 3549 Bithintam
1072 3499 1138 3548 M
1270 3502 1335 3549 26
1359 3500 1627 3548 uirtutum
1652 3500 1703 3549 B
1842 3503 1907 3551 33
1930 3500 2145 3565 impera
2170 3501 2253 3550 Ρ1
