2517 3884
78 915 82 1024 ⁴

993 179 1385 236 PRAEFATIO.
2036 181 2171 237 XXV

355 318 436 374 Ex
468 317 652 374 codice
683 317 763 373 sic
793 323 1042 373 correcto
1073 315 1227 371 fluxit

358 406 464 460 15:
497 403 686 459 codex
739 400 1054 458 Vaticanus
1103 417 1197 456 nr.
1245 401 1419 464 1901,
1463 399 1607 456 idem
1646 417 1677 456 a
1719 418 1803 458 me
1844 401 2045 459 Romae
2088 403 2173 460 in·

225 495 473 564 spectuS.
537 493 626 542 est
667 485 1130 548 membranaceus,
1185 485 1363 542 forma
1402 487 1649 550 maxima,
1704 486 1894 542 nitidis
1935 487 2172 561 picturis

227 581 464 630 ornatus
496 579 659 646 atque
691 571 972 643 eleganter
1004 571 1247 644 scriptus
1290 587 1431 627 anno
1476 570 1695 634 domini,
1738 579 1801 630 ut
1841 578 1928 630 est
1959 571 2013 628 in
2044 573 2174 632 sub-

229 660 552 732 scriptione,
583 655 876 712 millesimo
911 656 1449 729 quadringentesimo
1480 658 1905 729 septuagesimo.
1948 657 2177 731 Incipit:

229 743 378 806 „Alii
421 741 685 816 spartiani
727 742 785 798 in
827 741 939 798 diui
983 740 1226 798 hadriani
1269 741 1438 796 uitam
1490 740 1631 797 liber
1670 741 1880 816 incipit.
1955 741 2174 816 Origo.⁰’

225 827 424 901 ExpL:
477 826 813 890 „contendas
855 824 1110 882 feliciter.
1159 825 1409 899 explicite
1451 825 1567 881 uite
1597 826 1943 884 diuersorum
1975 828 2175 900 princi·

230 930 366 987 pum
409 921 464 968 et
510 919 869 984 tyrannorum
911 927 942 967 a
972 909 1101 967 diuo
1145 910 1407 966 hadriano
1440 927 1617 985 usque
1647 911 1715 967 ad
1744 913 2179 970 numerianum.”

233 997 436 1072 quibus
466 995 654 1052 uerbis
687 1003 774 1051 est
803 995 1092 1052 adiunctus
1123 1002 1451 1068 conspectus
1483 989 1719 1053 uitarum
1744 1005 1801 1052 et
1823 998 2175 1070 scriptorum.

365 1081 473 1138 Sed
516 1081 572 1136 in
613 1081 722 1136 hoc
765 1080 937 1136 uerba
978 1081 1099 1154 ipsa
1131 1081 1184 1136 in
1219 1082 1538 1136 uniuersum
1569 1084 1773 1138 intacta
1804 1080 1997 1139 relicta
2026 1089 2177 1145 sunt,

233 1176 294 1224 at
335 1183 472 1224 uero
516 1169 572 1221 in
613 1163 734 1222 aliis
777 1166 940 1220 etiam
997 1166 1164 1222 haece
1213 1181 1432 1222 manum
1484 1166 1899 1223 emendatricem
1952 1174 2177 1240 experta

233 1259 384 1314 sunt,
430 1251 506 1307 ita
549 1257 612 1306 ut
641 1252 880 1323 genuina
913 1251 1186 1323 scriptura
1219 1266 1383 1323 saepe
1426 1259 1795 1312 manesceret,
1840 1258 1895 1306 et
1926 1255 2180 1324 quamuis

233 1335 359 1392 aliis
402 1335 542 1392 locis
584 1351 747 1391 ueras
793 1334 1139 1391 seruauerint
1179 1335 1503 1408 scripturas,
1548 1335 1671 1392 aliis
1704 1337 2023 1409 conspirent
2051 1353 2177 1393 cum

232 1420 396 1478 libris
427 1418 808 1476 deterioribus.
841 1435 1022 1493 neque
1052 1426 1234 1476 tamen
1275 1419 1571 1492 quidquam
1602 1417 1748 1477 aliud
1778 1419 1981 1476 factum
2015 1437 2179 1492 quam

234 1515 301 1562 ut
323 1503 544 1578 singula
572 1503 746 1562 uerba
766 1506 1192 1576 corrigerentur,
1225 1504 1299 1560 ita
1324 1511 1387 1560 ut
1412 1504 1555 1562 desit
1576 1505 2020 1578 supplementum
2041 1505 2179 1562 illud

233 1598 370 1666 post
395 1588 610 1646 Maximi
638 1588 958 1663 Balbinique
996 1584 1141 1646 uitas
1185 1589 1552 1653 interiectum,
1593 1590 1739 1647 uitae
1768 1589 2182 1648 Valerianorum.

235 1679 316 1732 ita
345 1683 563 1732 exstent
583 1680 647 1732 ut
676 1674 732 1729 in
754 1674 810 1728 B
834 1681 889 1730 et
911 1673 978 1736 P,
1011 1673 1383 1730 Gallienorum
1414 1677 1593 1747 capita
1623 1675 1817 1749 prima,
1851 1691 2177 1748 quamquam

237 1762 416 1834 spatia
459 1759 768 1816 litterarum
813 1773 977 1832 saepe
1006 1766 1289 1816 contracta
1318 1766 1465 1822 sunt,
1507 1760 1749 1816 nondum
1783 1767 1961 1818 tamen
1992 1760 2185 1816 eadem

237 1844 466 1902 libidine
495 1842 824 1917 interpolata
854 1845 966 1900 sint
995 1860 1102 1917 qua
1129 1843 1188 1900 in
1219 1843 1374 1900 codd.
1407 1844 1535 1902 sam.
1568 1845 1641 1902 Σ.

365 1929 575 1986 Horum
617 1928 904 1991 librorum.
954 1927 1050 2002 qui
1081 1929 1211 1985 item
1255 1944 1445 1986 omnes
1476 1947 1507 1986 a
1536 1946 1623 1986 me
1655 1929 1887 2003 inspecti
1920 1937 2064 1990 sunt,
2098 1929 2186 1984 sa-

235 2015 342 2072 cile
375 2015 619 2088 optimus
649 2021 763 2069 est:

370 2103 454 2156 16.
499 2100 690 2156 codex
730 2097 1166 2155 Riccardianus
1215 2115 1301 2155 nr.
1339 2101 1437 2153 551
1491 2097 1952 2160 membranaceus,
2006 2098 2186 2155 forma

239 2186 487 2247 maxima,
519 2183 691 2240 nitide
721 2184 984 2256 scriptus,
1016 2199 1123 2238 sec.
1157 2182 1263 2238 XV.
1333 2183 1555 2256 Incipit:
1599 2182 1791 2245 „Vitae
1833 2183 2187 2240 diuersorum-

241 2269 552 2344 principum
581 2275 638 2324 et
671 2275 1024 2341 tyrannorum
1055 2285 1086 2324 a
1118 2266 1354 2323 diuersis
1394 2269 1752 2341 composite”.
1797 2267 1967 2342 expl.:
2012 2285 2188 2331 „con-

246 2354 434 2410 tendas
475 2354 726 2410 feliciter.
769 2350 1062 2426 ,Explicite
1101 2353 1217 2410 uite
1258 2352 1603 2410 diuersorum
1649 2353 1955 2426 principum
1999 2359 2056 2410 et
2098 2360 2189 2427 ty—

243 2453 542 2495 rannorum
574 2455 604 2494 a
633 2437 761 2494 diuo
793 2437 1059 2494 hadriano
1090 2454 1265 2511 usque
1298 2437 1364 2494 ad
1395 2437 1824 2495 numerianum”.

371 2523 550 2579 Ceteri
577 2521 634 2580 hi
667 2529 823 2578 sunt:

373 2611 456 2663 17.
481 2609 669 2663 codeae
707 2605 1019 2664 Vaticanus
1044 2623 1149 2664 nr.
1174 2609 1357 2664 1900
1378 2607 1715 2671 chartaceus,
1739 2608 1914 2664 forma
1936 2608 2187 2668 maxima.

245 2690 390 2746 binis
422 2691 690 2749 columnis
722 2693 982 2765 scriptus,
1015 2708 1124 2748 sec.
1155 2691 1258 2748 XV.
1330 2692 1439 2748 Inc.
1472 2693 1628 2755 „Vite
1659 2693 2005 2750 diuersorum
2035 2693 2190 2765 prin-

250 2774 435 2847 cipum
477 2785 533 2832 et
579 2783 932 2848 tyrannorum
962 2792 992 2831 a
1021 2776 1254 2833 diuersis
1302 2776 1624 2851 composite.
1672 2777 1877 2834 adriani
1908 2778 2037 2849 imp.
2069 2774 2185 2832 uita

247 2858 461 2932 incipit.
521 2860 736 2932 Origo.”
797 2861 946 2934 Expl.
977 2861 1315 2924 „contendas
1348 2862 1635 2918 feliciter”.

379 2945 654 3000 18.codeoe
671 2944 978 3001 Vaticanus
990 2963 1025 3000 n
1041 2963 1092 3000 r·
1103 2951 1134 3000 1
1147 2943 1230 3002 9Ῑο
1244 2951 1281 3002 3
1292 2947 1753 3008 membranaceus,
1770 2945 1945 3001 forma
1958 2945 2187 3001 maxima

249 3029 475 3091 sec.XV,
510 3027 792 3101 eleganter
821 3031 1058 3104 scriptus
1090 3047 1212 3086 cum
1243 3031 1432 3087 nitidis
1464 3033 1711 3105 picturiS.
1771 3030 1992 3105 Incipit:
2025 3029 2189 3092 „Vite

249 3113 363 3170 diu.
394 3132 479 3188 pr.
515 3121 570 3171 et
603 3121 710 3188 tyr.
743 3131 772 3169 a
805 3113 911 3170 diu.
955 3117 1309 3189 compositae.
1371 3116 1629 3172 Hadriani
1671 3118 1799 3190 imp.
1831 3115 1948 3171 uita
1975 3116 2189 3188 incipit.

246 3197 373 3272 lege
405 3199 658 3256 feliciter.
717 3198 942 3273 Origo.”
1000 3198 1184 3273 Expl.:
1229 3199 1565 3264 „contendas
1610 3200 1862 3258 feliciter.
1921 3197 2191 3273 Explicite

246 3300 304 3339 u.
325 3284 379 3341 d.
413 3303 465 3359 p.
499 3292 555 3340 et
589 3292 630 3341 t.
661 3301 693 3340 a
724 3284 852 3342 diuo
883 3282 1146 3340 hadriano
1177 3302 1355 3359 usque
1386 3285 1452 3342 ad
1482 3288 1878 3343 numerianum.
1906 3279 2040 3341 Bar?
2058 3279 2192 3339 Blafi

247 3371 516 3444 scriptorm
552 3386 659 3426 usu
707 3367 1158 3425 reuerendissimi
1208 3367 1325 3443 pris
1390 3371 1502 3427 diui
1567 3370 1895 3428 Bartolomei
1970 3371 2192 3424 uiceco-

243 3455 396 3509 mitis
427 3456 514 3528 epi
543 3454 888 3512 nouariensis
919 3461 973 3509 et
1003 3454 1274 3510 comitiS.”

376 3541 459 3594 19.
503 3541 689 3596 codex
736 3539 1150 3598 ottobonianus
1190 3557 1277 3595 nr.
1324 3543 1459 3596 1304
1499 3539 1961 3598 membranaceus,
2013 3535 2188 3591 forma
