2517 3884
408 176 492 244 76
760 203 765 210 ’
1092 180 1246 238 IVLII
1287 179 1656 237 CAPITOLINI

308 362 375 411 10
410 358 641 430 gestum
674 357 782 418 est,
814 350 879 410 in
908 349 1091 410 Marci
1118 349 1239 409 uita
1273 346 1618 427 plenissime
1648 345 2012 427 disputatum
2043 353 2152 407 est.
2200 365 2345 408 con-

408 438 603 516 posito
644 441 842 496 autem
894 432 1052 494 hello
1116 435 1178 494 in
1233 433 1538 494 Pannonia
1587 439 1884 510 urguente
1939 431 2121 492 Lucio
2161 432 2344 509 Aqui-

408 521 585 582 leiam
637 518 973 588 redierunt,
1030 517 1310 596 quodque
1372 517 1634 578 urbanas
1689 516 2074 578 desiderabat.
2123 516 2343 578 Lucius

310 617 372 667 11
412 605 774 686 uoluptates,
820 605 885 664 in
924 601 1135 664 urbem
1180 603 1522 664 festinatum
1563 609 1670 676 est.
1735 601 1841 662 sed
1881 620 2005 662 non
2045 601 2224 681 longe
2268 601 2342 664 ab

411 690 609 752 Altino
640 689 837 751 subito
866 689 929 748 in
956 687 1236 758 uehiculo
1268 687 1512 757 morbo,
1547 705 1726 766 quem
1757 687 2070 766 apoplexin
2101 694 2338 754 uocant,
2395 703 2422 743 5

400 782 725 854 correptus
753 773 973 834 Lucius
1002 772 1309 852 depositus
1353 790 1388 832 e
1427 771 1702 834 uehiculo
1744 771 2016 832 detracto
2057 773 2346 851 sanguine

408 859 669 923 Altinum
702 859 1046 936 perductuS,
1082 877 1217 919 cum
1249 857 1446 918 triduo
1477 866 1679 918 mutus
1709 858 1980 927 uixisset,
2015 858 2170 936 apud
2199 857 2344 919 Alti-

410 964 555 1007 num
584 944 757 1022 perit.

312 1027 395 1092 10
536 1030 675 1090 Fuit
720 1047 949 1098 sermo,
999 1028 1155 1105 quod
1204 1035 1264 1088 et
1305 1045 1544 1088 socrum
1581 1027 1930 1089 Faustinam
1969 1029 2340 1089 incestasset.

414 1123 471 1176 et
511 1114 729 1174 dicitur
766 1113 1083 1176 Faustinae
1123 1131 1331 1174 socrus
1373 1113 1510 1175 dolo
1552 1115 1810 1193 aspersis
1853 1115 2068 1174 ostreis
2107 1131 2343 1175 ueneno
2371 1131 2420 1170 ιο

414 1201 709 1261 extinctus
752 1217 912 1268 esse,
968 1199 1194 1258 idcirco
1246 1198 1404 1276 quod
1457 1198 1948 1260 consuetudinem
1987 1218 2166 1278 quam
2208 1217 2343 1259 cum

344 1295 375 1342 2
412 1291 600 1346 matre
640 1283 932 1344 habuerat
970 1283 1123 1345 filiae
1164 1283 1545 1361 prodidisset.
1610 1285 1884 1362 quamuis
1927 1291 1990 1343 et
2017 1283 2117 1345 illa
2149 1283 2345 1345 sabula

413 1371 658 1448 quaein
684 1369 869 1431 Marci
908 1370 1028 1429 uita
1071 1371 1262 1447 posita
1307 1373 1399 1429 est
1439 1367 1782 1430 abhorrens·
1815 1388 1849 1429 a
1890 1368 2023 1430 talis
2061 1371 2180 1430 uiri
2220 1370 2343 1430 uita

344 1465 377 1513 3
414 1457 489 1516 sit
532 1461 765 1522 exorta,
818 1472 953 1514 cum
997 1452 1169 1514 multi
1211 1455 1390 1515 etiam
1421 1455 1596 1515 uxori
1639 1455 1768 1515 eius
1809 1453 2101 1532 flagitium
2133 1455 2342 1514 mortis

414 1539 745 1616 adsignent,
778 1543 841 1597 et
867 1537 1091 1598 idcirco
1120 1538 1282 1617 quod
1313 1537 1532 1599 Fabiae
1573 1540 1825 1600 nimium
1867 1537 2197 1600 indulserat
2229 1541 2338 1599 Ve-
2369 1553 2417 1594 15

344 1635 378 1681 4
413 1643 548 1693 ruS,
583 1625 751 1684 cuius
780 1624 1109 1702 potentiam
1140 1641 1294 1683 uxor
1323 1622 1547 1684 Lucilla
1576 1625 1740 1685 l'erre
1769 1641 1892 1684 non
1922 1631 2142 1703 posset.
2175 1631 2340 1684 tanta

415 1727 559 1770 sane
599 1706 966 1768 familiaritas
1006 1709 1165 1768 inter
1206 1707 1460 1768 Lucium
1502 1715 1566 1768 et
1602 1708 1846 1769 Fabiam
1893 1727 2161 1770 sororem
2204 1707 2337 1777 fuit,

414 1795 501 1855 uti
544 1792 658 1853 hoc
702 1809 941 1870 quoque
985 1794 1371 1872 usurpauerit
1411 1811 1621 1853 rumor
1658 1793 1820 1873 quod
1860 1794 2102 1854 inierint
2142 1794 2339 1854 consi-

345 1890 378 1939 5
411 1879 557 1940 lium
587 1877 661 1938 ad
690 1878 953 1939 Marcum
987 1895 1019 1937 e
1050 1879 1173 1939 uita
1216 1875 1568 1938 tollendum.
1630 1879 1811 1957 idque
1851 1897 1988 1940 cum
2032 1884 2190 1939 esset
2229 1897 2341 1958 per

410 1961 757 2043 Agaclytum
788 1961 1071 2024 libertum
1100 1962 1403 2042 proditum
1430 1963 1648 2032 Marco,
1681 1970 2068 2025 anteuentum
2093 1963 2342 2024 Lucium
2367 1979 2419 2020 20
2502 2019 2503 2030 ff

412 2049 711 2118 Faustina,
742 2065 821 2109 ne
850 2048 1253 2127 praeueniret.

346 2145 379 2192 6
542 2134 682 2194 Fuit
720 2131 977 2194 decorus
1018 2150 1303 2213 corpore,
1351 2131 1521 2194 uultu
1568 2135 1870 2211 geniatuS‚
1926 2131 2110 2195 barba
2152 2151 2342 2212 prope

414 2218 725 2278 barbarice
757 2217 1041 2286 demissa,
1084 2235 1380 2297 procerus
1423 2225 1483 2278 et
1520 2218 1722 2280 fronte
1765 2220 1828 2278 in
1871 2217 2192 2297 supercilia
2234 2219 2337 2279 ad-

348 2316 379 2364 7
417 2301 689 2362 ductiore
722 2301 1103 2363 uenerabilis.
1152 2302 1370 2362 dicitur
1399 2319 1544 2362 sane
1573 2309 1794 2362 tantam
1825 2301 2108 2364 habuisse
2137 2321 2343 2364 curam

412 2385 763 2447 flauentium
794 2385 1176 2465 capillorum,
1226 2392 1294 2446 ut
1335 2387 1513 2466 capiti
1554 2389 1684 2447 auri
1725 2394 1996 2448 ramenta
2026 2405 2340 2467 resperge·
2367 2401 2416 2441 25

346 2483 379 2532 8
414 2478 527 2538 ret,
560 2487 679 2548 quo
711 2472 901 2548 magis
932 2488 1103 2530 coma
1143 2468 1502 2530 inluminata
1535 2469 1910 2531 flauesceret.
1984 2471 2191 2550 lingua
2231 2475 2340 2534 im·
2502 2473 2503 2486 ¹

411 2554 669 2636 peditior
698 2555 827 2624 suit,
860 2553 1024 2615 aleae
1056 2553 1506 2633 cupidissimuS,
1542 2556 1700 2616 uitae
1731 2573 1970 2635 semper
1997 2556 2342 2620 luxuriosae

414 2646 593 2716 atque
622 2641 685 2700 in
713 2637 991 2718 pluribus
1020 2639 1181 2700 Nero
1221 2646 1465 2718 praeter
1507 2639 1921 2701 crudelitatem
1959 2650 2021 2703 et
2063 2641 2336 2704 ludibria.

343 2740 375 2788 9
412 2724 621 2785 habuit
650 2724 809 2786 inter
840 2722 1020 2784 alium
1048 2722 1323 2784 luxuriae
1365 2731 1715 2804 apparatum
1761 2725 2008 2788 calicem
2053 2727 2340 2808 crystalli·

412 2827 557 2870 num
586 2809 826 2869 nomine
856 2807 1173 2869 Volucrem
1204 2827 1277 2869 ex
1310 2810 1438 2870 eius
1469 2811 1606 2889 equi
1635 2812 1876 2872 nomine
1908 2829 2086 2890 quem
2112 2812 2337 2882 dilexit,
2365 2825 2416 2865 ³0

413 2894 709 2956 humanae
737 2894 998 2973 potionis
1026 2893 1271 2957 modum
1302 2911 1778 2975 supergressum.

513 3031 545 3080 3
570 3027 811 3080 redieret
832 3026 957 3079 ΒΡΩ
979 3028 1187 3079 rediret
1208 3026 1351 3080 P¹M
1369 3031 1654 3082 redierunt
1675 3031 1868 3096 scripsi
1940 3044 2156 3096 quoque
2179 3028 2349 3080 BPM

412 3096 667 3162 quodque
686 3098 882 3162 scripsi
1013 3100 1048 3147 4
1071 3097 1412 3149 destinatum
1435 3099 1539 3149 BP
1581 3099 1894 3149 destinatus
1917 3099 1985 3148 M
2013 3097 2341 3148 festinatum

407 3167 601 3230 scripsi
642 3166 711 3229 cfi
738 3168 958 3219 exercit.
981 3167 1096 3218 crit.
1118 3182 1173 3230 p.
1202 3167 1245 3216 3'
1378 3168 1443 3216 14
1466 3171 1686 3217 extorta
1707 3165 1833 3216 B²P
1941 3166 2030 3214 -16
2054 3165 2220 3216 Lucii
2241 3165 2348 3215 BP

410 3232 631 3284 Lucilla
655 3233 950 3285 Mommsen.
974 3233 1141 3284 Lucii
1162 3233 1257 3284 uel
1279 3234 1458 3285 Marci
1479 3232 1621 3284 P⁸M
1737 3235 1801 3284 18
1826 3237 1888 3283 ut
1914 3233 1962 3283 si
1983 3233 2087 3283 BP
2105 3234 2194 3284 uti
2213 3237 2339 3285 scri-

406 3302 496 3366 psi
638 3303 707 3352 20
736 3300 1041 3368 agaclitum
1068 3300 1241 3351 BPM
1379 3306 1509 3352 ante
1539 3300 1840 3352 aduentum
1864 3300 2030 3350 BPM
2046 3317 2140 3352 em.
2165 3301 2210 3352 S

410 3371 477 3419 2⁶2
501 3373 811 3434 gemmatus
832 3369 901 3419 M
1036 3371 1103 3420 23
1126 3369 1340 3420 domiso.
1360 3366 1454 3418 B‘
1549 3370 1614 3419 25
1637 3373 1951 3419 toramenta
1974 3369 2143 3419 BPM
2275 3371 2340 3419 27

406 3437 687 3489 luxoriose
710 3437 763 3487 B
784 3437 1001 3488 luxurio
1024 3437 1077 3487 P
1209 3439 1276 3488 29
1299 3435 1546 3488 luxoriae
1570 3434 1623 3485 B
1761 3436 2181 3502 chrystallinum
2204 3436 2258 3486 B

406 3507 474 3558 31
501 3505 795 3572 positionis
816 3504 938 3555 ΒΜ
