2517 3884
739 995 1304 1100 TREBELLII
1354 994 1911 1075 POLLIONIS

537 1202 994 1304 VALE
1047 1203 1142 1300 R
1193 1170 1501 1301 IAN
1554 1201 1605 1300 1
1748 1202 2131 1302 Dvo

353 1520 2229 1541 οοοοοοοοοοοοοοοοοοοοοοοοοοοοοοοοοοοοο

152 1564 187 1627 1
224 1562 354 1646 (4).
442 1538 738 1641 .Saporis
779 1579 883 1622 rex
929 1576 1140 1637 regum
1185 1560 1285 1622 uel
1314 1559 1506 1622 solus:
1555 1560 1663 1631 „Si
1712 1561 1932 1621 scirem
1972 1579 2157 1640 posse
2189 1560 2295 1623 ali·-

354 1647 592 1737 quando
622 1645 924 1706 Romanos
955 1647 1194 1725 penitus
1223 1647 1401 1716 uinci,
1436 1645 1760 1725 gauderem
1787 1645 1898 1707 tibi
1920 1644 1993 1706 de
2015 1647 2290 1716 uictoria,
2345 1658 2369 1699 5

285 1745 318 1793 2
359 1751 537 1811 quam
563 1726 856 1811 praefers,
893 1729 998 1790 sed
1029 1731 1164 1810 quia
1191 1730 1292 1792 uel
1320 1731 1441 1792 fato
1475 1730 1570 1792 uel
1601 1732 1823 1792 uirtute
1854 1730 2137 1809 gens-illa
2160 1730 2296 1811 plu-

353 1820 574 1879 rimum
603 1823 821 1896 potest,
853 1814 1012 1885 uide,
1044 1834 1138 1886 ne,
1171 1815 1332 1893 quod
1362 1834 1569 1877 senem
1598 1818 2022 1895 imperatorem
2054 1817 2292 1896 cepisti,

285 1915 317 1963 3
356 1911 415 1965 et
443 1902 503 1962 id
535 1901 776 1983 quidem
807 1901 1034 1971 Fraude,
1081 1900 1236 1963 male
1278 1901 1386 1962 tibi
1416 1900 1591 1962 cedat
1618 1908 1675 1961 et
1702 1902 1959 1981 posteris
1989 1903 2129 1969 tuis,
2192 1920 2297 1963 co-

353 1990 502 2067 gita,
547 1992 796 2067 quantas
825 1995 1034 2065 gentes
1062 1986 1318 2048 Romani
1348 2006 1422 2049 ex
1453 1986 1727 2047 hostibus
1756 2005 1893 2048 suas
1926 1987 2217 2057 fecerint,
2260 2005 2296 2047 a

283 2085 318 2133 4
354 2073 568 2154 quibus
599 2090 776 2153 saepe
808 2074 952 2133 uicti
981 2079 1136 2133 sunt.
1201 2072 1541 2134 audiuimus
1570 2081 1764 2141 certe,
1808 2071 1967 2152 quod
2000 2070 2158 2133 Galli
2186 2090 2293 2133 eos
2320 2087 2371 2125 1⁰

351 2160 609 2221 uicerint
651 2166 710 2219 et
747 2158 1052 2235 ingentem
1097 2157 1260 2219 1113111
1313 2158 1612 2218 ciuitatem
1663 2155 2069 2217 incenderint.
2126 2165 2297 2218 certe

351 2244 638 2305 Romanis
679 2245 966 2304 seruiunt.
1046 2244 1186 2324 quid
1226 2243 1389 2305 Afri?
1445 2260 1547 2303 eos
1588 2260 1709 2303 non
1750 2242 2065 2303 uicerunt?
2130 2249 2297 2303 certe

284 2339 317 2387 5
353 2330 624 2389 seruiunt
675 2327 979 2389 Romanis,
1055 2328 1129 2389 de
1168 2328 1541 2407 longioribus
1596 2326 1883 2406 exemplis
1934 2335 1995 2387 31
2032 2327 2298 2389 fortasse

350 2412 736 2474 inferioribus
765 2412 914 2473 nihil
944 2412 1094 2473 dico.
1153 2412 1524 2474 Mithridates
1554 2412 1835 2475 Ponticus
1874 2419 2060 2476 totam
2090 2412 2299 2475 Asiam

284 2507 317 2555 6
352 2498 573 2558 tenuit:
622 2503 787 2557 certe
826 2498 1022 2559 uictus
1053 2505 1170 2567 est,
1227 2504 1392 2559 certe
1430 2499 1567 2560 Asia
1606 2497 2017 2558 Romanorum
2060 2505 2175 2561 est.
2244 2500 2299 2561 si
2325 2510 2375 2553 15

351 2600 548 2643 meum
582 2580 894 2642 consilium
925 2583 1215 2660 requiris,
1247 2590 1421 2643 utere
1456 2584 1798 2645 occassione
1828 2584 1993 2662 pacis
2026 2588 2089 2643 et
2118 2582 2297 2645 Vale·

351 2669 587 2729 rianum
617 2668 744 2727 suis
773 2666 980 2728 redde.
1033 2684 1143 2745 ego
1183 2667 1452 2745 gratulor
1484 2668 1750 2731 felicitati
1789 2675 1957 2738 tuae,
2000 2669 2055 2727 si
2083 2675 2297 2731 tamen

352 2752 453 2814 illa
482 2754 568 2813 uti
597 2752 815 2813 sciaS.“

159 2832 201 2896 2
235 2834 314 2919 (5)
476 2836 734 2898 Velenus
775 2855 881 2897 rex
925 2836 1313 2899 Cadusiorum
1350 2840 1437 2899 sic
1466 2839 1733 2918 scripsit:
1791 2836 2110 2908 „Remissa
2142 2838 2299 2899 mihi

353 2921 567 2983 auxilia
601 2924 832 2999 integra
863 2929 922 2983 et
950 2922 1272 2984 incolumia
1314 2929 1618 3001 gratanter
1662 2924 1882 3001 accepi.
1946 2928 2007 2983 31
2047 2930 2297 3003 captum
2324 2939 2373 2978 20

350 3006 729 3081 Valerianum
758 3008 1092 3087 principem
1120 3010 1461 3088 principum
1503 3026 1622 3069 non
1652 3009 1796 3069 satis
1826 3006 2115 3085 gratulor,
2160 3026 2295 3069 ma-

351 3092 442 3169 gis
472 3090 754 3169 gratuler,
789 3095 836 3153 si
869 3093 1240 3155 redderetur.
1318 3093 1571 3156 Romani
1610 3095 1768 3154 enim
1800 3093 2114 3171 grauiores
2146 3100 2299 3155 tunc

485 3245 521 3293 4
547 3243 724 3309 Sapor
745 3246 814 3295 M
855 3245 1055 3311 Sapori
1077 3248 1207 3310 uoly.
1259 3245 1459 3311 Sapori
1484 3245 1603 3311 regi
1626 3260 1815 3311 regum
1838 3242 1933 3294 uel
1956 3243 2075 3295 solo
2102 3243 2149 3295 S

351 3312 384 3360 6
409 3311 696 3375 praeferes
723 3312 825 3363 BP
844 3314 1121 3380 proferres
1144 3314 1212 3363 M
1344 3314 1496 3364 facto
1520 3312 1623 3363 BP
1754 3315 1788 3364 8
1814 3316 1871 3363 et
1895 3312 2079 3364 addida·
2231 3316 2303 3365 10

351 3393 512 3444 mepe
537 3378 606 3428 B¹
633 3396 776 3447 nepe
802 3380 878 3432 P¹
911 3398 1107 3449 nempe
1131 3380 1281 3433 P³M
1420 3384 1483 3431 12
1507 3396 1689 3433 nonne
1714 3381 1781 3431 M
1920 3382 1987 3431 14
2008 3380 2303 3431 interiori-

349 3447 453 3497 bus
477 3446 642 3497 BPM
661 3467 753 3505 em.
779 3450 998 3502 Obrecht
1107 3450 1395 3501 miridates
1417 3446 1489 3498 B1
1512 3449 1828 3501 mitridates
1850 3446 1976 3499 B²P
2110 3450 2176 3500 16
2202 3464 2303 3502 oc-

350 3515 575 3566 casione
602 3518 650 3567 P
781 3521 850 3571 20
873 3524 932 3571 et
953 3518 1120 3569 BPM
1138 3523 1198 3569 at
1219 3520 1413 3585 scr-ipsi
1542 3520 1608 3569 22
1632 3516 1896 3569 reddetur
1916 3516 1985 3568 M
