2517 3884
663 199 915 255 OPlLlVS
960 199 1313 256 MACRINVS.
1388 200 1440 254 C.
1478 203 1712 255 12—14.
2039 195 2160 260 193

199 365 500 427 Caracalli
541 373 602 426 et
641 364 950 426 hominum
989 366 1388 444 inperitorum
1422 363 1795 435 uoluntates,
1830 386 1966 428 cum
2001 353 2181 430 Tra-⁸

201 453 380 511 ianus
422 468 746 527 numquam
789 450 1006 512 libellis
1045 451 1456 529 responderit,
1502 469 1578 512 ne
1623 451 1695 511 ad
1738 451 1881 514 alias
1939 472 2152 514 causas

203 538 360 598 facta
389 537 846 615 praeferrentur
879 553 1030 612 quae
1062 535 1133 596 ad
1165 538 1415 613 gratiam
1442 537 1747 613 conposita
1774 535 2144 600 uiderentur.
2250 601 2254 606 ,

201 623 270 680 in
299 622 556 682 annonis
597 619 932 681 tribuendis
973 619 1343 697 largissimus
1385 621 1527 689 fuit,
1572 623 1634 680 in
1676 639 1825 682 auro
1866 618 2146 701 parcissi-
2188 631 2220 680 2

140 721 176 760 5
205 725 360 766 muS.
425 707 490 766 in
518 705 822 786 ‘uernaclis
863 703 962 766 uel
993 705 1201 766 aulicis
1246 711 1365 766 tam
1403 707 1637 784 inpiuS,
1680 714 1801 768 tam
1847 709 2143 785 pertinax„
2184 715 2216 763 3

205 797 328 850 tam
358 809 555 870 asper,
591 797 656 851 ut
685 792 851 850 serui
878 789 1044 850 illum
1079 790 1170 849 sui
1201 808 1322 850 non
1354 790 1682 851 Macrinum
1716 791 2004 863 dicerent,
2042 793 2149 854 sed

203 875 606 946 Macellinum,
641 875 801 953 quod
833 874 1066 935 macelli
1097 877 1299 954 specie
1331 875 1543 935 domus
1575 877 1703 936 eius
1727 883 2147 953 cruentaretur

206 963 502 1038 sanguine
531 960 938 1021 uernularum.
981 961 1110 1020 uini
1141 958 1376 1038 cibique
1408 960 1811 1030 auidissimuS,
1844 979 2143 1024 nonnum·
2183 972 2219 1020 4

205 1064 383 1124 quam
413 1064 602 1125 usque
635 1046 705 1106 ad
740 1045 1106 1113 ebrietatem,
1141 1046 1244 1104 sed
1278 1046 1639 1122 uespertinis
1670 1045 1853 1106 horiS.
1915 1066 2055 1108 nam
2097 1051 2149 1109 si

119 1147 174 1184 ιο
201 1129 546 1210 prandisset
575 1130 673 1190 uel
703 1131 983 1209 priuatim
1015 1131 1422 1209 parcissimus,
1455 1131 1517 1188 in
1549 1148 1695 1190 cena
1728 1131 2142 1195 effusissimuS.
2185 1142 2217 1190 5

204 1215 483 1275 adhibuit
511 1217 789 1276 conuiuio
821 1215 1130 1284 litteratos
1163 1222 1228 1274 ut
1264 1214 1515 1291 loquens
1548 1214 1623 1275 de
1650 1215 1857 1276 studiis
1882 1215 2143 1278 liberali-

203 1299 318 1360 bus
348 1303 691 1362 necessario
723 1299 1052 1361 abstemius
1081 1307 1248 1360 esset.

335 1386 453 1446 Sed
485 1405 620 1446 cum
655 1387 782 1446 eius
813 1385 1104 1446 uilitatem
1137 1384 1412 1448 homines
1442 1386 1747 1462 antiquam
1788 1387 2139 1463 cogitarent,
2167 1381 2249 1445 14

205 1470 616 1532 crudelitatem
672 1489 910 1531 morum
968 1471 1275 1539 uiderent,
1333 1469 1639 1531 hominem
1687 1470 2029 1548 putidulum
2079 1475 2141 1532 in

126 1569 177 1608 15
207 1557 459 1634 imperio
489 1557 651 1616 ferre
683 1573 804 1615 non
835 1562 1108 1634 possent,
1145 1562 1202 1615 et
1231 1556 1488 1615 maxime
1520 1555 1785 1632 milites,
1813 1557 1915 1632 qui
1956 1557 2143 1618 multa

209 1643 334 1700 eius
389 1643 788 1701 meminerant
834 1641 1242 1701 funestissima
1298 1646 1358 1699 et
1410 1640 1729 1717 aliquando
1776 1642 2139 1720 turpissima,

203 1727 350 1787 inita
378 1727 634 1786 factione
663 1724 834 1784 illum
861 1725 1210 1786 occiderunt
1235 1743 1373 1786 cum
1396 1743 1589 1804 puero
1614 1744 1721 1786 suo
1747 1724 2139 1797 Diadumeno,

205 1810 430 1870 scilicet
458 1813 760 1870 Antonino
793 1812 1176 1887 cognomine,
1211 1809 1285 1869 de
1316 1829 1435 1888 quo
1466 1809 1691 1870 dictum
1726 1817 1842 1878 est,
1890 1811 2047 1890 quod
2077 1813 2139 1883 in

207 1897 428 1956 somnis
460 1897 792 1956 Antoninus
822 1896 1052 1956 fuisset.
1117 1893 1277 1956 unde
1311 1897 1484 1954 etiam
1530 1913 1741 1956 uersus
1785 1902 1987 1956 extant
2029 1896 2138 1956 hu·
2179 1901 2211 1948 2

119 1994 177 2032 20
207 1981 488 2042 iusmodi:

291 2066 558 2126 Vidimus
586 2066 650 2125 in
681 2066 906 2126 somnis
938 2066 1120 2133 ciueS,
1154 2065 1269 2124 nisi
1300 2061 1491 2131 fallor,
1529 2069 1587 2122 et
1617 2063 1809 2123 istud:

289 2152 723 2211 Antoninorum
759 2167 977 2210 nomen
1009 2167 1160 2228 puer
1190 2148 1291 2208 ille
1322 2146 1587 2224 gerebat,

291 2237 389 2312 qui
417 2241 590 2314 patre
619 2235 818 2296 uenali
848 2237 1088 2312 genitus
1121 2233 1226 2294 sed
1257 2238 1449 2293 matre
1479 2232 1713 2310 pudica,

290 2324 529 2380 centum
560 2339 700 2380 nam
729 2320 1014 2380 moechos
1053 2336 1227 2398 passa
1274 2324 1365 2378 est
1394 2325 1753 2397 centumque
1792 2318 2048 2395 rogauit.

129 2417 182 2456 25
295 2406 424 2484 ipse
457 2407 632 2466 etiam
665 2405 868 2466 caluus
900 2403 1188 2464 moechus
1218 2404 1347 2472 fuit,
1380 2403 1520 2462 inde
1550 2404 1829 2463 maritus:

291 2509 361 2550 en
393 2490 553 2559 Pius,
591 2509 674 2550 en·
695 2491 950 2558 Marcus,
984 2491 1176 2551 Verus
1208 2507 1345 2550 nam
1378 2505 1497 2548 non
1528 2489 1643 2548 fuit
1670 2487 1789 2548 ille.

211 2580 266 2632 et
291 2575 390 2636 isti
420 2592 638 2636 uersus
672 2594 745 2634 ex
777 2575 1007 2635 Graeco
1051 2573 1324 2635 translati
1366 2580 1507 2632 sunt
1550 2574 1611 2632 in
1651 2572 1955 2643 Latinum,
2000 2593 2137 2634 nam
2175 2579 2207 2626 3

209 2656 430 2730 Graece
463 2666 604 2720 sunt
634 2660 1026 2720 disertissimi.
1091 2659 1375 2720 uidentur
1406 2665 1601 2717 autem
1636 2657 1780 2718 mihi
1825 2659 1897 2719 ab
1942 2658 2138 2735 aliquo

304 2864 330 2911 1
356 2861 680 2927 uoluptates
703 2861 808 2912 BP
919 2863 949 2910 5
973 2859 1235 2910 uerandis
1257 2859 1364 2909 BP
1385 2859 1522 2913 eece.1
1549 2860 1855 2910 ueredariis
1879 2858 2021 2910 exc.²
2046 2875 2141 2909 ue-

207 2931 462 2980 nerandis
486 2930 554 2979 M
580 2929 827 2980 uernulis
853 2929 1087 2994 Scaliger
1117 2928 1436 2978 uernaculis
1459 2931 1592 2992 uoly.
1630 2928 1907 2977 uernaclis
1932 2927 1973 2977 S
2100 2929 2140 2996 ‚7

207 2998 578 3048 marcellinum
600 2995 730 3046 BPl
757 3014 872 3048 exc.
1012 2999 1043 3047 8
1071 2997 1337 3061 cibusque
1362 2995 1489 3046 BP¹
1516 3013 1631 3050 ecce.
1772 2999 1802 3046 9
1828 2995 2140 3060 prandidis-

209 3070 290 3114 set
312 3066 364 3115 B
497 3068 570 3123 ,10
592 3065 689 3116 uel
713 3065 976 3130 priuatim
998 3068 1135 3116 inter
1158 3080 1567 3130 nonnumquam
1592 3073 1644 3116 et
1664 3079 1839 3128 usque
1866 3064 1948 3114 ad*
1964 3065 2139 3114 ebrie-

207 3137 374 3184 tatem
399 3151 512 3185 esse
535 3137 820 3198 ponendum
842 3133 962 3183 mihi
983 3136 1187 3184 uidetur
1353 3136 1415 3183 12
1444 3139 1593 3184 esset
1618 3135 1739 3186 add.
1767 3133 1807 3182 S
1831 3133 2141 3184 abstineret

206 3201 267 3250 M
399 3204 466 3252 14
488 3203 684 3251 mirum
706 3201 810 3252 BP
830 3202 1054 3252 nimiam
1078 3203 1146 3276 M
1163 3217 1372 3253 morum
1397 3203 1439 3252 S
1578 3205 1640 3253 16
1664 3201 1955 3252 memirant
1978 3201 2030 3249 B
2044 3199 2144 3252 ¹P²

209 3308 266 3369 '17
305 3303 564 3370 diadumo
589 3319 716 3370 BP¹
823 3323 886 3371 21
915 3325 972 3372 et
999 3267 1122 3372 studd
1148 3321 1199 3371 B
1305 3325 1368 3372 22
1394 3323 1477 3371 illi
1499 3323 1551 3372 B
1656 3325 1720 3374 23
1755 3339 1859 3374 nec
1884 3326 2059 3373 matre
2086 3340 2138 3387 p.

209 3386 247 3435 S
377 3390 442 3438 25
469 3389 663 3440 calbus
686 3389 791 3439 BP
809 3389 948 3440 eoee.¹
1090 3391 1207 3439 inte
1231 3390 1338 3440 BP
1358 3389 1499 3444 eoec.¹
1535 3395 1665 3440 ante
1692 3391 1833 3444 exc.²
1980 3393 2045 3440 27
2072 3407 2139 3440 ex

207 3456 465 3506 translati
488 3456 593 3507 BP
613 3473 728 3510 eaec.
865 3459 930 3508 28
965 3459 1328 3508 disertissime
1353 3458 1458 3508 BP
1478 3457 1617 3511 eoec.¹
1751 3461 1877 3523 fort.
1904 3467 2142 3522 transpo-

207 3524 399 3574 nendae
431 3517 745 3576 sententiae:
789 3527 1052 3576 translati
1085 3531 1210 3576 sunt
1254 3527 1313 3576 iti
1338 3527 1625 3578 Latinum.
1656 3528 1921 3578 uidentur
1954 3532 2141 3576 autem

280 3640 488 3681 sempr.
522 3644 670 3678 iusr.
697 3643 827 3679 Ave.
875 3631 918 3680 Ι.
1474 3617 1483 3622 ’
1671 3611 1748 3674 13
