2517 3884
698 213 905 270 mmvs
948 213 1269 271 IVLIANVS.
1360 213 1417 270 c.
1463 217 1633 268 2—.4.
1942 282 1943 285 a
2007 207 2130 272 119

348 381 525 442 Tunc
555 380 817 441 lulianus
847 381 1119 454 Flauium
1152 379 1461 442 Genialem
1506 387 1566 441 et
1595 376 1862 441 Tullium
1895 380 2122 459 Crispi·
2160 379 2200 442 3

182 485 321 528 num
354 466 657 545 suffragiis
685 468 1205 545 praetorianorum
1247 467 1438 545 praef.
1483 466 1773 545 praetorii
1815 466 1958 526 fecit
2011 467 2118 526 sti-

180 560 477 631 patusque
520 559 613 613 est
655 562 895 612 caterua
937 553 1325 631 imperatoria
1366 569 1477 630 per
1517 551 1952 620 Maurentium,
2018 553 2122 627 qui

183 645 237 698 et
263 645 405 698 ante
438 635 783 716 Sulpiciano
816 638 1225 698 coniunxerat.
1267 683 1271 687 ⁴
1305 655 1448 697 sane
1491 653 1629 696 cum
1681 637 1894 697 uicena
1937 637 2118 713 quina
2159 647 2190 694 2

134 739 159 777 5
184 722 339 782 milia
382 720 679 784 militibus
729 723 1136 800 promisisset,
1183 722 1412 782 tricena
1465 721 1649 783 dedit.
1725 720 1864 781 dein
1917 720 2119 781 habita
2161 732 2192 778 3

182 809 461 868 contione
505 807 748 868 militari
792 825 1047 886 uespera
1087 809 1150 867 in
1182 814 1458 868 senatum
1504 807 1668 867 uenit
1714 812 2024 885 totumque
2054 824 2122 866 se

182 894 416 953 senatui
446 894 725 972 permisit
763 893 1043 969 factoque
1076 899 1320 952 senatus
1359 891 1631 952 consulto
1664 892 1994 970 imperator
2027 898 2119 952 est

179 976 513 1057 appellatus
558 982 618 1038 et
645 977 1028 1038 tribuniciam
1080 983 1435 1056 potestatem
1474 978 1570 1037 ius
1598 975 2027 1055 proconsulare
2056 978 2116 1036 in

23 1125 25 1146 Ι
178 1063 457 1142 patricias
482 1061 771 1124 .familias
830 1062 1053 1123 relatus
1113 1063 1386 1122 emeruit.
1477 1080 1629 1123 uxor
1690 1063 1867 1122 etiam
1919 1060 2117 1121 Mallia
2154 1073 2188 1118 4

23 1157 25 1162 '
114 1163 157 1201 ιο
182 1145 466 1209 Scantilla
498 1154 559 1208 et
588 1147 706 1208 fil-ia
738 1149 866 1208 eius
896 1147 1065 1208 Didia
1080 1147 1250 1209 Clara
1264 1149 1564 1226 Augustae
1594 1153 1734 1206 sunt
1763 1145 2112 1225 appellatae.

179 1233 315 1292 inde
372 1251 440 1294 se
486 1232 559 1292 ad
591 1232 881 1294 Palatium
922 1234 1149 1310 recepit
1178 1249 1369 1293 uxore
1406 1249 1474 1292 ac
1527 1231 1828 1293 filia'·illuc
1867 1232 2114 1300 uocatis,
2155 1247 2186 1292 5

182 1317 429 1397 trepidis
490 1319 811 1397 inuitisque
871 1317 1352 1386 transeuntibuS,
1415 1317 1587 1393 quasi
1639 1315 1757 1375 iam
1798 1317 2120 1376 imminens

179 1401 423 1464 exitium
455 1404 889 1482 praesagirent.
965 1403 1338 1482 praefectum
1369 1400 1506 1462 urbi
1523 1399 1865 1463 Cornelium
1879 1401 2116 1479 Repen-
2157 1415 2188 1462 6

178 1491 388 1557 tinum,
422 1503 717 1566 generum
772 1506 977 1556 suum,
1021 1488 1165 1547 fecit
1206 1489 1272 1548 in
1319 1486 1514 1547 locum
1550 1485 1895 1566 Sulpiciani.
1975 1486 2116 1547 Erat
2157 1501 2186 1549 7

112 1588 155 1627 ιε.
179 1574 413 1634 interea
440 1574 503 1633 in
536 1573 673 1632 odio
702 1572 912 1651 populi
940 1571 1147 1632 Didius
1177 1571 1445 1633 Iulianus
1489 1571 1564 1632 ob
1613 1570 1728 1631 hoc
1771 1569 1928 1648 quod
1977 1589 2120 1630 cre-

178 1659 365 1719 ditum
406 1658 634 1726 fuerat,
681 1656 1158 1717 emendationem
1202 1665 1542 1736 temporum
1587 1655 1894 1718 Commodi
1925 1657 2114 1718 Perti-

177 1745 340 1804 nacis
370 1745 725 1804 auctoritate
756 1741 1170 1821 reparandam,
1204 1739 1659 1820 habebaturque
1688 1742 1788 1810 ita,
1823 1742 1990 1819 quasi
2021 1737 2117 1800 lu-

175 1828 317 1890 liani
358 1827 609 1888 consilio
672 1835 830 1888 esset
858 1825 1273 1906 interemptus
1351 1834 1410 1887 et
1447 1827 1566 1886 iam
1606 1825 1668 1885 hi
1708 1827 1973 1904 primum
2013 1827 2119 1904 qui
2155 1843 2187 1890 8

178 1913 471 1974 Iulianum
528 1913 725 1973 odisse
778 1919 1103 1991 coeperant
1154 1912 1646 1980 disseminarunt,
1690 1912 1884 1989 prima
1916 1912 2118 1970 statim

112 1999 272 2060 20die
313 1998 647 2059 Pertinacis
688 2016 836 2058 cena
878 1997 1155 2076 despecta
1200 1997 1579 2057 luxuriosum
1618 2013 1866 2073 parasse
1909 1996 2115 2054 conui-

180 2085 345 2145 uium
391 2084 609 2144 ostreis
656 2091 716 2144 et
763 2081 1025 2142 altilibus
1071 2089 1129 2142 et
1181 2079 1450 2160 piscibus
1507 2079 1878 2141 adornatum.
1957 2078 2116 2157 quod

176 2168 395 2229 falsum
436 2169 621 2228 fuisse
666 2175 912 2228 constat.
990 2185 1128 2227 nam
1168 2165 1435 2226 Iulianus
1473 2171 1670 2224 tantae
1714 2165 1878 2242 parsi
1944 2165 2115 2223 oniae
2155 2182 2185 2227 9

177 2255 363 2313 fuisse
391 2251 767 2332 perhibetur,
802 2260 868 2312 ut
898 2269 1007 2330 per
1032 2251 1298 2312 triduum
1321 2248 1675 2328 porcellum,
1710 2267 1820 2328 per
1852 2248 1927 2308 tri
1973 2267 2116 2308 uum

178 2338 447 2418 leporem
483 2337 796 2406 diuideret,
844 2339 893 2396 si
926 2339 1061 2414 quis
1094 2337 1149 2396 ei
1180 2336 1337 2396 forte
1368 2335 1655 2404 misisset,
1703 2351 1882 2412 saepe
1915 2340 2113 2394 autem

113 2435 157 2474 25
184 2421 345 2484 nulla
378 2423 673 2482 existente
714 2420 1006 2499 religione
1050 2419 1362 2482 holeribus
1403 2417 1930 2498 leguminibusque
1971 2437 2114 2479 con-

178 2515 379 2569 tentus
409 2509 539 2568 sine
572 2525 752 2568 carne
784 2509 1109 2568 cenauerit.
1160 2504 1374 2566 deinde
1406 2521 1604 2582 neque
1636 2506 1889 2573 cenauit,
1915 2505 2112 2582 prius·
2158 2524 2220 2571 10

181 2610 357 2669 quam
390 2591 663 2671 sepultus
704 2599 863 2652 esset
902 2589 1217 2660 Pertinax,
1281 2597 1342 2650 et
1390 2591 1766 2651 tristissimus
1808 2587 2006 2649 cibum
2039 2588 2116 2649 ob

182 2679 307 2739 eius
336 2695 551 2740 necem
582 2678 859 2756 sumpsit,
894 2684 953 2736 et
982 2678 1237 2756 primam
1271 2682 1507 2736 noctem
1549 2674 1772 2753 uigiliis
1803 2676 2114 2734 continua-

180 2765 284 2832 uit,
319 2762 395 2822 de
424 2768 589 2837 tanta
618 2764 977 2822 necessitate
1012 2761 1320 2822 sollicitus.

114 2859 158 2898 ³³
351 2847 464 2908 Vbi
496 2865 642 2908 uero
673 2849 935 2926 primum
968 2845 1204 2916 inluxit,
1235 2853 1510 2906 senatum
1543 2852 1602 2907 et
1643 2853 1985 2922 equestrem
2017 2859 2116 2902 or-
2147 2851 2190 2914 4

182 2931 379 2994 dinem
410 2934 473 2994 in
504 2930 793 2993 Palatium
826 2933 1167 2992 uenientem
1210 2931 1452 2991 admisit
1492 2937 1670 3006 atque
1713 2945 2116 3004 unumquem-

282 3135 310 3184 1
335 3134 563 3186 flabium
584 3134 689 3184 BP
824 3134 1141 3199 cryspinum
1163 3132 1215 3182 B
1361 3136 1396 3182 4
1418 3136 1549 3182 ante
1576 3147 1635 3182 se
1659 3130 1727 3181 M
1859 3109 2115 3182 coniunc-

179 3205 338 3252 xerat
362 3202 415 3252 B
554 3203 586 3252 5
610 3203 671 3252 in
694 3198 816 3251 BP1
852 3198 919 3251 ‘ffi
946 3201 1019 3251 Ρ2
1064 3202 1193 3252 inde
1220 3201 1288 3252 M
1331 3201 1461 3250 dein
1485 3203 1677 3264 scripsi
1699 3196 1946 3263 (Jordan)
2085 3201 2116 3248 6

184 3271 499 3321 contionem
524 3270 625 3320 BP
763 3270 825 3320 10
850 3269 1110 3320 sanctilla
1133 3269 1201 3319 P¹
1248 3308 1253 3314 .
1344 3273 1407 3320 12
1443 3268 1639 3318 inuitis
1665 3283 1730 3318 eo
1765 3267 1934 3316 BPM
1974 3267 2116 3316 inui-

182 3340 364 3404 tisque
388 3339 581 3403 ser-ipsi
716 3340 779 3388 17
805 3337 1172 3402 reparandum
1193 3336 1297 3388 BP
1433 3337 1497 3389 18
1523 3340 1674 3386 esset
1695 3336 1964 3386 Pertinax
1987 3334 2054 3384 M

180 3405 530 3472 interemptis
553 3405 605 3455 B
721 3407 892 3456 etiam
914 3407 973 3456 in
996 3407 1229 3472 primum
1251 3405 1354 3456 Iul.
1379 3404 1430 3454 B
1449 3406 1577 3469 fort.
1605 3409 1662 3455 et
1685 3408 1747 3455 ut
1773 3404 2004 3469 primum
2027 3403 2116 3452 Iu·

180 3472 389 3524 lianum
512 3477 579 3526 20
603 3474 942 3525 luxoriosum
966 3475 1017 3524 B
1154 3476 1222 3524 24
1248 3473 1314 3538 „ei
1337 3474 1439 3523 ΒΡ
1468 3479 1505 3524 t.
1533 3473 1684 3524 Iord.
1823 3474 1889 3520 29
1925 3473 2116 3520 tantas

180 3541 553 3594 necessitates
576 3540 700 3592 ΒΡ1
