2517 3884
373 168 494 231 150
1079 174 1297 229 FLAVll
1346 174 1591 229 VOPlSCl
1821 198 1851 239 s

366 342 701 419 inspectos,
747 358 940 419 neque
985 342 1152 418 prius
1197 339 1347 399 mala
1380 339 1615 418 publica
1660 358 1797 399 esse
1826 339 1985 399 finita
2022 356 2198 416 quam
2232 338 2306 401 ex

262 486 266 495 ,
299 436 331 483 3
367 427 420 485 is
477 426 902 487 sacrificiorum
964 426 1257 503 processit
1318 426 1709 484 auctorita5.“
1812 424 1982 483 Tunc
2042 426 2306 485 surrexit

290 546 301 553 ·
365 512 594 589 primae
641 512 970 571 sententiae
1004 509 1208 589 leius
1239 508 1477 569 Silanus
1520 505 1697 585 atq‘ue
1738 510 1819 569 ita
1862 508 2145 585 loquutus
2179 516 2298 569 est:

366 596 562 664 „Sero
609 596 813 662 nimiS‚
875 612 930 671 p.
977 613 1060 663 c.,
1124 594 1198 653 de
1241 595 1330 653 rei
1362 612 1417 678 p.
1467 594 1655 653 salute
1716 593 2113 661 consulimur,
2164 612 2301 655 sero

367 680 437 739 ad
501 679 697 739 satalia
755 680 911 738 iussa
958 679 1315 756 respicimus
1374 696 1543 739 more
1588 676 2028 755 languentium,
2092 680 2195 755 qui
2228 677 2299 737 ad
2358 693 2384 733 5

367 782 632 824 summos
675 763 940 823 medicos
983 765 1102 822 nisi
1145 759 1206 822 in
1268 782 1497 823 summa
1542 763 1962 841 desperatione
2004 782 2125 822 non
2169 764 2301 821 mit-

364 855 515 917 tunt,
563 848 814 925 proinde
855 850 1024 927 quasi
1066 848 1453 926 peritioribus
1499 849 1649 907 uiris
1690 849 1880 907 maior
1924 846 2196 909 facienda
2228 850 2305 905 sit

297 941 330 988 4
365 950 540 999 cura,
578 950 711 993 cum
743 932 1018 996 omnibus
1051 932 1277 993 morbis
1310 934 1545 993 occurri
1576 934 1653 993 sit
1682 933 1909 993 melius,
1946 932 2305 991 meministis

365 1018 554 1084 enim,
600 1035 654 1095 p.
693 1036 762 1086 c„
811 1036 904 1077 me
956 1018 1018 1076 in
1075 1016 1187 1077 hoc
1235 1017 1445 1079 ordine
1492 1036 1672 1095 saepe
1705 1016 1956 1085 dixisse,
2018 1019 2137 1076 iam
2174 1022 2299 1075 tum

365 1120 499 1161 cum
531 1103 792 1179 primum
825 1104 1156 1162 nuntiatum
1191 1108 1309 1172 est,
1342 1102 1797 1163 Marcomannos
1829 1102 2119 1179 erupisse,
2156 1118 2299 1160 con·
2333 1115 2383 1153 10
2440 1146 2447 1158 .

367 1182 614 1247 sulenda
659 1186 916 1265 Sibyllae
957 1186 1224 1255 decreta,
1275 1186 1564 1247 utendum
1622 1185 1914 1265 Apollinis
1974 1185 2300 1252 beneficiis,

364 1289 709 1331 recussasse
742 1290 888 1331 uero
920 1271 1229 1349 quosdam,
1266 1280 1325 1331 et
1358 1290 1491 1331 cum
1524 1270 1751 1347 ingenti
1778 1270 2073 1331 calumnia
2097 1288 2301 1341 recu-s·

365 1374 546 1424 sasse,
593 1374 724 1415 cum
760 1356 1052 1415 adulando
1070 1356 1382 1424 dicerent,
1429 1362 1652 1415 tantam
1684 1357 1969 1435 principis
1999 1354 2305 1415 Aureliani

365 1458 494 1499 esse
527 1442 812 1501 uirtutem
844 1450 910 1499 ut
939 1459 1090 1519 opus
1123 1459 1240 1499 non
1276 1442 1353 1499 sit
1382 1440 1526 1500 deos
1558 1441 1809 1508 consuli,
1846 1439 2101 1517 proinde
2134 1442 2307 1515 quasi

365 1532 424 1585 et
454 1526 583 1601 ipse
615 1526 708 1584 uir
739 1542 989 1601 magnus
1023 1543 1140 1583 non
1173 1525 1317 1585 deos
1350 1524 1528 1593 colat,
1592 1543 1707 1584 non
1744 1524 1817 1584 de
1849 1525 1941 1586 dis
1971 1522 2303 1584 inmortali·
2334 1537 2385 1577 15

299 1620 330 1667 5
365 1608 480 1667 bus
513 1616 732 1687 speret.
813 1609 951 1685 quid
985 1608 1190 1687 plura?
1269 1610 1607 1688 audiuimus
1650 1609 1910 1675 litteras,
1956 1608 2173 1685 quibus
2204 1628 2303 1667 ro-

297 1702 328 1750 6
365 1694 530 1769 gauit
560 1711 735 1770 opem
768 1693 882 1761 dei,
921 1701 983 1753 ut
1013 1695 1108 1753 uir
1140 1694 1502 1754 fortissimus
1532 1694 1871 1755 adiuuetur.
1922 1695 2075 1771 agite
2098 1694 2303 1770 igitur,

362 1778 705 1854 pontificeS‚
741 1796 855 1856 qua
888 1780 1051 1855 puri,
1087 1794 1200 1855 qua
1231 1778 1473 1847 mundi,
1521 1795 1634 1855 qua
1664 1780 1883 1848 sancti,
1933 1795 2047 1855 qua
2082 1779 2303 1837 uestitu

369 1863 702 1940 animisque
733 1864 919 1922 sacris
955 1864 1280 1929 commodi,
1314 1863 1601 1941 tem-plum
1634 1864 1969 1931 ascendite,
2016 1861 2302 1923 subsellia

365 1945 626 2006 laureata
658 1949 1014 2015 constituite,
1057 1947 1273 2007 uelatis
1303 1948 1577 2007 manibus
1620 1947 1805 2007 libros
1842 1947 2122 2015 euoluite,
2186 1948 2302 2007 fata
2330 1961 2383 2001 20

265 2028 350 2093 20
369 2034 454 2091 rei
488 2050 567 2109 p.,
604 2050 755 2110 quae
789 2040 930 2093 sunt
971 2038 1244 2101 aeterna,
1290 2034 1689 2111 perquirite.“
1722 2034 1725 2039 “
1762 2032 1903 2093 Post
1934 2031 2091 2093 haecv
2112 2032 2299 2091 inter-

366 2118 557 2193 rogati
601 2116 870 2196 plerique
912 2124 1218 2177 senatores
1266 2119 1591 2177 sententias
1634 2117 1943 2185 dixerunt,
1992 2133 2139 2193 quas
2173 2115 2301 2175 lon-

298 2212 328 2258 2
362 2218 506 2277 gum
551 2208 642 2261 est
682 2204 1010 2262 innectere.
1088 2202 1306 2261 deinde
1367 2202 1497 2261 aliis
1560 2219 1771 2261 manus
1832 2200 2299 2280 porrigentibus

366 2284 496 2344 aliis
528 2286 779 2361 pedibus
809 2288 870 2345 in
903 2290 1230 2367 sententias
1264 2286 1563 2355 euntibuS,
1596 2287 1905 2365 plerisque
1937 2284 2126 2345 uerbo
2160 2303 2299 2345 con-

297 2382 328 2428 3
367 2370 762 2429 sentientibus
795 2370 1095 2429 conditum
1131 2377 1218 2429 est
1253 2377 1493 2431 senatus
1522 2370 1877 2431 consultum.
1911 2371 2058 2429 itum
2088 2368 2303 2430 deinde
2330 2380 2379 2420 25

349 2452 435 2536 ,ad
467 2453 751 2530 templum
773 2498 786 2519 ‚
851 2456 1104 2532 inspecti
1135 2454 1301 2523 libri,
1337 2455 1554 2533 proditi
1587 2474 1824 2523 uersuS,
1860 2454 2104 2515 lustrata
2135 2452 2300 2520 urbs,

365 2545 596 2597 cantata
629 2538 908 2605 carmina,
935 2536 1309 2599 amburbium
1344 2540 1731 2607 celebratum,
1760 2537 2117 2600 ambarualia
2164 2556 2302 2617 pro·

365 2622 564 2691 missa,
599 2630 772 2697 atque
803 2624 880 2681 ita
914 2622 1309 2691 sollemnitas,
1346 2640 1497 2701 quae
1528 2624 1877 2693 iubebatur,
1924 2623 2160 2702 expleta
2192 2630 2299 2681 est.

297 2718 332 2765 4
497 2706 759 2784 Epistula
821 2707 1122 2767 Aureliani
1183 2708 1255 2767 de
1318 2708 1487 2768 libris
1531 2708 1849 2788 Sibyllinis.
1916 2726 2049 2768 nam
2110 2708 2301 2785 ipsam

297 2802 329 2849 5
366 2798 602 2869 quoque
662 2791 845 2851 indidi
904 2792 974 2852 ad
1037 2792 1212 2852 fidem
1276 2805 1498 2853 rerum.
1576 2794 1831 2862 „Miror,
1896 2811 2033 2861 uOS,
2100 2798 2298 2869 patres
2324 2811 2371 2850 so
2514 2806 2516 2845 l

365 2878 580 2943 sancti,
644 2875 867 2960 tamdiu
911 2876 984 2935 de
1028 2877 1368 2955 aperiendis
1401 2877 1705 2955 Sibyllinis
1760 2877 2064 2937 dubitasse
2112 2876 2300 2943 libris,

499 3013 530 3059 2
555 3010 642 3059 his
667 3010 770 3059 BP
901 3012 935 3060 4
961 3012 1294 3061 consulimus
1322 3013 1383 3061 M
1504 3014 1534 3061 7
1562 3012 1929 3076 peritionibus
1954 3012 2008 3060 Β·
2128 3014 2187 3059 11
2216 3025 2304 3073 sy-

362 3076 529 3127 billae
555 3078 658 3127 BP
791 3079 1081 3128 uttendum
1106 3078 1156 3127 B
1298 3082 1359 3130 13
1382 3079 1669 3129 Aureliani
1692 3096 1785 3133 om.
1815 3080 1878 3129 M
2010 3080 2074 3127 16
2098 3078 2303 3127 litteris

364 3144 467 3193 BP
601 3148 664 3195 18
691 3161 851 3209 quam
877 3163 927 3211 p.
956 3162 1117 3211 quam
1144 3163 1208 3195 m.
1235 3146 1317 3196 Β3
1434 3163 1541 3211 qua
1565 3148 1756 3197 mundi
1780 3146 1858 3196 B¹
1888 3162 1995 3209 qua
2022 3146 2205 3195 sancti
2232 3143 2304 3193 3²

498 3214 564 3261 20
587 3211 836 3262 laureate
865 3213 937 3263 Ρ1
1101 3220 1358 3265 constute
1386 3216 1435 3264 P
1588 3216 1811 3263 uetanis
1842 3214 1964 3263 ΒΡΙ
2014 3213 2303 3263 ueteranis

318 3304 324 3309 -
363 3278 508 3327 P⁸M
527 3295 616 3327 em.
647 3280 687 3327 S
821 3286 943 3330 rata
968 3282 1136 3331 BPM
1292 3284 1357 3331 26
1380 3283 1556 3331 lustra
1582 3280 1707 3331 B¹P
1718 3281 1731 3313 ¹
1758 3298 1895 3333 corr.
1921 3279 2075 3330 B³P³
2236 3282 2300 3329 27

362 3346 687 3395 anburbium
719 3348 823 3397 BP
979 3350 1312 3399 anbarbaria.
1345 3350 1448 3399 BP
1490 3349 1839 3399 amburbario
1872 3350 1939 3399 M
2094 3350 2161 3398 28
2196 3346 2303 3397 sol-

362 3413 661 3543 ffitssffitfs
694 3414 744 3462 B
789 3415 884 3477 (sie
913 3416 1028 3478 fere
1051 3417 1274 3481 semper)
1437 3418 1660 3466 iubetur
1688 3416 1755 3465 P¹
1922 3419 1983 3465 31
2020 3415 2301 3479 sybillinis

542 3497 584 3529 vs
1373 3513 1380 3519 -
