2517 3884
444 199 820 258 ANTONINVS
861 201 1402 260 HELIOGABALIVS.
1492 203 1548 260 C.
1581 208 1817 259 25—-28.
1974 198 2100 264 221

164 378 280 440 tur,
313 374 450 449 post
482 367 820 430 contionem
851 370 1263 448 pronuntiauit
1305 367 1397 430 his
1439 359 1609 448 quasi
1648 369 1937 432 militibus
1975 377 2100 432 ter-

163 475 274 515 nos
315 472 530 516 aureos
573 453 920 514 donatiuum
959 456 1228 534 petitque
1270 453 1343 514 ab
1384 452 1477 515 his
1518 460 1647 516 uta
1680 455 1770 515 dis
1798 463 2095 536 peterent,

163 549 230 600 ut
259 539 408 600 alios
438 539 735 600 habe-’ret
719 541 864 618 ipsis
897 539 1421 600 commendandos.
1484 539 1788 601 iocabatur
1831 559 1973 602 sane
2016 542 2101 605 ita
2136 550 2165 598 7
2201 551 2203 562 ·

141 645 298 686 cum
327 625 523 686 seruis
554 631 618 684 ut
649 643 752 684 eos
782 624 1022 685 iuberet
1061 623 1303 684 millena
1345 625 1544 703 pondo
1587 625 1703 686 sibi
1742 644 2099 688 aranearum
2145 670 2149 678 -

109 725 136 765 5
164 710 399 771 deferre
439 711 752 788 proposito
795 711 1092 789 praemio,
1139 709 1571 789 collegisseque
1614 709 1831 771 dicitur
1886 710 2097 773 decem

160 795 320 856 milia
371 794 574 874 pondo
627 812 981 856 aranearum
1027 794 1266 865 dicenS,
1330 800 1389 854 et
1445 794 1585 856 hinc
1630 795 2099 874 intellegendum

163 898 334 958 quam
367 897 581 958 magna
615 885 774 940 esset
802 879 1006 941 Roma.
1071 842 1345 940 mittebat
1374 882 1651 965 parasitis
1694 900 1803 960 pro
1854 879 2097 942 cellario
2134 893 2165 940 8

161 965 356 1025 salarii
388 983 586 1024 annua
617 983 758 1024 uasa
792 983 927 1024 cum
959 966 1119 1040 ranis
1152 971 1211 1025 et
1243 966 1497 1042 scorpiis
1541 972 1601 1026 et
1631 984 1768 1026 cum
1800 969 2097 1046 serpenti-

163 1049 270 1110 bus
313 1056 376 1109 et
417 1048 761 1110 huiusmodi
789 1051 1094 1110 monstris,
1160 1049 1475 1110 claudebat
1503 1051 1567 1110 in
1598 1051 1962 1111 eiuscemodi
1992 1071 2096 1112 ua·
2136 1065 2167 1110 9

95 1152 140 1189 10
165 1137 244 1196 sis
272 1135 570 1194 infinitum
603 1151 965 1205 muscarum,
997 1153 1140 1214 apes
1169 1144 1509 1196 mansuetas
1542 1153 1642 1196 eas
1673 1134 1995 1213 appellans
2040 1204 2045 1209 ,

283 1219 615 1296 Quadrigas
646 1221 1001 1280 circensium
1030 1220 1094 1278 in
1122 1219 1399 1280 tricliniis
1432 1226 1493 1293 et
1520 1221 1582 1280 in
1612 1219 1941 1299 porticibus
1984 1219 2099 1280 sibi
2118 1218 2199 1282 27

167 1323 400 1383 semper
455 1303 725 1365 exhibuit
771 1306 1112 1384 pransitans
1156 1311 1214 1364 et
1245 1306 1543 1374 cenitans,
1603 1305 1887 1365 conuiuas
1920 1322 2099 1364 senes

167 1391 384 1466 agitare
417 1407 670 1468 cogens,
715 1387 1038 1450 nonnullos
1078 1389 1425 1450 honoratos.
1499 1391 1616 1452 iam
1646 1391 1975 1467 imperator
2004 1393 2094 1450 iu·-
2134 1404 2163 1450 2

165 1473 336 1536 bebat
367 1473 484 1534 sibi
515 1481 575 1534 et
604 1473 811 1534 decem
843 1475 1005 1534 milia
1034 1476 1296 1536 murium
1329 1473 1641 1545 exhiberi,-
1679 1474 1839 1536 mille
1872 1481 2097 1549 muste3

95 1576 142 1616 15
166 1557 265 1628 las,
297 1559 463 1620 mille
495 1561 740 1620 sorices,
806 1558 1126 1620 dulciarios
1159 1567 1219 1620 et
1248 1559 1525 1620 lactarios
1566 1559 1715 1620 tales
1752 1559 1987 1629 habuit,
2032 1567 2099 1620 ut
2134 1573 2165 1620 3

168 1662 572 1724 quaecumque
607 1645 783 1724 coqui
813 1644 886 1703 de
931 1644 1187 1705 diuersis
1232 1643 1505 1705 edulibus
1548 1645 1957 1706 exhibuissent
2000 1645 2098 1705 uel

169 1737 494 1790 structores
525 1728 624 1790 uel
653 1730 925 1809 pomarii,
971 1729 1056 1789 illi
1085 1728 1265 1790 modo
1298 1729 1371 1789 de
1406 1729 1619 1790 dulciis
1650 1730 1828 1790 modo
1870 1729 1944 1790 de
1976 1729 2096 1792 lac-

169 1816 328 1876 tariis
372 1813 747 1874 exhiberent.
815 1813 1081 1874 exhibuit
1121 1815 1399 1892 parasitis
1443 1833 1620 1875 cenas
1666 1822 1722 1874 et
1767 1814 1841 1875 de
1883 1817 2097 1876 uitreis
2132 1827 2166 1874 4

169 1907 222 1960 et
261 1916 712 1976 nonnumquam
755 1906 844 1959 tot
883 1901 1038 1982 picta
1081 1899 1363 1960 mantelia
1394 1901 1461 1959 in
1502 1916 1769 1960 mensam
1802 1899 2093 1970 mittebat,

97 2002 144 2040 20
167 1987 214 2045 is
245 1984 522 2045 edulibus
565 1986 723 2062 picta
767 2001 917 2060 quae
961 1983 1459 2064 adponerentur,-
1488 1991 1630 2061 quot
1670 1985 1893 2045 missus
1936 1992 2099 2045 esset

167 2069 491 2139 habituruS,
524 2070 604 2130 ita
639 2077 704 2128 ut
731 2068 805 2128 de
837 2087 946 2129 acu
978 2077 1077 2129 aut
1117 2068 1190 2128 de
1232 2067 1695 2147 textili-pictura
1741 2068 2096 2129 exhiberen-

166 2162 277 2215 tur.
341 2173 793 2234 nonnumquam
833 2162 1032 2215 tamen
1077 2163 1134 2212 et
1176 2153 1413 2214 tabulae
1456 2153 1571 2213 illis
1615 2154 1809 2232 pictae
1854 2153 2096 2214 exhibe·
2135 2166 2165 2214 5

167 2239 410 2308 bantur,
461 2241 537 2299 ita
592 2247 658 2299 ut
709 2241 880 2318 quasi
932 2240 1130 2298 omnia
1175 2237 1293 2298 illis
1338 2236 1765 2298 exhiberentur
1810 2245 1869 2298 et
1896 2245 2098 2298 tamen

166 2326 314 2386 fame
344 2332 821 2386 macerarentur.
881 2325 1120 2386 miscuit
1162 2341 1430 2402 gemmas
1474 2325 1669 2403 pomis
1712 2341 1781 2384 ac
1825 2323 2093 2386 floribus.
2135 2334 2165 2383 6

101 2427 144 2466 25
169 2412 298 2471 iecit
331 2417 392 2470 et
419 2427 530 2490 per
561 2410 886 2470 fenestram
919 2409 1086 2470 cibos
1113 2409 1364 2470 totidem
1399 2416 1545 2486 quot
1577 2408 1847 2471 exhibuit
1867 2410 2092 2470 amicis

165 2497 416 2556 iusserat
448 2501 508 2554 et
537 2513 826 2554 canonem
868 2513 925 2573 p.
961 2495 1030 2555 R.
1065 2497 1244 2555 unius
1290 2497 1430 2556 anni
1468 2495 1890 2559 meretricibus
1931 2495 2095 2556 leno·
2135 2507 2164 2554 7

168 2581 335 2642 nibus
369 2578 651 2640 exsoletis
681 2581 1104 2642 intramuranis
1137 2579 1299 2650 dari,
1346 2582 1781 2641 extramuranis
1813 2580 1927 2642 alio
1957 2600 2123 2659 pro--

168 2669 364 2735 misso,
400 2683 532 2725 cum
567 2683 638 2725 eo
670 2672 943 2743 tempore
973 2667 1136 2725 iuxta
1167 2667 1577 2745 prouisionem
1612 2665 1824 2726 Seueri
1856 2671 1917 2726 et
1946 2665 2093 2726 Tra-

170 2752 280 2810 iani
311 2757 546 2829 septem
576 2767 872 2810 annorum
901 2768 1092 2818 canon
1123 2749 1807 2811 frumentarius'Romae
1840 2757 2015 2811 esset.

104 2852 146 2892 30
289 2836 482 2896 Canes
513 2841 836 2914 quaternos
864 2837 1138 2912 ingentes
1169 2837 1363 2895 iunxit
1394 2836 1465 2894 ad
1499 2853 1744 2896 currum
1788 2842 1847 2895 et
1891 2837 1976 2895 sic
2008 2841 2098 2894 est
2115 2835 2197 2898 28

171 2927 436 2982 uectatus
478 2922 634 2980 intra
667 2920 907 2980 domum
950 2921 1177 2998 regiam
1217 2919 1497 2999 idemque
1536 2923 1806 2999 priuatus
1846 2921 1907 2980 in
1938 2920 2097 2997 agris

173 3007 284 3066 suis
314 3007 474 3066 fecit.
537 3005 832 3083 processit
871 3007 932 3064 in
963 3004 1267 3084 publicum
1303 3011 1361 3064 et
1392 3012 1669 3082 quattuor
1701 3006 1899 3065 ceruis
1927 3006 2093 3065 iunc-
2131 3021 2162 3067 2

172 3092 240 3150 tis
274 3087 635 3168 ingentibus.
699 3090 892 3150 iunxit
923 3090 1037 3150 sibi
1069 3097 1126 3149 et
1165 3089 1402 3159 leones,
1447 3089 1696 3150 Matrem
1726 3107 2000 3168 magnam
2032 3109 2095 3150 se

263 3263 294 3310 3
317 3261 444 3324 ipse
467 3258 519 3307 B
534 3257 550 3288 ¹
686 3260 721 3308 4
744 3273 1070 3309 areanarum
1093 3258 1145 3308 B
1282 3261 1313 3310 7
1342 3258 1565 3311 cellario
1589 3257 1757 3310 BPM
1775 3275 1866 3312 em.
1891 3259 1932 3309 S
2068 3261 2100 3309 8

175 3343 230 3376 an
255 3328 429 3378 annui
453 3329 536 3376 uel
558 3329 776 3377 annuo?
917 3327 1224 3392 scorpionis
1239 3326 1293 3376 B
1429 3331 1460 3378 9
1488 3327 1862 3379 cuiuscemodi
1886 3325 1956 3377 B1
1984 3328 2099 3378 eui-

172 3410 274 3446 use.
300 3393 386 3444 B²
557 3397 619 3446 13
643 3395 967 3460 imperatori
987 3395 1155 3446 BPM
1173 3411 1265 3446 em.
1294 3395 1337 3446 S
1502 3399 1567 3447 14
1589 3413 1801 3448 murum
1822 3397 1873 3446 B
2032 3398 2099 3445 20

170 3463 249 3513 his
271 3462 477 3513 BPM
461 3476 510 3512 1s
532 3465 722 3528 scripsi
811 3463 958 3530 quod
981 3465 1151 3514 misus
1174 3463 1280 3514 BP
1379 3465 1445 3516 25
1470 3465 1616 3532 quod
1639 3465 1743 3516 BP
1840 3467 1905 3517 31
1931 3463 2097 3528 idque

170 3530 331 3581 BPM
349 3529 606 3596 idemque
631 3534 820 3598 scripsi
955 3533 1022 3583 33
1045 3532 1260 3584 iuncxit
1286 3533 1337 3582 P
