2517 3884
580 186 933 246 COMMODVS
977 187 1374 246 ANTONINVS.
1440 189 1498 244 C.
1531 193 1765 247 11—13.
2074 185 2158 251 99

217 356 481 418 consule.
558 358 717 416 inter
747 355 896 416 11355
914 357 1190 418 refertur
1230 358 1292 417 in
1338 357 1596 427 litteraS,
1640 375 1940 436 pugnasse
1980 358 2148 420 illum
2187 366 2256 414 10

214 442 323 503 sub
354 450 529 522 patre
558 443 883 502 trecenties
915 444 1187 519 sexagies
1218 443 1557 522 quinquies,
1606 444 1748 502 item
1779 449 1988 522 postea
2015 452 2146 504 tan·
2187 445 2252 498 11¹¹

218 534 341 589 tum
370 526 717 607 palmarum·
754 525 1241 604 gladiatoriarum
1285 528 1614 589 confecisse
1657 527 1758 588 uel
1797 531 1973 590 uictis
2003 532 2145 590 reti-

214 615 353 673 ariis
402 610 502 674 1151
546 613 789 681 0551515,
845 619 913 672 111
952 611 1115 672 mille
1168 615 1561 690 contingeret.
1633 613 1900 692 ferarum
1951 621 2150 676 autem
2191 623 2257 668 12

171 713 193 750 ⁵
217 697 599 758 diuersarum
640 715 822 758 manu
864 715 971 758 sua
1002 697 1237 766 occidit,
1285 699 1366 758 ita
1415 705 1485 757 ut
1525 697 1877 778 elephantos
1918 699 2149 760 occide-

214 790 342 852 ret,
400 781 593 842 multa
637 781 817 842 milia.
894 789 953 842 et
991 780 1141 844 haec
1181 783 1325 844 fecit
1365 789 1672 862 spectante
1714 801 1892 864 saepe
1930 779 2155 864 populo

212 869 501 928 Romano.
1100 868 1104 872 ’

337 953 480 1013 Fuit
514 957 715 1012 autem
749 950 983 1012 ualidus
1016 951 1090 1013 ad
1119 950 1298 1021 haec,
1343 952 1487 1013 alias
1531 951 1740 1015 debilis
1773 961 1833 1014 et
1859 954 2150 1024 infirmuS,
2177 921 2281 1008 Ῐῧ

214 1039 363 1098 uitio
397 1039 575 1097 etiam
608 1038 767 1097 inter
796 1038 1043 1115 inguina
1072 1039 1464 1116 prominenti,
1495 1039 1577 1098 ita
1605 1046 1673 1099 ut
1704 1041 1832 1100 eius
1855 1045 2153 1101 tumorem

144 1135 187 1172 10
214 1141 325 1202 per
357 1123 584 1183 sericas
614 1128 818 1182 uestes
858 1121 1119 1202 populus
1148 1121 1458 1184 Romanus
1501 1130 1870 1200 agnosceret.
1935 1143 2152 1185 uersus
2189 1126 2219 1170 2

213 1211 272 1268 in
319 1225 391 1268 eo
436 1206 615 1267 multi
656 1209 867 1286 scripti
895 1214 1067 1277 sunt,
1113 1207 1186 1267 de
1230 1206 1448 1286 quibus
1492 1210 1668 1268 etiam
1707 1210 1770 1269 111
1812 1227 1996 1287 opere
2040 1227 2154 1270 suo

212 1293 436 1353 Marius
466 1291 759 1352 Maximus
805 1290 1114 1370 gloriatur.
1177 1294 1400 1353 uirium
1445 1291 1517 1352 ad
1560 1293 1954 1354 conficiendas
1995 1295 2154 1354 feras
2189 1296 2222 1342 3

210 1385 517 1438 tantarum
548 1377 698 1446 suit,
730 1384 799 1438 ut
832 1375 1213 1456 elephantum
1245 1375 1424 1438 conto
1455 1378 1835 1456 transfigeret
1867 1385 1925 1438 et
1955 1380 2154 1458 orygis

213 1481 405 1524 cornu
447 1461 621 1523 basto
665 1464 1068 1523 transmiserint
1110 1471 1169 1522 et
1210 1461 1468 1540 singulis·
1508 1461 1726 1524 ictibus
1765 1462 1952 1524 multa
1991 1463 2154 1524 milia

144 1560 185 1597 15
210 1550 480 1608 serarum
511 1548 845 1625 ingentium
878 1547 1219 1608 conficeret.
1278 1547 1663 1626 inpudentiae
1695 1554 1892 1609 tantae
1923 1549 2055 1617 fuit,
2090 1555 2155 1610 ut
2189 1549 2222 1595 4

214 1651 347 1694 511111
386 1631 677 1693 muliebri
720 1641 885 1692 ueste
928 1633 989 1692 in
1033 1631 1476 1711 amphitheatro
1520 1632 1620 1694 uvel
1659 1631 1895 1693 theatro
1939 1632 2154 1694 sedens

212 1717 451 1796 publice
484 1718 833 1796 saepissime
863 1716 1103 1777 biberit.

342 1803 497 1863 Victi
530 1809 670 1862 sunt
701 1799 812 1862 sub
846 1820 917 1862 eo
949 1808 1170 1872 tamen,
1207 1821 1345 1864 cum
1377 1801 1480 1862 ille
1511 1803 1597 1864 sic
1627 1803 1892 1873 uiueret,
1925 1821 2036 1882 per
2065 1803 2150 1864 le·
2190 1803 2222 1850 5

214 1894 383 1966 gatos
426 1885 649 1956 Mauri,
694 1888 839 1947 uicti
880 1887 1051 1957 Daci,
1107 1887 1452 1949 Pannoniae
1507 1903 1746 1964 quoque
1789 1891 2150 1967 conpositae,

142 1985 187 2023 20
216 1977 275 2032 in
306 1973 603 2033 Brittania
644 1973 708 2032 in
738 1972 1057 2042 Germania
1102 1979 1162 2033 et
1207 1974 1270 2032 in
1312 1972 1488 2034 Dacia
1527 1975 1844 2052 imperium
1891 1975 2018 2034 eius
2057 1992 2155 2033 re-

218 2057 563 2118 cusantibus
593 2055 1084 2137 prouincialibus
1152 2075 1305 2134 quae
1339 2059 1536 2117 omnia
1566 2059 1678 2117 ista
1708 2075 1820 2137 per
1849 2057 2032 2118 duces
2063 2076 2155 2118 se·
2193 2059 2223 2106 6

216 2143 351 2204 data
404 2150 564 2202 sunt.
641 2141 777 2220 Ipse
832 2141 1195 2203 Commodus
1249 2143 1313 2202 in
1357 2141 1790 2202 subscribendo
1842 2142 2046 2202 tardus
2098 2149 2156 2202 et
2193 2147 2221 2192 7

212 2226 571 2306 neglegens,
622 2228 705 2286 ita
744 2233 812 2286 ut
851 2225 1067 2288 libellis
1099 2245 1217 2287 una
1248 2228 1441 2286 forma
1484 2224 1685 2287 multis
1728 2224 2152 2296 subscriberet,

212 2315 275 2374 in
312 2310 584 2391 epistulis
615 2307 815 2373 autem
842 2309 1119 2390 plurimis
1154 2311 1342 2373 ‘Vale'
1376 2318 1604 2372 tantum
1637 2311 1944 2372 scriberet.
2018 2329 2152 2391 age·
2193 2316 2226 2363 8

141 2411 189 2451 25
214 2397 559 2472 banturque
592 2397 791 2456 omnia
822 2415 932 2475 per
964 2396 1129 2467 alios,
1176 2398 1279 2474 qui
1312 2398 1490 2458 etiam
1521 2396 2049 2458 condemnationes
2093 2400 2154 2458 in

214 2485 411 2546 sinum
442 2483 703 2542 uertisse
734 2481 1031 2542 dicuntur.

341 2568 459 2628 Per
490 2565 647 2627 hanc
679 2573 877 2626 autem
906 2565 1377 2644 neglegentiam,
1427 2585 1563 2627 cum
1606 2573 1667 2626 et
1705 2585 2002 2628 annonam
2047 2586 2150 2628 ua·
2175 2557 2256 2620 14

217 2661 445 2714 starent
476 2652 521 2711 ii
550 2652 655 2730 qui
687 2657 827 2712 tunc
856 2669 985 2710 rem
1028 2649 1328 2731 publicam
1373 2651 1691 2729 gerebant,
1738 2654 1915 2712 etiam
1952 2654 2153 2732 inopia

216 2739 428 2816 ingens
458 2735 686 2797 Romae
730 2745 937 2797 exorta
981 2742 1101 2806 est,
1148 2754 1282 2797 cum
1323 2736 1530 2814 fruges
1570 2755 1690 2798 non
1736 2737 2030 2797 deessent.
2096 2743 2154 2796 et
2189 2739 2220 2785 2

149 2835 192 2875 ³0
219 2842 320 2884 eos
352 2821 597 2902 quidem
630 2822 729 2900 qui
761 2823 959 2882 omnia
987 2820 1303 2882 uastabant
1341 2829 1550 2900 postea
1595 2821 1952 2883 Commodus
1995 2823 2149 2881 occi-

219 2908 305 2968 dit
345 2913 529 2984 atque
572 2908 946 2985 proscripsit.
1012 2908 1141 2984 ipse
1183 2924 1331 2966 uero
1375 2906 1644 2968 seculum
1688 2923 1938 2968 aureum
1981 2905 2151 2967 Com·
2190 2911 2220 2957 3

217 2992 565 3054 medianum
625 2993 867 3051 nomine
921 2990 1287 3052 adsimulans
1337 2991 1627 3052 uilitatem
1679 2992 2019 3070 proposuit,
2084 3009 2155 3050 ex

318 3181 349 3228 2
390 3178 633 3243 quinties
656 3178 759 3243 BP
786 3190 793 3196 ·
903 3181 933 3229 3
968 3177 1403 3243 gladiatorarum
1434 3176 1603 3226 BPM
1733 3177 1764 3224 6
1796 3177 1971 3227 multa
2005 3178 2156 3227 milia

218 3257 333 3297 ante
358 3249 439 3296 ita
466 3252 530 3296 ut
555 3246 623 3296 M
720 3261 887 3312 saepe
916 3247 1286 3311 spectanteM
1389 3247 1449 3294 11
1476 3246 1534 3294 in
1558 3261 1680 3294 eum
1701 3245 1766 3294 M
1868 3247 1931 3294 13
1955 3247 2156 3296 transi-

220 3322 373 3379 geret
399 3314 503 3364 BP
522 3313 809 3365 tranfieret
835 3313 971 3365 exc-,¹
1113 3315 1286 3379 erigis
1308 3313 1475 3363 BPM
1609 3315 1673 3362 14
1697 3313 1862 3362 hasta
1886 3313 1952 3362 M
1991 3315 2155 3364 basto

217 3383 379 3433 basto
404 3383 474 3433 P¹
580 3385 645 3433 20
668 3383 726 3432 in
752 3391 870 3433 ante
896 3384 986 3433 ΒΥ.
1012 3399 1105 3433 om.
1135 3382 1239 3432 BP
1339 3382 1606 3448 brittanie
1631 3381 1682 3429 B
1703 3381 2012 3431 brittannia
2035 3382 2088 3429 P

220 3453 281 3499 21
309 3449 441 3516 ista]
474 3452 665 3500 statim
691 3451 731 3502 C
832 3453 897 3502 25
925 3451 1055 3515 quin
1076 3452 1125 3500 P
1226 3452 1292 3500 28
1315 3449 1395 3498 hii
1413 3449 1515 3497 BP
1616 3451 1681 3500 29
1701 3454 1758 3498 et
1781 3463 1890 3498 non
1907 3446 2010 3497 BP
2025 3449 2155 3510 fort.

221 3523 337 3568 tum
360 3534 469 3568 non

322 3595 336 3608 .
1650 3599 1684 3661 7
1713 3603 1748 3638 ,μ
