2517 3884
347 167 446 242 286
978 157 1279 239 vacAeli
1301 181 1671 239 -GALLIGANI

359 367 556 410 meam
601 356 660 409 et
699 348 960 410 filiorum
1001 356 1346 410 nostrorum
1388 348 1821 426 aegritudinem
1862 351 2087 428 poterit
2128 349 2298 412 adiu-

295 444 328 493 8
361 453 526 496 nare.
599 433 932 494 Soteridam
985 433 1282 494 medicum
1338 435 1401 494 in
1454 435 1837 518 Formianum
1892 441 1960 495 ut
2012 435 2293 505 dimittas»,

361 537 531 598 rogo.
595 536 708 597 ego
752 525 952 581 autem
995 517 1263 579 Pisitheo
1302 517 1453 580 nihil
1486 519 1697 588 credo,
1746 520 1851 596 qui
1892 519 2132 598 puellae
2174 521 2295 581 uir-

295 613 328 662 9
363 604 488 683 gini
529 605 899 665 curationem
940 606 1132 665 nescit
1184 603 1488 664 adhibere.
1564 604 1837 682 Signata‘s
1878 603 2026 665 mihi
2067 604 2299 666 litteras

304 684 308 688 ’
361 690 718 770 Calpurnius
757 689 953 750 dedit:
1016 689 1090 750 ad
1125 691 1291 766 ‘quas‘
1322 688 1680 759 rescribam,
1714 690 1765 749 si
1798 689 2145 759 tardauero,
2180 707 2290 770 per
2346 703 2372 744 5

273 831 277 835 .
361 774 680 838 Caecilium
713 792 920 834 senem
942 772 1311 854 spadonem,
1360 773 1694 846 hominem‘,
1738 780 1811 834 ut
1837 775 1987 844 scis,
2032 773 2289 836 fidelem.

261 865 326 918 10
362 861 458 920 cui
487 859 678 921 uerbo
705 857 1030 929 mandabo,
1075 859 1218 939 quid
1249 877 1403 920 uxor
1431 860 1625 921 Auidii
1656 859 1843 921 Cassii
1874 866 1935 920 et
1964 859 2069 920 tilii
2098 867 2158 922 et
2186 877 2292 938 ge-

363 963 472 1005 ner
503 944 579 1005 de
609 951 669 1004 te
697 935 930 1006 iactare
951 945 1295 1006 dicantuw‘

261 1025 339 1089 11
485 1030 586 1091 Ex
603 1028 696 1090 his
724 1029 942 1091 litteris
971 1029 1359 1108 intellegitur,
1394 1028 1598 1092 Cassio
1623 1029 1965 1090 Faustinam
1990 1031 2295 1090 consciam

357 1131 482 1175 non
512 1115 717 1185 fuisse,
751 1117 897 1192 quin
929 1117 1104 1175 etiam
1137 1115 1498 1195 supplicium
1529 1115 1658 1174 eius
1699 1116 1965 1191 grauiter
1998 1115 2286 1192 exegisse,
2322 1129 2373 1168 10

359 1201 412 1259 si
435 1199 676 1279 quidem
696 1201 1060 1262 Antoninum
1079 1201 1491 1280 quiescentem
1524 1206 1582 1260 et
1604 1198 1995 1260 clementiora
2026 1201 2291 1276 cogitati·
2324 1214 2329 1218 ·

291 1293 324 1342 2
362 1292 483 1345 tem
534 1285 608 1346 ad
661 1285 958 1347 uindictae
1007 1287 1429 1347 necessitatem
1478 1283 1731 1364 impulit.
1808 1285 1904 1345 cui
1957 1285 2292 1346 Antoninus

291 1379 324 1428 3
363 1370 501 1447 quid
534 1372 945 1450 rescripserit,
979 1369 1215 1431 subdita
1253 1369 1510 1449 epistula
1542 1368 1923 1449 perdocebit·
1989 1369 2127 1440 ,,Τιι
2158 1371 2289 1446 qui-

359 1454 524 1523 dem,
567 1472 698 1516 mea
739 1455 1053 1523 Faustina,
1097 1455 1377 1533 religiose
1419 1473 1533 1534 pro
1562 1456 1777 1515 marito
1822 1463 1884 1515 et
1924 1473 2037 1534 pro
2067 1455 2291 1515 nestris

303 1529 564 1599 liberis
607 1541 752 1616 agis.
828 1557 965 1599 nam
1005 1538 1196 1617 relegi
1250 1539 1567 1618 epistulam
1621 1546 1787 1600 tuam
1840 1542 1905 1598 in
1946 1539 2286 1608 Formiano,
2322 1553 2373 1595 15

289 1633 326 1682 4
361 1639 478 1700 qua
519 1641 615 1683 me
655 1623 942 1692 hortaris,
1002 1631 1070 1684 ut
1111 1626 1174 1684 in
1213 1623 1415 1684 Auidii
1458 1625 1734 1685 conscios
1777 1622 2099 1684 uindicem.
2178 1641 2289 1701 ego

357 1727 506 1768 uero
539 1715 598 1768 et
629 1709 758 1768 eius
786 1707 994 1770 liberis
1035 1726 1279 1787 paream
1320 1714 1383 1768 et
1410 1725 1635 1786 genero
1680 1713 1739 1768 et
1784 1709 1959 1768 uxori
1997 1715 2059 1767 et
2090 1706 2163 1767 ad
2194 1725 2289 1768 se-

356 1799 562 1854 natum
593 1792 880 1862 scribam,
921 1811 1000 1853 ne
1031 1800 1132 1854 aut
1159 1794 1521 1872 proscriptio
1552 1794 1795 1870 grauior
1835 1793 1913 1853 sit
1952 1798 2055 1853 aut
2096 1810 2289 1872 poena

288 1887 334 1938 ε»
359 1876 676 1939 crudelior.
749 1895 871 1939 non
925 1879 1083 1938 enim
1127 1879 1449 1958 quiequam
1492 1885 1611 1948 est,
1656 1877 1816 1955 quod
1860 1878 2290 1957 imperatorem

347 1962 690 2024 Romanum
731 1961 946 2024 melius
987 1962 1366 2024 commendet
1406 1962 1687 2041 gentibus
1726 1961 1907 2040 quam
1949 1963 2295 2024 clementia..
2316 1978 2369 2018 20

289 2057 321 2105 6
357 2046 506 2109 haec
535 2048 848 2110 Caesarem
889 2047 1072 2109 deum
1104 2048 1277 2119 fecit,
1322 2047 1473 2110 haec
1511 2049 1843 2126 Augustum
1886 2049 2285 2117 consecrauit,

287 2143 320 2192 ’1
358 2132 507 2194 haec
547 2139 780 2213 patrem
821 2141 992 2195 tuum
1043 2133 1383 2214 specialiter
1424 2134 1513 2195 Pii
1568 2135 1811 2194 nomine
1852 2134 2109 2198 ornauit,
2185 2133 2288 2194 de-

357 2220 541 2295 nique
571 2221 624 2281 si
655 2238 726 2280 ex
757 2237 891 2281 mea
921 2221 1214 2280 sententia
1255 2219 1330 2280 de
1372 2218 1533 2280 bello
1570 2218 1895 2280 iudicatum
1939 2227 2128 2288 esset,
2174 2237 2287 2278 nec

283 2311 321 2360 8
354 2303 602 2364 Auidius
634 2311 793 2364 esset
821 2306 1074 2364 occisus
1139 2311 1272 2364 esto
1300 2305 1481 2380 igitur
1511 2321 1751 2364 secura:

149 2383 358 2470 Fff'issfrgn·
683 2387 770 2447 ‘di
797 2405 894 2447 me
923 2395 1190 2456 tuentur,
1235 2387 1328 2448 dis
1372 2389 1563 2466 pietas
1604 2405 1735 2446 mea
2314 2401 2367 2441 25

712 2505 789 2516 --
821 2506 907 2516 --
937 2471 1105 2530 cordi
1136 2478 1243 2531 est.
1251 2475 1273 2504 ⁹

484 2553 916 2634 Pompeianum
945 2562 1219 2616 nostrum
1248 2557 1311 2614 in
1344 2571 1563 2615 annum
1598 2561 1948 2630 sequentem
1974 2551 2284 2614 consulem
2389 2607 2399 2616 .

357 2639 546 2701 dixi.“
603 2639 764 2700 Haec
791 2640 1126 2700 Antoninus
1147 2639 1230 2701 ·ad
1264 2641 1597 2717 coniugem,

255 2721 336 2788 12
479 2681 564 2786 Ad
597 2731 866 2785 senatum
909 2731 1107 2786 autem
1154 2723 1391 2802 qualem
1422 2725 1753 2785 orationem
1786 2724 2048 2793 miserit,
2093 2724 2288 2796 inter<

285 2821 320 2870 2
357 2818 448 2872 est
489 2811 664 2872 scire.
739 2827 813 2872 ex
855 2811 1126 2871 oratione
1167 2810 1351 2872 Marci
1389 2811 1701 2872 Antonini.
1687 2830 1700 2845 ·
1764 2808 2052 2880 „Habetis
2080 2809 2281 2886 igitur,
2312 2821 2364 2862 ιο

353 2913 412 2975 p.
451 2915 536 2968 c.,
579 2913 692 2975 pro
731 2894 1128 2973 gratulatione
1169 2895 1461 2959 uictoriae
1500 2913 1794 2973 generum
1834 2912 2037 2954 meum
2066 2909 2286 2952 consu-

357 2978 507 3050 lem,
553 2980 981 3060 Pompeianum
1027 2980 1190 3050 dice,
1235 2981 1407 3042 cuius
1449 2988 1609 3041 aetas
1650 2979 1793 3041 olim
1846 2975 2285 3038 remuneranda

357 3065 558 3127 fuerat
601 3063 946 3133 consulatu,
991 3067 1106 3126 nisi
1143 3067 1264 3126 uiri
1306 3067 1493 3134 Fortes
1520 3066 2017 3132 interuenissent,
2064 3059 2287 3138 quibus

285 3166 325 3216 3
359 3147 530 3216 reddi
560 3148 767 3224 debuit
797 3149 958 3227 quod
989 3167 1022 3210 a
1050 3167 1118 3210 re
1146 3148 1386 3229 publiea
1419 3148 1761 3210 debebatur.
1816 3147 1987 3208 Nunc
2018 3145 2179 3225 quod
2212 3145 2285 3206 ad

359 3231 758 3301 defectionem
790 3234 1132 3298 Cassianam
1160 3236 1450 3314 pertinet,
1499 3253 1609 3296 uos
1649 3252 1758 3312 oro
1802 3240 1980 3308 atque·
2010 3230 2283 3300 obsecro,

457 3362 491 3418 4
523 3369 870 3420 curationum
902 3369 955 3419 B
1093 3370 1332 3436 signitas
1365 3368 1468 3419 BP
1610 3368 1643 3417 6
1677 3367 1933 3418 cecilium
1955 3365 2006 3416 B
2054 3359 2293 3417 caelium

353 3434 425 3486 Ρι
561 3439 594 3487 8
619 3437 880 3489 dicuntur
902 3437 954 3486 B
1091 3440 1154 3488 12
1181 3439 1250 3490 cfi
1277 3439 1327 3488 Ρ
1344 3444 1383 3487 t.
1411 3437 1560 3488 [ord.
1704 3439 1767 3488 15
1791 3435 2031 3503 epistule
2054 3435 2107 3484 B
2225 3436 2292 3485 25

353 3495 436 3555 ἃῖἰ
459 3503 624 3556 BPM
687 3537 694 3544 -
756 3505 868 3556 diis.
885 3502 960 3554 Β*
1298 3505 1304 3510 ’
