2517 3884
643 209 709 264 Μ.
756 207 906 264 ΑΝΤ.
950 206 1419 264 PHILOSOPHVS.
1496 207 1548 264 C.
1578 211 1779 264 9—11.
1958 236 1971 248 ·
2084 202 2169 266 53

254 384 472 436 tutores
506 394 539 436 a
571 373 914 436 consulibus
944 380 1367 452 poscerentur,
1410 381 1476 433 ut
1517 373 1854 452 diligentius
1898 376 1971 436 de
2016 383 2167 437 tuto-

250 461 411 522 ribus
461 467 838 521 tractaretur.
917 459 989 518 de
1033 459 1407 519 curatoribus
1459 477 1633 527 uero,
1682 479 1815 519 cum
1857 469 1993 520 ante
2047 481 2168 522 non
2208 467 2271 516 12

251 547 360 607 nisi
402 565 473 606 ex
519 545 651 623 lege
697 544 970 604 Laetoria
1011 543 1108 603 uel
1151 552 1401 622 propter
1440 542 1741 604 lasciuiam
1784 545 1879 604 uel
1922 553 2170 624 propter

250 631 606 690 dementiam
637 629 939 698 darentur,
973 630 1056 689 ita
1087 630 1288 688 statuit
1316 636 1380 689 ut
1417 648 1625 726 omnes
1660 629 1840 690 adulti
1864 638 2171 692 curatores

205 737 228 776 5
251 717 589 794 acciperent
619 733 738 773 non
770 713 1018 774 redditis
1049 715 1258 774 causiS.

375 801 542 861 Cauit
586 807 646 858 et
687 783 1020 878 sumptibus
1061 799 1317 877 publicis
1362 806 1419 858 et
1463 797 1772 860 calumniis
1816 800 2168 880 quadrupla·
2197 794 2271 856 11

249 894 446 946 torum
485 885 826 950 intercessit
866 883 1134 962 adposita
1175 883 1341 944 falsis
1384 882 1747 944 delatoribus
1789 892 1945 945 nota.
2011 884 2168 946 dela·
2208 891 2239 938 2

247 972 462 1038 tioneS,
499 967 712 1048 quibus
743 969 920 1028 fiscus
951 975 1297 1046 augeretur,
1332 970 1705 1046 contempsit.
1772 969 1844 1032 de
1878 969 2171 1030 alimentis

247 1054 502 1134 publicis
532 1051 718 1114 multa
749 1052 1076 1133 prudenter
1117 1054 1364 1113 inuenit.
1430 1060 1737 1113 curatores
1784 1053 1983 1115 multis
2028 1057 2170 1115 ciui-

183 1159 226 1197 10
248 1139 484 1209 tatibus,
519 1157 636 1217 quo
670 1137 840 1200 latius
871 1139 1199 1198 senatorias
1229 1137 1505 1199 tenderet
1536 1137 1868 1215 dignitates,
1904 1159 1935 1198 a
1962 1147 2172 1200 senatu

247 1224 426 1284 dedit.
505 1221 722 1284 Italicis
760 1221 1101 1284 ciuitatibus
1151 1223 1325 1282 famis
1375 1231 1648 1302 tempore
1690 1223 2057 1283 frumentum
2100 1243 2171 1284 ex
2208 1231 2241 1278 3

245 1308 394 1369 urbe
437 1307 684 1368 donauit
726 1309 1008 1386 omn-ique
1051 1307 1480 1367 frumentariae
1524 1309 1609 1366 rei
1654 1307 1969 1368 consuluit.
2046 1308 2168 1386 gla-
2208 1315 2243 1362 4

245 1394 498 1453 diatoria
554 1391 888 1471 spectacula
940 1393 1312 1452 omnifariam
1368 1391 1743 1470 temperauit.
1816 1395 2175 1473 temperauit

247 1481 423 1538 etiam
455 1478 757 1537 scaenicas
789 1477 1138 1537 donationes
1167 1477 1400 1546 iubenS,
1434 1484 1499 1536 ut
1530 1478 1744 1554 quinos
1769 1496 1981 1538 aureos
2006 1496 2167 1538 scae-

173 1581 218 1620 15
244 1564 363 1622 nici
395 1563 768 1640 acciperent,
801 1563 882 1621 ita
911 1569 1112 1621 tamen
1141 1567 1207 1621 ut
1236 1559 1433 1621 nullus
1476 1561 1667 1623 editor
1712 1561 1917 1622 decem
1960 1581 2172 1622 aureos

243 1646 652 1725 egrederetur.
715 1647 843 1706 uias
885 1645 1060 1706 etiam
1108 1644 1273 1706 urbis
1314 1652 1490 1722 atque
1519 1648 1803 1706 itinerum
1844 1635 2167 1724 diligentis·
2207 1653 2239 1700 5

239 1735 392 1792 sime
437 1732 686 1792 curauit.
761 1733 850 1791 rei
890 1731 1315 1791 frumentariae
1356 1732 1620 1807 grauiter
1662 1731 1937 1810 prouidit.
2016 1731 2167 1792 datis
2207 1739 2237 1786 6

237 1816 512 1878 iuridicis
541 1814 742 1876 Italiae
774 1814 1074 1876 consuluit
1105 1815 1176 1875 ad
1207 1815 1267 1875 id
1302 1815 1634 1894 exemplum
1678 1834 1794 1894 quo
1836 1815 2171 1876 Hadrianus

240 1900 588 1962 consulares
617 1901 780 1961 uiros
825 1899 1077 1960 reddere
1119 1901 1248 1959 iura
1290 1906 1695 1980 praeceperat.
1760 1901 2038 1979 Hispanis
2070 1921 2180 1960 ex·
2209 1909 2239 1957 7

168 2003 217 2042 20
243 1986 472 2047 haustis
502 1985 702 2045 Italica
743 1985 1070 2045 adlectione
1103 1992 1310 2045 contra
1354 1985 1433 2022 ²¹⁶*
1468 1985 1823 2061 Traianique
1855 1995 2173 2083 praecepta

243 2069 588 2132 uerecunde
632 2069 944 2129 consuluit.
1023 2069 1188 2146 leges
1244 2071 1421 2129 etiam
1462 2069 1685 2129 addidit
1727 2069 1801 2129 de
1840 2071 2172 2131 uicensima
2208 2078 2241 2126 8

242 2154 676 2224 hereditatum,
721 2154 794 2214 de
824 2153 1024 2214 tutelis
1055 2153 1439 2223 libertorum,
1487 2153 1559 2213 de
1592 2153 1763 2214 bonis
1798 2157 2082 2216 maternis
2114 2162 2173 2215 et

239 2243 390 2301 item
421 2240 498 2299 de
525 2238 781 2299 filiorum
815 2237 1291 2298 successionibus
1320 2256 1431 2316 pro
1460 2247 1630 2317 parte
1661 2246 1957 2309 materna,
1990 2249 2171 2317 utque

243 2331 558 2385 senatores
589 2325 896 2402 peregrini
926 2330 1192 2400 quartam
1225 2331 1455 2401 partem
1487 2325 1550 2384 in
1579 2323 1743 2386 Italia
1772 2325 2167 2403 possiderent.

166 2423 215 2463 25
241 2408 414 2469 dedit
444 2416 756 2486 praeterea
787 2406 1160 2468 curatoribus
1201 2408 1511 2485 regionum
1546 2428 1613 2469 ac
1645 2411 1879 2470 uiarum
1908 2418 2167 2488 potesta·
2207 2419 2239 2466 9

241 2501 387 2562 tem,
441 2499 506 2552 ut
539 2491 634 2552 uel
665 2493 950 2572 punirent
988 2492 1084 2552 uel
1128 2492 1199 2552 ad
1243 2495 1613 2572 praefectum
1657 2493 1795 2554 urbi
1837 2495 2171 2574 puniendos

239 2575 630 2638 remitterent
661 2596 763 2638 eos
807 2579 908 2654 qui
937 2576 1096 2638 ultra
1138 2577 1451 2655 uectigalia
1494 2581 1809 2656 quicquam
1854 2579 1926 2640 ab
1970 2580 2169 2657 aliquo

242 2664 606 2740 exegissent.
648 2664 744 2722 ius
774 2670 970 2723 autem
1002 2663 1190 2739 magis
1223 2671 1394 2723 uetus
1427 2665 1688 2724 restituit
1726 2683 1901 2742 quam
1946 2683 2169 2724 nouum
2209 2673 2273 2720 10

239 2748 402 2807 fecit.
466 2745 673 2807 habuit
706 2765 909 2807 secum
941 2749 1309 2825 praefectoS,
1356 2757 1607 2826 quo'rum
1641 2754 1700 2808 et
1730 2751 2079 2809 auctoritate
2112 2755 2171 2808 et

161 2845 210 2884 30
237 2831 518 2910 periculo
553 2849 794 2910 semper
833 2833 965 2892 iura
995 2831 1257 2892 dictauit.
1322 2851 1468 2892 usus
1509 2841 1708 2895 autem
1750 2839 1842 2894 est
1884 2833 2169 2894 Scaeuola

341 3052 367 3098 1
396 3055 836 3114 poposcerentur
860 3051 912 3099 B
1049 3054 1080 3101 3
1105 3051 1305 3101 letoria
1330 3051 1381 3101 B
1406 3052 1637 3102 lectoria
1666 3053 1725 3102 M
1744 3052 2026 3102 Plaetoria
2051 3053 2170 3104 Ior-

228 3119 401 3167 danus
427 3119 514 3182 qui
536 3119 769 3182 conferri
787 3119 922 3168 iubet
946 3117 1170 3184 Saviyny
1193 3115 1315 3184 opp.
1343 3122 1479 3170 mise.
1507 3121 1577 3170 II
1604 3123 1711 3170 330
1810 3122 1840 3170 5
1864 3125 1926 3169 ut
1952 3121 2169 3186 accipe-

227 3191 360 3234 rent
386 3184 437 3234 B
578 3187 608 3234 6
644 3185 1188 3251 quadrumplatorum
1211 3185 1336 3236 BP¹
1485 3190 1547 3238 12
1574 3189 1863 3252 omniaque
1892 3187 1953 3238 P¹
2107 3190 2170 3237 16

225 3252 435 3302 uineas
463 3251 583 3302 BP¹
610 3253 679 3303 al.
704 3254 830 3303 uias
854 3257 1026 3307 adscr.
1051 3253 1122 3304 P3
1225 3259 1392 3336 atque
1419 3255 1678 3306 itinerum
1704 3272 1797 3308 om.
1820 3254 1890 3304 B¹
2009 3258 2071 3306 18
2098 3256 2170 3305 ad

225 3320 290 3368 id
319 3320 467 3384 quod
493 3335 576 3370 ex,
597 3321 649 3369 B
812 3323 876 3372 19
901 3323 1119 3372 exausit
1143 3323 1195 3371 B
1221 3322 1313 3384 (ex
1336 3325 1389 3372 in
1412 3340 1516 3376 ras,
1524 3323 1543 3388 )
1578 3324 1834 3373 exhausit
1859 3323 1965 3372 PM
2104 3326 2171 3372 20

227 3394 605 3452 praeceperat
629 3415 694 3423 -—
721 3391 1058 3454 Traianique
1091 3393 1142 3440 in
1168 3391 1218 3439 P
1237 3391 1379 3452 infra
1413 3400 1701 3442 eonteoetum
1742 3391 1998 3453 tranique
2025 3388 2165 3439 B¹P¹

227 3456 471 3504 Traiani
495 3456 554 3506 M
579 3459 804 3506 lacunam
825 3460 1111 3520 significanti
1245 3460 1309 3508 21
1339 3459 1577 3508 consulit
1602 3459 1673 3509 B¹
1789 3458 2097 3520 uicesssima.
2123 3457 2186 3505 P.

227 3521 294 3584 (n
313 3523 476 3586 eras.)
615 3525 680 3575 30
705 3525 927 3576 sceuola
950 3525 1003 3574 B
