2517 3884
344 177 471 246 136
1042 182 1196 242 AELI
1239 181 1591 242 SPARTIANI

352 351 655 422 nonnullh
719 350 981 412 Seuerus
1028 368 1095 412 se
1138 349 1462 412 excusabat
1503 357 1562 412 et
1601 357 1741 430 post
1781 368 1992 412 eorum
2034 358 2292 412 mortem

353 437 617 518 negabat
672 438 804 498 fieri
860 437 1110 496 iussisse
1140 435 1302 512 quod
1357 437 1579 497 factum
1631 442 1738 497 est.
1805 436 1962 514 quod
2004 434 2078 496 de
2107 435 2292 496 Laeto

208 570 267 615 ,k
292 543 323 592 ⁷
357 524 681 605 praecipue
723 521 944 582 Marius
982 520 1274 582 Maximus
1315 519 1475 583 dicit.
1563 521 1713 582 Cum
1745 538 1919 582 soror
1951 539 2057 582 sua
2087 520 2292 600 Lepti-

352 618 492 670 tana
524 608 599 669 ad
630 625 765 668 eum
794 607 1065 666 uenisset
1090 607 1194 666 uix
1222 605 1434 668 Latine
1462 605 1744 686 loquenS,
1803 625 1873 667 ac
1903 606 1977 667 de
2005 605 2108 667 illa
2135 605 2292 667 mul-

352 703 482 756 tum
510 695 839 772 imperator
883 691 1298 761 erubesceret,
1343 690 1483 751 dato
1523 691 1646 752 filio
1689 693 1818 752 eius
1847 691 1970 753 lato
2001 690 2171 753 clauo
2202 698 2292 751 at-
2357 703 2388 746 5

354 797 472 859 que
517 779 637 858 ipsi
677 775 878 837 multis
918 775 1274 836 muneribus
1313 775 1515 838 redire
1567 775 1882 840 mulierem
1919 778 1984 838 in
2034 778 2298 857 patriam

352 864 678 944 praecepit,
714 869 773 921 et
803 860 1042 940 quidem
1086 879 1220 922 cum
1262 860 1413 931 filio,
1477 864 1578 939 qui
1633 860 1808 925 breui
1863 863 1988 923 uita
2046 862 2296 927 defunc.-

354 957 453 1010 tus
486 955 593 1009 est.

257 1033 337 1098 16
482 1034 722 1094 Aestate
752 1032 932 1110 igitur
969 1031 1088 1091 iam
1132 1039 1387 1091 exeunte
1417 1031 1722 1093 Parthiam
1763 1032 2074 1110 ingressus
2105 1032 2296 1094 Ctesi-

354 1119 582 1179 fontem
612 1115 787 1197 pulso
828 1133 974 1194 rege
1001 1117 1283 1196 peruenit
1324 1125 1384 1177 et
1425 1119 1585 1197 cepit
1623 1117 1868 1178 hiemali
1908 1135 2100 1197 prope
2139 1126 2294 1178 tem·-
2329 1131 2390 1174 ιο

354 1221 523 1283 pore,
558 1201 717 1280 quod
747 1203 811 1262 in
864 1199 983 1262 illis
1023 1201 1369 1279 regionibus
1411 1202 1628 1262 melius
1679 1220 1792 1282 per
1833 1202 2096 1264 hiemem
2136 1201 2299 1263 bella

356 1295 706 1356 tractantur,
741 1305 877 1348 cum
896 1285 1219 1347 herbarum
1241 1286 1547 1348 radicibus
1576 1287 1796 1348 milites
1817 1289 2095 1350 uiuerent
2117 1296 2296 1364 atque

288 1383 320 1431 2
356 1373 497 1434 inde
555 1373 804 1433 morbos
847 1370 1376 1450 aegritudinesque
1407 1372 1848 1434 contraherent.
1913 1391 2100 1452 quare
2159 1391 2300 1434 cum

358 1457 786 1519 obsistentibus
827 1456 1093 1526 Parthie,
1137 1456 1362 1518 fluente
1411 1474 1647 1536 quoque
1703 1477 1816 1538 per
1855 1458 2298 1536 insuetudinem

358 1544 476 1605 cibi
506 1542 639 1603 aluo
671 1540 923 1601 militum
953 1540 1189 1619 longius
1246 1545 1342 1602 ire
1370 1561 1491 1604 non
1534 1551 1771 1622 posset,
1805 1551 2005 1605 tamen
2037 1542 2300 1620 perstitit
2332 1555 2394 1599 15

358 1637 419 1690 et
461 1628 743 1707 oppidum
790 1627 948 1705 cepit
980 1633 1038 1686 et
1064 1644 1275 1704 regem
1304 1628 1532 1706 fugauit
1562 1636 1622 1690 et
1659 1627 1952 1708 plurimos
1991 1628 2302 1689 interemit

290 1723 322 1772 3
362 1722 421 1774 et
461 1711 806 1773 Parthicum
845 1729 1065 1771 nomen
1107 1714 1346 1774 meruit.
1426 1711 1504 1772 ob
1561 1713 1676 1774 hoc
1717 1715 1896 1774 etiam
1935 1712 2117 1772 filium
2163 1713 2300 1772 eius

357 1798 711 1860 Bassianum
743 1797 1132 1870 Antoninum,
1180 1800 1285 1874 qui
1316 1797 1534 1859 Caesar
1565 1797 1900 1878 appellatus
1927 1799 2045 1859 iam
2075 1798 2298 1866 fuerat,

153 1880 235 1953 &A
359 1900 581 1943 annum
612 1880 748 1942 XIII
780 1887 1056 1959 agentem
1083 1883 1442 1963 participem
1473 1883 1713 1962 imperii
1737 1882 2020 1944 dixerunt
2048 1882 2296 1942 milites,

286 1977 323 2025 4
360 1967 568 2028 Getam
601 1982 859 2046 quoque,
887 1967 1186 2028 minorem
1216 1967 1424 2037 filium,
1461 1966 1780 2030 Caesarem
1810 1968 2112 2036 dixerunt,
2148 1985 2298 2027 eun·
2331 1985 2392 2024 20

357 2053 494 2114 dem
518 2053 904 2121 Antoninum,
942 2057 1007 2112 ut
1035 2051 1309 2132 plerique
1337 2054 1404 2113 in
1432 2052 1668 2115 litteras
1695 2053 1958 2122 tradunt,
1992 2051 2300 2131 appellan-

289 2146 324 2196 5
358 2145 469 2198 tes.
518 2136 734 2198 harum
764 2135 1236 2215 appellationum
1269 2157 1448 2200 causa
1480 2136 1826 2200 donatiuum
1855 2137 2148 2218 militibus
2176 2137 2298 2198 lar-

359 2223 677 2302 gissimum
738 2220 906 2282 dedit
965 2239 1250 2283 concessa
1311 2225 1475 2284 omni
1514 2223 1738 2304 praeda
1781 2222 1987 2303 oppidi
2014 2221 2322 2303 Parthici„

290 2315 325 2365 6
360 2307 522 2385 quod
554 2307 773 2367 milites
820 2305 1201 2383 quaerebant.
1279 2308 1422 2369 inde
1461 2310 1525 2369 in
1556 2309 1790 2388 Syriam
1828 2308 1988 2369 redit
2017 2309 2210 2369 uictor
2242 2311 2305 2367 et

360 2390 705 2453 Parthicum
740 2388 1148 2452 deserentibus
1189 2391 1307 2452 sibi
1344 2393 1618 2473 patribus
1663 2391 2034 2473 triumphum
2071 2391 2302 2452 idcirco
2332 2408 2394 2449 25

357 2478 693 2545 recusauit,
757 2475 918 2552 quod
962 2476 1296 2538 consistere
1337 2479 1400 2538 in
1445 2495 1626 2540 curru
1663 2478 1941 2540 adfectus
1994 2476 2304 2539 articulari

292 2572 324 2622 7
359 2560 573 2622 morbo
606 2578 725 2621 non
757 2566 979 2638 posset.
1057 2559 1179 2621 filio
1212 2580 1357 2623 sane
1403 2565 1728 2632 concessit,
1770 2571 1839 2624 ut
1867 2561 2302 2642 triumpharet;

360 2647 455 2706 cui
486 2651 729 2705 senatus
761 2644 1071 2705 Iudaicum
1099 2647 1466 2728 triumphum
1503 2649 1856 2709 decreuerat
1883 2646 2110 2708 idcirco
2141 2646 2304 2725 quod

288 2743 323 2793 8
361 2736 421 2792 et
450 2731 514 2790 in
547 2729 715 2810 Syria
746 2748 847 2790 res
878 2729 1034 2790 bene
1064 2739 1269 2809 gestae
1310 2734 1549 2794 fuerant
1586 2752 1621 2793 a
1663 2733 1913 2794 Seuero.
1991 2732 2130 2792 dein
2163 2749 2302 2793 cum

354 2814 731 2878 Antiochiam
759 2817 1093 2886 transisset,
1141 2817 1277 2878 data
1319 2816 1486 2879 uirili
1516 2825 1655 2896 toga
1695 2817 1818 2878 filio
1852 2817 2068 2878 maiori
2095 2824 2299 2896 secum
2329 2833 2394 2872 30

462 3039 490 3084 1
516 3033 796 3086 nonnullis
818 3031 943 3084 BP¹
1102 3037 1134 3086 7
1159 3037 1449 3103 precoepit
1470 3035 1524 3086 B
1684 3037 1884 3103 quibus
1907 3037 2042 3103 peni
2060 3033 2133 3086 B¹
2181 3034 2308 3086 reui

356 3101 433 3153 B²
459 3103 658 3166 quibus
683 3104 804 3152 seui
824 3101 943 3152 PM
1036 3104 1070 3152 9
1095 3108 1183 3154 est
1206 3104 1543 3155 hesifontem
1565 3102 1639 3154 B¹
1663 3105 2027 3156 thesifontem
2047 3102 2241 3154 B²PM

358 3169 423 3220 12
450 3169 734 3234 culparum
754 3170 925 3221 BPM
940 3170 1235 3222 herbarum
1258 3173 1451 3236 Eqnat.
1568 3173 1632 3224 15
1653 3173 1781 3223 albo
1804 3172 1857 3223 B
1984 3174 2047 3224 1⁷
2071 3172 2178 3222 hoc
2201 3186 2300 3222 om.

354 3237 460 3288 BP
593 3239 657 3287 21
682 3237 905 3289 littores
928 3236 1003 3288 B¹
1141 3240 1463 3306 appellante
1486 3239 1590 3290 BP
1723 3243 1789 3291 22
1813 3241 2008 3292 horum
2028 3240 2081 3289 B
2203 3254 2302 3303 ap·

357 3304 663 3371 pellatione
685 3303 758 3356 B¹
863 3307 931 3357 24
956 3303 1033 3372 et]
1060 3311 1223 3358 malim
1248 3307 1350 3359 sed
1463 3308 1750 3372 parthicus
1774 3307 1878 3360 BP
1900 3313 1958 3359 et
1981 3307 2302 3358 Parthicus,

359 3373 630 3424 deferent.
656 3375 919 3441 distinquit
941 3374 1281 3426 Mommsenus
1439 3375 1507 3427 26
1533 3377 1694 3426 cursu
1716 3373 1862 3427 B¹P¹
1902 3391 2065 3427 cursu
2087 3373 2164 3424 Βι

357 3441 595 3492 affectos
618 3441 741 3492 BP¹
902 3444 969 3495 27
992 3457 1127 3494 sane
1152 3460 1248 3494 om.
1274 3441 1346 3494 B¹
1507 3444 1574 3494 28
1604 3443 1817 3494 idcirco
1842 3445 2129 3495 recusauit
2151 3441 2308 3510 quod

355 3511 663 3562 consistere
688 3525 777 3562 res
799 3509 872 3562 B¹
1010 3513 1077 3563 29
1102 3511 1251 3577 gesti
1273 3510 1346 3562 B¹
1482 3513 1552 3564 30
1574 3512 1862 3564 antiochia
1890 3512 1937 3562 B
2301 3525 2310 3529 ·
