2517 3884
331 177 458 244 266
1034 185 1208 244 AELll
1251 185 1584 242 LAMPRmss

330 352 424 414 los
453 371 585 414 esse
614 371 826 432 passus
859 359 947 414 est
979 352 1236 414 tribunis
1268 359 1371 414 aut
1400 352 1655 415 ducibus
1687 352 1903 414 milites
1948 353 2275 434 iussitque,

333 445 398 499 ut
426 445 564 498 ante
594 436 904 499 tribunum
933 445 1214 516 quattuor
1257 437 1481 498 milites
1514 437 1915 507 ambularent,
1965 447 2103 500 ante
2150 439 2273 500 du-

334 541 465 584 cem
495 541 618 593 sex,
654 531 791 586 ante
820 522 1083 601 legatum
1112 523 1351 593 decem,
1397 521 1579 600 hique
1609 523 1680 584 ad
1723 523 1934 584 domos
1976 542 2122 585 suos
2167 543 2273 585 re-

331 611 619 689 ciperent.

225 695 310 762 53
373 691 376 694 ’
457 693 532 754 Et
561 701 626 754 ut
657 693 950 754 seueritas
982 694 1112 753 eius
1143 694 1387 770 agnosci
1416 701 1651 772 posset,
1696 711 1875 754 unam
1922 695 2275 754 contionem
2333 711 2367 752 5

330 778 644 841 militarem
675 777 997 838 indendam
1026 780 1437 857 putaui,-quac
1468 777 1627 838 illius
1670 779 1731 838 in
1762 795 1831 838 re
1860 777 2103 839 militari
2134 797 2272 840 mo-

260 878 293 926 2
327 883 428 925 res
459 863 816 924 ostenderet.
878 881 1018 924 nam
1048 882 1186 924 cum
1215 863 1589 924 Antiochiam
1619 864 1907 932 uenisset,
1944 881 2012 924 ac
2042 862 2271 924 milites

327 949 582 1010 lauacris
613 946 1009 1010 muliebribus
1041 955 1099 1008 et
1127 947 1358 1008 deliciis
1386 954 1687 1017 uacarent,
1722 949 1897 1025 eique
1920 950 2269 1009 nuntiatum

328 1040 504 1103 esset,
539 1051 747 1095 omnes
791 1051 892 1094 eos
932 1032 1340 1113 conprehendi
1380 1034 1554 1093 iussit
1598 1040 1658 1093 et
1697 1033 1760 1092 in
1804 1031 2001 1094 uincla
2045 1035 2264 1094 conici.

259 1133 292 1182 3
327 1118 485 1198 quod
517 1116 624 1179 ubi
653 1125 1008 1197 conpertum
1039 1125 1148 1187 est,
1181 1125 1343 1178 mota
1372 1117 1585 1178 seditio
1618 1125 1709 1178 est
1740 1135 1773 1176 a
1795 1116 2052 1194 legione,
2087 1119 2264 1179 cuius
2296 1136 2353 1175 ιο

257 1217 293 1265 4
327 1205 475 1265 socii
505 1209 677 1264 erant
716 1205 778 1265 in
822 1202 1018 1264 uincla
1059 1205 1333 1263 coniecti.
1408 1209 1537 1263 tum
1564 1201 1666 1262 ille
1696 1201 1962 1263 tribunal
1992 1202 2267 1263 ascendit

325 1290 666 1366 uinctisque
697 1288 976 1349 omnibus
1015 1288 1088 1348 ad
1118 1286 1380 1348 tribunal
1412 1286 1699 1356 adductiS,
1734 1286 2263 1349 circumstantibus

257 1387 289 1436 5
327 1375 504 1434 etiam
533 1372 821 1434 militibus
853 1380 910 1433 et
941 1372 1184 1449 quidem
1215 1374 1459 1432 armatis
1502 1374 1583 1432 ita
1616 1373 1843 1451 coepit:
1906 1371 2258 1440 „Commili-

324 1466 526 1528 tones,
573 1459 624 1519 si
663 1465 862 1519 tamen
905 1459 1016 1517 ista
1057 1456 1230 1518 uobis
1259 1473 1415 1534 quae
1456 1475 1490 1516 a
1517 1458 1741 1518 uestris
1783 1457 1936 1517 facta
1968 1466 2108 1518 sunt
2138 1456 2259 1532 dis-

323 1543 578 1622 plicent,
625 1541 938 1622 disciplina
969 1543 1263 1603 maiorum
1294 1559 1423 1603 rem
1454 1560 1513 1621 p.
1548 1549 1731 1602 tenet.
1770 1557 1921 1618 quae
1966 1543 2017 1602 si
2048 1541 2259 1603 dilabi·
2288 1559 2337 1600 15

257 1641 290 1690 6
326 1636 444 1697 tur,
480 1634 539 1688 et
569 1644 788 1689 nomen
816 1627 1152 1688 Romanum
1186 1634 1245 1686 et
1274 1627 1593 1704 imperium
1642 1627 2000 1687 amittemus.
2063 1645 2263 1707 neque

327 1714 486 1773 enim
529 1712 641 1774 sub
685 1710 856 1772 nobis
893 1713 1006 1772 ista
1047 1710 1314 1772 facienda
1358 1717 1499 1773 sunt
1545 1728 1699 1789 quae
1745 1711 1857 1772 sub
1900 1712 2118 1791 inpura
2160 1711 2263 1774 illa

257 1811 289 1860 '7
325 1797 516 1858 hestia
559 1815 754 1876 nuper
795 1797 948 1858 facta
990 1804 1146 1857 sunt.
1209 1796 1429 1857 milites
1485 1797 1769 1864 Romani,
1831 1797 2022 1857 uestri
2082 1799 2259 1866 socii,

323 1883 442 1943 mei
483 1881 940 1943 contubernales
995 1889 1054 1943 et
1111 1880 1575 1950 commilitones,
1654 1889 1852 1944 amant
1909 1888 2116 1961 potant
2174 1882 2259 1942 la-

325 1974 470 2029 uant
528 1967 896 2028 Graecorum
963 1970 1028 2028 in
1067 1985 1317 2028 morem.
1382 1967 1661 2046 equidem
1704 1968 1756 2027 si
1785 1967 2096 2036 insistunt,
2143 1966 2333 2028 hocso

327 2071 436 2131 ego
467 2051 689 2114 diutius
717 2053 944 2113 feram?
987 2059 1050 2112 et
1077 2070 1201 2113 non
1232 2070 1337 2112 eos
1368 2050 1604 2130 capitali
1634 2050 1847 2112 dedam
1881 2050 2177 2130 supplicio
2192 2053 2259 2113 ?“

255 2153 290 2202 8
323 2137 640 2200 Tumultus
668 2144 806 2217 post
832 2137 952 2197 hoc
981 2144 1146 2198 ortus
1177 2143 1285 2198 est.
1360 2144 1537 2214 atque
1567 2138 1819 2197 iterum:
1882 2135 2083 2207 „Quin
2116 2154 2259 2196 con-

323 2225 526 2284 tinetis
553 2240 767 2283 uocem
795 2224 860 2283 in
891 2221 1046 2282 bello
1079 2228 1288 2283 contra
1317 2221 1571 2290 hostem,
1604 2239 1726 2282 non
1758 2227 1967 2281 contra
1996 2221 2257 2300 impera-

255 2323 289 2372 9
326 2314 519 2368 torem
548 2315 818 2369 uestrum
848 2307 1283 2368 necessariam?
1344 2313 1511 2367 certe
1558 2305 2032 2385 campidoctores
2061 2307 2253 2366 uestri

324 2391 478 2454 hanc
507 2410 617 2452 uos
647 2391 983 2453 docuerunt
1010 2399 1219 2452 contra
1249 2391 1549 2452 Sarmatas
1572 2397 1632 2451 et
1658 2390 1989 2452 Germanos
2012 2408 2081 2452 ac
2107 2391 2251 2452 Pen—
2280 2407 2331 2446 25

325 2495 421 2538 sas
453 2478 746 2544 emittere,
781 2493 900 2536 non
932 2482 1139 2536 contra
1183 2493 1323 2536 eum
1353 2477 1457 2553 qui
1498 2484 1803 2555 acceptam
1848 2493 1882 2535 a
1913 2476 2250 2555 prouincia-

322 2561 482 2622 libus
511 2578 807 2622 annonam
851 2562 954 2638 qui
991 2568 1222 2620 uestem
1266 2562 1368 2638 qui
1399 2561 1695 2640 stipendia
1740 2559 1914 2622 uobis
1944 2557 2251 2621 adtribuit.

224 2663 290 2712 10
326 2647 624 2707 continete
671 2647 853 2723 igitur
905 2663 1116 2707 uocem
1158 2644 1557 2708 truculentam
1613 2651 1673 2706 et
1715 2663 1925 2725 campo
1968 2663 2038 2705 ac
2078 2642 2255 2705 bellis

324 2731 751 2800 necessariam,
809 2749 885 2791 ne
936 2749 1048 2794 uos
1097 2730 1281 2792 hodie
1334 2748 1543 2802 omnes
1598 2749 1719 2792 uno
1772 2748 1877 2790 ore
1917 2735 2095 2810 atque
2138 2747 2255 2790 una

225 2833 287 2882 11
323 2835 472 2878 uoce
525 2816 786 2887 Quirites
830 2816 1148 2884 dimittam,
1205 2823 1266 2876 et
1304 2817 1597 2876 incertum
1644 2833 1719 2877 an
1765 2814 2042 2886 Quirites.
2130 2832 2254 2874 non
2279 2829 2328 2869 3⁰

325 2903 481 2962 enim
515 2901 677 2979 digni
720 2902 862 2962 estis
905 2903 1007 2978 qui
1050 2901 1147 2962 uel
1176 2901 1479 2962 Romanae
1509 2899 1702 2980 plebis
1734 2901 1894 2969 sitiS,
1930 2900 1980 2960 si
2009 2900 2105 2959 ius
2134 2899 2252 2960 Ro·

427 3106 453 3154 1
479 3104 590 3153 nisi
612 3103 818 3154 milites
843 3104 1060 3154 anteire
1091 3103 1271 3154 uoluit
1303 3103 1575 3167 iussitque
1600 3103 1667 3152 M
1707 3103 1816 3154 nisi
1836 3107 2014 3153 seruat
2037 3101 2080 3151 S
2224 3102 2255 3150 6

322 3187 437 3221 rem
460 3171 528 3220 M
655 3173 948 3223 militarem
970 3172 1138 3224 BPM
1153 3187 1243 3222 em.
1271 3171 1313 3221 S
1446 3172 1612 3221 moris
1634 3170 1738 3220 BP
1860 3173 1890 3221 '2
1916 3169 2255 3220 anthiociam

322 3240 374 3288 P
506 3241 538 3290 8
564 3239 774 3290 delitiis
797 3240 899 3290 BP
1031 3243 1064 3290 9
1089 3254 1186 3290 eos
1207 3255 1302 3290 om.
1326 3241 1379 3288 P
1388 3237 1402 3271 ¹
1546 3243 1610 3290 10
1632 3243 1784 3290 muta
1808 3236 1957 3289 B¹P²
1984 3238 2157 3287 multa.
2181 3236 2256 3286 Β*

429 3309 487 3357 11
517 3306 772 3358 sodieant
795 3307 847 3356 B
869 3323 985 3358 exc.
1014 3308 1152 3358 socii
1177 3311 1309 3356 eant
1332 3304 1406 3357 P¹
1435 3323 1572 3357 corr.
1598 3305 1677 3356 ΡΒ
1805 3308 1868 3358 17
1893 3305 1974 3355 ita
1998 3305 2051 3354 B
2186 3306 2254 3354 20

320 3373 516 3425 labant
538 3374 643 3424 BP
651 3374 668 3408 ¹
806 3376 866 3424 in
888 3377 1013 3425 add.
1037 3375 1079 3425 S
1212 3390 1416 3436 morem
1440 3376 1491 3423 P
1510 3390 1657 3424 more
1682 3375 1749 3423 M
1886 3372 2170 3437 etquidem
2194 3387 2252 3421 se

321 3442 624 3492 instituunt
645 3441 809 3492 BPM
831 3457 921 3493 em.
950 3442 992 3491 S
1125 3445 1190 3491 22
1216 3442 1581 3494 contionestis
1602 3442 1706 3491 BP
1740 3443 1800 3491 in
1825 3441 2089 3492 concione
2117 3440 2255 3490 estis

322 3510 386 3560 M
408 3526 499 3559 em.
524 3511 786 3560 Puteanus
920 3511 988 3559 24
1010 3511 1383 3560 necessarium
1405 3507 1481 3558 P¹
1618 3511 1685 3560 25
1708 3510 1965 3559 sarmatis
1989 3507 2041 3556 B
2062 3524 2181 3558 exc.
