2517 3884
767 194 1199 253 AVRELIANVS.
1290 197 1345 254 C.
1390 202 1593 252 9-—12
2031 193 2153 259 145

213 360 560 437 drigentos3
609 359 793 420 habes
854 361 1151 438 legionem
1213 364 1449 423 tertiam
1478 362 1738 425 Felicem
1802 371 1860 424 et
1920 367 2151 441 equites
2186 376 2221 423 4

213 445 658 505 catafractarios
690 446 1076 523 octingentos.
1157 452 1357 506 tecum
1391 449 1504 507 erit
1534 448 1977 509 Hariomundus
2008 448 2145 509 Hal-

214 530 457 607 dagates
512 529 952 591 Hildomundus
1013 531 1421 591 Cariouiscus,
1490 541 1855 593 commeatus
1898 553 1933 594 a
1972 552 2145 611 prae·
2186 546 2217 593 5

215 616 390 675 fectis
449 617 826 675 necessarius
885 616 948 675 in
1008 616 1285 675 omnihus
1344 617 1557 677 castris
1617 624 1709 677 est
1768 620 2146 679 constitutus.

158 719 188 758 5
220 708 388 761 tuum
449 707 538 759 est
569 718 678 777 pro
709 699 1036 761 uirtutibus
1070 702 1186 761 tuis
1217 708 1397 776 atque
1428 701 1693 762 sollertia
1723 702 1845 763 illic
1877 701 2149 762 hiemalia
2187 713 2218 759 6

217 790 280 843 et
309 784 532 844 aestiua
565 784 888 863 disponere
933 784 1035 843 uhi
1069 784 1172 843 tibi
1203 785 1349 845 nihil
1382 786 1602 855 deerit,
1652 790 1942 866 quaerere
1975 806 2148 866 prae-

214 876 382 928 terea
414 868 517 927 ubi
559 886 809 946 carrago
852 870 930 929 sit
970 866 1234 929 hostium.
1278 878 1337 929 et
1379 888 1521 931 uere
1565 873 1719 931 scire
1768 874 1976 948 quanti
2008 888 2150 949 qua-

213 952 426 1028 lesque
457 954 609 1021 sint,
675 965 738 1013 ut
783 972 900 1013 non
941 955 1005 1013 in
1044 971 1283 1013 cassum
1336 957 1543 1016 uinum
1586 962 1687 1016 aut
1731 974 1962 1016 annona
2009 974 2150 1016 con-

217 1043 490 1098 sumatur
522 1046 625 1097 aut
654 1038 765 1099 alia
785 1040 1080 1099 iaciantur
1110 1040 1172 1098 in
1206 1038 1427 1116 quibus
1458 1057 1557 1099 res
1577 1038 1799 1114 ‚bellica
1832 1043 2151 1101 constituta

128 1140 186 1180 ιο
220 1129 330 1181 est.
401 1138 510 1199 ego
567 1123 640 1183 de
701 1132 760 1183 te
806 1130 1035 1183 tantum
1081 1123 1192 1183 deo
1239 1126 1481 1184 fauente
1524 1142 1703 1202 spero
1745 1131 2029 1203 quantum
2076 1125 2149 1184 de
2188 1137 2217 1185 7

215 1206 502 1275 Traiano,
567 1209 618 1267 si
662 1209 930 1281 uiueret,
965 1216 1167 1285 posset
1213 1226 1461 1287 sperare
1490 1227 1591 1269 res
1621 1227 1679 1287 p.
1764 1225 1961 1284 neque
1994 1211 2151 1269 enim

215 1292 411 1351 minor
443 1298 564 1360 est,
599 1294 658 1351 in
693 1294 865 1353 cuius
897 1290 1097 1352 locum
1129 1293 1427 1371 fidemque
1459 1301 1516 1353 te
1558 1291 1695 1371 legi.
1775 1292 2147 1353 consulatum
2186 1306 2218 1355 8

216 1392 353 1435 cum
385 1376 596 1435 eodem
629 1375 798 1455 leio
831 1377 1058 1437 Crinito
1091 1379 1152 1437 in
1197 1396 1419 1438 annum
1462 1384 1812 1454 sequentem
1848 1396 1881 1437 a
1912 1378 2007 1437 die
2040 1396 2148 1437 un-

218 1458 447 1519 decimo
480 1460 593 1521 kal.
631 1460 937 1521 Iuniarum
983 1464 1046 1521 in
1077 1460 1276 1521 locum
1310 1461 1566 1522 Gallieni
1597 1469 1656 1521 et
1690 1462 1982 1522 Valeriani
2014 1480 2148 1540 spe-

134 1563 189 1603 15
218 1562 355 1605 rare
385 1552 444 1605 te
477 1548 762 1607 conuenit
793 1552 1036 1624 sumptu
1066 1546 1328 1624 publico,
1408 1545 1663 1608 leuanda
1695 1554 1785 1607 est
1815 1549 1973 1606 enim
2005 1565 2151 1626 pane
2188 1557 2219 1604 9

215 1636 420 1707 pertas
451 1647 663 1690 eorum
695 1629 1003 1691 hominum
1037 1632 1141 1706 qui
1171 1631 1275 1690 diu
1306 1633 1369 1690 in
1398 1650 1467 1691 re
1499 1650 1555 1710 p.
1594 1634 1889 1700 uiuentes,
1924 1650 2149 1710 paupe-

216 1732 316 1773 res
372 1722 511 1774 sunt
553 1721 611 1774 et
650 1714 961 1776 nullorum
994 1717 1249 1793 magiS.“
1350 1716 1457 1776 His
1500 1733 1739 1795 quoque
1800 1715 2016 1777 litteris
2059 1718 2148 1776 in·
2192 1727 2254 1774 10

216 1798 466 1867 dicatur,
499 1805 758 1877 quantus
789 1801 970 1861 fuerit
999 1799 1390 1868 Aurelianus,
1426 1807 1485 1860 et
1528 1818 1595 1861 re
1628 1818 1769 1861 uera
1806 1847 1819 1860 .
1955 1818 2151 1876 neque
2194 1821 2199 1825 ·
2251 1860 2257 1868 ,

220 1884 377 1941 enim
423 1885 734 1962 quisquam
778 1884 1095 1962 aliquando
1141 1884 1213 1944 ad
1257 1903 1551 1945 summam
1611 1887 1828 1945 rerum'
1871 1886 2161 1963 peruenit

136 1986 189 2023 κο
221 1968 321 2045 qui
351 1986 472 2027 non
506 1988 538 2029 a
569 1971 760 2047 prima
790 1976 983 2029 aetate
1014 1968 1299 2046 gradibus
1329 1971 1571 2040 uirtutis
1602 1969 1957 2030 ascenderit.

223 2053 229 2058 “
339 2051 596 2112 Litterae
627 2053 701 2113 de
733 2053 1062 2113 consulatu.
2177 2050 2253 2113 12

345 2138 740 2205 „Valerianus
770 2141 1072 2216 Augustus
1102 2138 1268 2197 Aelio
1293 2136 1509 2197 Xifidio
1540 2137 1841 2215 praefecto
1874 2138 2107 2196 aerarii.

343 2220 696 2291 Aureliane,
731 2224 826 2282 cui
859 2221 1231 2282 consulatum
1259 2221 1580 2281 detulimus
1611 2220 1686 2281 oh
1722 2228 2149 2299 paupertatem,

219 2320 333 2381 qua
375 2305 476 2364 ille
521 2322 772 2384 magnus
814 2313 936 2375 est,
982 2308 1200 2367 ceteris
1245 2307 1469 2374 maior,
1504 2304 1675 2366 dahis
1716 2306 1787 2366 ad
1832 2305 2151 2365 editionem

139 2408 192 2449 25
221 2391 582 2450 circensium
651 2410 868 2452 aureos
938 2392 1371 2452 Antoninianos
1444 2397 1772 2458 trecentos,
1836 2397 2153 2467 argenteos

217 2473 564 2553 Philippeos
593 2475 924 2537 minutulos
954 2478 1066 2537 tria
1097 2474 1288 2545 milia,
1331 2478 1396 2535 in
1428 2494 1566 2536 aere
1600 2477 1943 2536 sestertium
1976 2478 2149 2551 quin-

220 2560 488 2635 quagies,
525 2562 758 2619 tunicas
788 2560 1086 2621 multicias
1117 2560 1325 2621 uiriles
1357 2560 1585 2629 decem,
1618 2560 1807 2621 lineas
1837 2562 2153 2640 Aegyptias

219 2644 460 2720 uiginti,
507 2644 784 2705 mantelia
818 2646 1030 2725 Cypria
1073 2648 1238 2723 paria
1282 2645 1429 2713 duo,
1478 2647 1699 2724 tapetia
1739 2646 1879 2707 Afra
1920 2644 2149 2712 decem,

219 2726 481 2805 stragula
533 2728 736 2789 Maura
797 2730 1032 2797 decem,
1096 2749 1315 2807 porcos
1346 2735 1618 2799 centum,
1684 2748 1829 2789 oues
1890 2735 2147 2789 centum.

142 2832 192 2872 80
221 2814 565 2873 conuiuium
627 2822 827 2875 autem
870 2813 1176 2894 publicum
1230 2814 1325 2874 edi
1376 2812 1613 2873 iubebis
1668 2811 2045 2874 senatoribus
2100 2819 2159 2871 el
2191 2829 2223 2875 2

357 3033 383 3080 1
421 3033 606 3095 quites
638 3031 713 3081 P¹
875 3036 906 3082 2
942 3033 1359 3083 Hartomundus
1394 3036 1525 3097 uoly.
1688 3030 2063 3096 Haldegas'tes
2098 3032 2163 3081 M

217 3098 568 3163 Haldagates
591 3104 724 3164 uoly.
865 3104 896 3150 3
919 3101 1326 3150 Hildemundus
1348 3104 1480 3164 uoly.
1623 3100 2021 3164 praefectus-B

216 3169 248 3217 8
272 3168 330 3215 in
356 3183 448 3219 om.
470 3168 537 3217 M
557 3183 774 3217 cassum
797 3170 918 3220 add.
944 3166 1029 3217 B³
1166 3173 1579 3218 consummatur
1599 3167 1703 3217 BP
1836 3171 1867 3218 9
1891 3167 2009 3217 tala
2036 3167 2163 3218 B¹P

217 3234 369 3284 taela
396 3234 480 3283 B³
514 3235 652 3284 talia
679 3236 743 3284 M
772 3253 862 3285 em.
891 3236 931 3285 S
1073 3237 1315 3286 iaciatur
1337 3234 1409 3285 P¹
1563 3238 1624 3284 12
1652 3235 1837 3301 delegi
1861 3235 2028 3285 BPM

219 3304 282 3351 16
307 3302 582 3352 hominem
607 3302 756 3353 B¹P¹
922 3306 985 3353 18
1005 3312 1127 3367 post
1151 3320 1209 3353 re
1244 3320 1379 3353 uera
1416 3306 1607 3369 aliquot
1640 3305 1800 3354 uerba
1833 3306 2156 3355 intercidisse

214 3386 358 3435 seqq.
384 3388 467 3421 uu.
494 3373 859 3421 demonstrant.
886 3372 953 3433 cf.
982 3372 1140 3424 Proh.
1169 3388 1212 3424 e.
1245 3375 1279 3421 3
1396 3373 1462 3421 23
1487 3376 1879 3435 paupartatem
1902 3371 1953 3420 B
2090 3374 2158 3420 25

215 3441 484 3555 agzetgeo
509 3436 584 3486 P1
724 3440 788 3487 26
816 3440 1146 3504 quinqugies
1170 3437 1241 3490 Ρ1
1384 3442 1449 3489 29
1475 3439 1696 3504 tragula
1720 3439 1886 3489 BPM
2007 3442 2073 3490 30
2102 3443 2159 3487 et

215 3520 248 3553 a
323 3539 337 3551 .

285 3620 499 3655 scmr'r.
525 3620 675 3656 ms'r.
697 3620 828 3657 Avo.
860 3608 932 3658 ΙΙ.
1670 3589 1752 3653 10
