2517 3884
372 132 495 198 148
1061 141 1215 198 AELI
1252 137 1602 196 SPARTIANI

372 324 469 369 am
501 307 955 390 Aegyptumque
984 305 1215 366 uicinas
1244 305 1496 374 Africae,
1541 303 1772 372 difficili
1809 303 1951 368 licet
1989 306 2208 367 itinere
2239 324 2307 368 ac

306 400 342 450 6
376 393 779 472 nauigatione.
844 399 903 452 et
933 390 1298 451 Pescennius
1329 389 1568 466 quidem
1595 391 1878 452 ueniente
1909 391 1988 452 ad
2015 392 2310 452 orientem

376 477 609 539 Seuero
640 477 949 538 Graeciam
980 474 1266 535 Thracias
1295 475 1701 536 Macedoniam
1743 476 2080 538 interfectis
2107 473 2310 538 multis

372 562 726 625 inlustribus
754 561 904 621 uiris
945 558 1204 629 tenebat,
1248 559 1320 619 ad
1363 561 1784 640 participatum
1841 562 2088 640 imperil*
2123 560 2308 627 Seue-

304 651 509 720 ‘11rum
541 663 783 708 uocans.
860 663 894 704 a
934 660 1052 721 quo
1095 662 1273 705 causa
1335 663 1546 708 eorum
1606 663 1758 726 quos
1809 646 2114 707 occiderat
2171 665 2310 708 cum
2360 659 2390 699 ⁵

376 731 703 794 Aemiliano
744 729 937 790 hostis
980 735 1075 790 est
1117 729 1466 809 appellatus
1545 730 1682 791 dein
1723 749 1756 792 a
1798 731 2055 792 ducibus
2097 731 2311 793 Seueri

306 824 342 875 8
376 835 487 896 per
514 813 913 876 Aemilianum
952 831 1226 894 pugnans
1267 817 1470 878 uictus
1512 822 1621 877 est.
1700 822 1761 876 et
1802 835 1938 878 cum
1981 816 2071 876 illi
2111 822 2312 880 tutum

374 899 616 961 exilium
657 901 1069 978 promitteret,
1116 901 1169 960 si
1218 900 1295 961 ab
1343 902 1531 962 armis
1575 900 1917 975 recederet,
1976 903 2311 982 persistens

370 988 593 1046 iterum
622 985 918 1063 pugnauit
958 993 1019 1046 et
1050 985 1249 1046 uictus
1295 991 1386 1046 est
1426 991 1604 1064 atque
1647 986 1809 1065 apud
1842 987 2119 1066 Cyzicum
2152 988 2312 1047 circa

370 1068 651 1150 paludem
680 1069 918 1147 fugiens
949 1071 1250 1131 sauciatus
1292 1076 1352 1131 et
1390 1072 1478 1131 sic
1529 1070 1602 1131 ad
1663 1071 1960 1132 Seuerum
2015 1071 2310 1133 adductus
2337 1085 2388 1124 10

296 1149 337 1214 6
370 1161 545 1233 atque
578 1155 777 1216 statim
806 1162 1098 1216 mortuus.
1174 1155 1366 1216 Huius
1395 1163 1580 1235 caput
1609 1156 2025 1218 circumlatum
2053 1156 2178 1236 pilo
2190 1156 2308 1218 Ro·

218 1309 221 1312 ⁴
264 1291 305 1327 Γ
371 1258 530 1301 mam
559 1239 831 1310 missum,
864 1238 969 1300 filii
999 1241 1197 1310 occisi,
1242 1247 1456 1302 necata
1484 1259 1666 1313 uxor,
1728 1241 2154 1322 patrimonium
2197 1259 2308 1320 pu-

302 1331 335 1380 2
372 1324 679 1396 blicatum,
722 1324 943 1385 familia
976 1325 1169 1386 omnis
1204 1327 1484 1389 extincta.
1535 1326 1640 1386 sed
1679 1326 1828 1388 haec
1870 1327 2097 1398 omnia,
2141 1333 2307 1408 post-

196 1423 199 1426 ’
374 1427 553 1487 quam
584 1410 659 1470 de
688 1409 887 1471 Albini
915 1409 1244 1471 rebellione
1279 1412 1580 1489 cognitum
1616 1419 1722 1482 est,
1767 1413 1920 1472 facta
1962 1418 2134 1480 sunt;
2169 1429 2308 1472 nam

246 1511 267 1518 “
306 1503 339 1551 3
375 1497 547 1574 prius
592 1501 654 1555 et
684 1494 838 1555 filios
866 1493 1036 1572 Nigri
1077 1501 1137 1554 et
1164 1495 1433 1555 'matrem
1481 1496 1544 1556 in
1583 1495 1825 1557 exilium
1861 1497 2124 1558 miserat.
2203 1496 2308 1558 sed
2335 1509 2387 1550 15

267 1585 279 1620 ἕ
372 1581 591 1640 exarsit
620 1578 886 1640 secundo
916 1578 1078 1641 ciuili
1106 1578 1298 1649 bello,
1331 1580 1516 1640 immo
1548 1582 1667 1642 iam
1698 1583 1876 1641 tertio
1910 1588 1969 1640 et
1996 1582 2187 1642 factus
2218 1589 2309 1642 est

266 1656 335 1720 ‘4
372 1665 597 1726 durior.
675 1670 821 1724 tunc
852 1665 1031 1723 etiam
1070 1665 1425 1725 innumeros
1487 1671 1796 1725 senatores
1851 1661 2155 1725 interemit
2197 1665 2304 1726 Se-

264 1801 269 1810 .
372 1768 554 1810 uerus
614 1755 674 1809 et
733 1747 806 1808 ab
872 1748 1005 1810 aliis
1050 1747 1244 1828 Syllae
1276 1748 1520 1818 Punici,
1581 1747 1656 1809 ab
1699 1748 1828 1810 aliis
1867 1749 2040 1810 Marii
2081 1767 2307 1811 nomen

269 1850 277 1857 ·
369 1835 615 1914 accepit.

192 1923 195 1926 ’
263 1893 269 1918 ’
303 1925 339 1975 5
500 1919 641 1980 Fuit
670 1924 895 1979 statura
924 1917 1176 1998 prolixa,
1230 1917 1426 1980 forma
1453 1918 1728 1988 decorus,
1776 1918 2035 1999 capillo·
2017 1937 2083 1980 ln
2112 1921 2300 1981 uerti-

374 2021 504 2065 cem
537 2003 613 2064 ad
640 2003 890 2083 gratiam
918 2003 1174 2073 reflexo,
1227 2005 1401 2064 uocis
1431 2022 1718 2074 canorae,
1760 2005 1842 2066 ita
1880 2012 1950 2066 ut
1983 2006 2049 2065 in
2096 1934 2385 2085 campo2⁰

371 2088 629 2166 loquens
656 2107 770 2169 per
798 2087 961 2149 mille
991 2107 1203 2169 passus
1230 2088 1562 2158 audiretur,
1607 2091 1724 2150 nisi
1765 2097 1983 2152 uentus
2023 2089 2307 2152 aduersa-

372 2180 563 2243 retur‚
626 2175 750 2234 oris
808 2173 1140 2235 uerecundi
1198 2180 1260 2234 et
1291 2192 1531 2254 semper
1589 2174 1823 2245 rubidi,
1885 2176 2128 2235 ceruice
2159 2175 2307 2235 adeo

266 2293 276 2340 ς
372 2261 575 2336 nigra,
631 2265 722 2329 ut,
767 2257 1294 2337 quemammodum
1322 2258 1496 2320 multi
1526 2258 1757 2329 dicunt,
1794 2257 1868 2318 ab
1900 2276 1968 2318 ea
1999 2259 2166 2336 Nigri
2196 2278 2306 2319 no-

134 2345 137 2348 ’
208 2380 211 2382 ψ
305 2349 338 2397 6
375 2361 514 2403 men
554 2344 876 2442 acceperit,
924 2349 1125 2403 cetera
1165 2345 1442 2421 corporis
1481 2350 1652 2422 parte
1691 2342 1979 2403 candidus
2021 2350 2080 2401 et
2109 2346 2301 2442 magis
2329 2357 2386 2398 25

370 2428 643 2506 pinguiS,
706 2428 834 2488 uini
906 2426 1147 2496 auiduS,
1193 2426 1311 2486 cibi
1339 2445 1588 2506 parcuS,
1649 2428 1740 2488 rei
1773 2427 2054 2487 ueneriae
2085 2428 2202 2487 nisi
2232 2428 2308 2489 ad

301 2511 665 2584 ¹zicreandos
722 2510 953 2572 liberos
981 2529 1233 2590 prorsus
1262 2511 1526 2587 ignarus.
1605 2511 1862 2591 denique
1916 2512 2097 2572 etiam
2136 2530 2308 2576 sacra

370 2596 664 2676 quaedam
705 2595 769 2655 in
813 2592 1083 2676 Gallia‚†
1112 2612 1230 2672 qua
1250 2613 1317 2656 se
1360 2595 1705 2656 castissimis
1735 2595 2098 2668 decernunt,
2161 2615 2305 2660 con-

302 2687 339 2740 8
375 2699 557 2743 sensu
576 2679 831 2762 ‘publico
863 2679 1219 2742 celebranda
1246 2682 1550 2762 suscepit.
1621 2679 1798 2743 Hunc
1835 2683 1901 2743 in
1931 2682 2305 2745 Commodia-

372 2769 468 2828 nis
495 2766 687 2827 hortis
714 2767 778 2828 in
815 2767 1053 2846 porticu
1095 2784 1284 2828 curua
1320 2767 1549 2847 pictum
1590 2767 1664 2828 de
1705 2769 1902 2829 musio
1939 2769 2102 2829 inter
2131 2768 2305 2830 Com·
2332 2781 2384 2822 ³⁰

284 2881 291 2886 ·
372 2851 536 2922 modi
567 2853 957 2913 amicissimos
988 2851 1259 2913 uidemus
1303 2871 1472 2915 sacra
1500 2851 1675 2916 Isidis
1715 2852 2040 2922 ferentem;
2092 2853 2307 2930 quibus

301 2946 337 2995 9
374 2937 739 2998 Commodus
770 2936 917 2998 adeo
948 2936 1185 2998 deditus
1214 2937 1358 3007 fuit,
1391 2945 1459 3000 ut
1489 2944 1549 2998 et
1578 2946 1756 3018 caput
1784 2939 2026 3000 raderet
2055 2945 2115 2998 et
2141 2940 2304 3000 Anu·

268 3030 335 3080 10
372 3021 477 3084 bin
524 3028 798 3103 portaret
844 3029 905 3084 et
944 3022 1139 3084 omnis
1180 3041 1401 3103 pausas
1443 3023 1729 3105 expleret.
1805 3025 1918 3084 fuit
1959 3041 2101 3102 ergo
2133 3023 2305 3085 miles

471 3193 501 3243 1
528 3188 755 3242 difficile
778 3190 833 3242 B
945 3193 978 3243 2
999 3192 1319 3244 uenientem
1339 3192 1393 3243 B
1511 3195 1550 3245 4
1571 3193 1916 3246 industribus
1937 3191 2090 3244 B¹P¹
2117 3192 2188 3256 (c.
2209 3191 2304 3257 1³³)

367 3259 432 3311 M
567 3262 600 3310 9
625 3259 856 3310 cizicum
881 3259 931 3310 B
954 3263 1007 3311 in
1027 3263 1185 3312 litura
1321 3263 1386 3311 16
1413 3261 1583 3313 etiam
1605 3263 1674 3314 M
1804 3266 1869 3315 17
1897 3267 2033 3314 tunc
2059 3276 2182 3312 cum
2204 3260 2311 3310 BP

367 3332 505 3378 tunc
539 3331 599 3378 et
631 3327 700 3378 M
740 3329 910 3379 etiam
938 3331 1131 3394 scripsi
1162 3328 1310 3394 (cum
1347 3332 1446 3384 del.
1481 3330 1840 3397 Mommsenus)
1986 3333 2052 3382 20
2087 3333 2304 3380 statura.

366 3395 713 3448 Pescennius
734 3397 804 3446 M
930 3399 998 3449 28
1023 3413 1165 3463 quae
1190 3414 1225 3450 a.
1250 3399 1318 3448 M
1450 3397 1823 3455 decernuntur
1843 3401 1912 3452 M
2041 3400 2108 3450 30
2132 3399 2304 3450 curba.

369 3463 475 3514 BP
605 3467 672 3517 33
696 3479 906 3532 paucas
927 3465 1033 3517 BP
1052 3470 1243 3532 partes
1267 3465 1336 3517 M
1351 3481 1444 3520 em.
1471 3466 1562 3521 Gr.
