2517 3884
2050 10 2308 43 ‘'‹·»'7?vrv³-

2125 31 2156 43 ,(
2209 26 2303 49 '⁹⁷¹⁹

331 207 459 274 326
542 210 776 262 INDEX
811 209 1161 262 NOMINVM
1195 209 1291 260 ET
1328 208 1582 260 RERVM
1617 208 2192 260 MEMORABILIVM

399 378 704 444 legatorias
756 377 1124 444 praesidiales
1178 378 1351 443 pluri·
1400 381 1691 442 papillatum
1726 379 1941 428 amauit
1976 379 2200 430 Marcus
2222 379 2306 441 47,
2332 381 2405 431 14.

401 462 519 496 mas
579 445 739 505 fecit,
797 444 1215 511 proconsulares
1285 461 1352 496 ex
1397 449 1616 511 puyilIes
1682 446 1940 496 flacculis
2010 462 2119 496 non
2178 448 2403 496 ueritate

402 518 628 563 senatus
709 513 999 564 uoluntate
1057 511 1353 580 ,ordinauit
1468 513 1812 580 pugillantes
1847 515 1906 564 ΙΙ
1942 516 2027 576 80,
2069 517 2149 565 10.
2207 530 2217 536 ’

400 580 559 634 Alex.
595 582 720 641 244,
757 584 808 633 9.
1404 597 1437 632 a
1476 584 1698 648 pugione
1755 582 2078 647 appellatus
2130 581 2407 633 libertinus

330 651 675 714 prouinciales
740 647 951 699 reditus
1022 647 1349 713 explorabat
1468 651 1553 711 94,
1591 653 1674 701 30.

402 716 573 769 Hadr.
612 718 701 774 12,
740 719 820 766 10.
858 731 938 780 pr.
975 715 1214 765 medium
1251 730 1347 764 au·
1395 720 1671 782 puleiatum
1737 718 1948 783 primus
2017 718 2238 768 inuenit
2293 716 2408 767 Hel.

401 799 520 833 rum
555 784 900 835 coronarium
933 782 1172 833 reddidit
1215 783 1347 833 Pius
1468 787 1586 848 216,
1623 787 1673 835 2.

401 853 483 910 37,
521 853 600 901 11.
1297 893 1308 904 .
1398 854 1598 904 Punica
1631 852 1786 903 bella
1821 853 1880 902 11
1918 855 2034 915 185,
2075 852 2157 905 18.
2185 853 2306 914 216,
2335 852 2404 900 14.

327 923 632 985 prouocatio
670 921 844 968 omnis
889 918 1165 984 praefecti
1195 918 1348 969 urbis
1399 921 1600 971 Punica
1643 920 1778 970 fides
1825 920 1884 970 11
1928 922 2020 983 37,
2072 920 2156 969 28.
2204 921 2297 981 38,
2335 921 2407 968 21.

399 987 557 1037 facta
592 986 691 1036 sub
718 986 855 1040 Tac.
879 988 1006 1051 imp.
1031 986 1090 1036 II
1118 987 1234 1048 183,
1262 987 1345 1035 21.
1468 989 1552 1052 39,
1591 991 1639 1039 9.

331 1057 635 1118 Prmanium
670 1054 854 1105 locum
878 1054 1152 1120 quendam
1175 1053 1346 1103 uillae
1400 1058 1629 1107 Punicae
1671 1055 1929 1106 Milesiae
1966 1055 2172 1120 Apulei
2208 1056 2332 1113 164,
2367 1055 2405 1101 2.

399 1122 916 1176 TiburtinaeHadr.
942 1123 1167 1172 uocauit
1191 1122 1273 1178 26,
1300 1122 1348 1170 6.
1400 1125 1597 1174 Punico
1643 1124 1794 1174 bello
1841 1125 1992 1173 serui
2039 1121 2110 1173 ad
2158 1122 2406 1172 militiam

331 1191 809 1241 Pseudoantoninus
866 1190 1030 1240 Diad.
1087 1189 1157 1240 ab
1215 1189 1347 1239 Hel.
1469 1192 1655 1257 parati
1692 1194 1853 1242 erant
1887 1193 1970 1252 61,
2015 1192 2096 1240 16.

330 1259 720 1376 pappellhaltus
755 1260 1054 1377 2082,Οὲ0.21
1401 1261 1626 1379 Pulmg‘cus
1684 1259 1841 1324 Sylla
1900 1258 2029 1308 Seu.
2077 1257 2259 1308 dictus
2304 1258 2406 1316 148,

378 1342 469 1376 seu
507 1342 575 1391 op
646 1343 800 1392 appas
939 1362 950 1386 ,
1059 1361 1073 1375 .
1539 1365 1553 1378 .

329 1395 634 1459 psilothrum
669 1397 787 1458 224,
827 1396 908 1445 16.
1402 1397 1698 1460 Puppienus
1778 1395 1897 1445 siue
1962 1394 2241 1443 Maximus
2310 1391 2401 1440 uid.

334 1463 695 1512 Ptolemaidem
749 1477 782 1510 a
825 1461 1124 1523 Blemmyis
1171 1459 1349 1509 uindi·
1469 1463 1759 1513 Maximus,

402 1532 556 1579 cauit
591 1530 804 1580 Probus
841 1530 897 1580 11
934 1530 1047 1588 198,
1091 1530 1180 1589 15;
1218 1529 1300 1576 26.
1398 1547 1681 1596 purpuram
1727 1531 1847 1579 sine
1894 1543 2030 1579 auro
2090 1527 2291 1578 Helius
2346 1527 2403 1576 ab

332 1597 743 1646 Ptolomaeorum
785 1596 1037 1662 exemplo
1095 1595 1348 1657 Maximi·
1468 1599 1641 1648 Hadr.
1680 1597 1979 1662 adoptatus
2017 1598 2255 1661 accepit,
2291 1609 2397 1660 pro·

401 1678 505 1713 nus
550 1665 732 1713 iunior
775 1664 950 1714 lorica
999 1679 1169 1713 aurea
1216 1676 1349 1712 usus
1470 1668 1620 1716 misit
1680 1665 1837 1715 Com.
1897 1664 2097 1715 Albino
2162 1665 2282 1723 155,
2332 1665 2401 1712 18.

406 1735 493 1780 est
530 1731 587 1781 11
622 1733 706 1793 24,
745 1733 828 1783 29.
1470 1749 1747 1801 purpurae
1771 1733 2119 1782 clarissimae
2159 1731 2405 1796 grauissi-

334 1799 739 1850 Plolomaeorum
774 1814 912 1864 gens
949 1799 1005 1849 ΙΙ
1044 1800 1158 1861 116,
1196 1799 1280 1850 25.
1469 1819 1589 1852 mus
1650 1805 1877 1851 exactor
1935 1799 2097 1850 Alex.
2159 1801 2279 1859 256,
2328 1800 2400 1847 16.

335 1867 659 1918 Ptolomaeus
713 1869 1025 1932 Euergetes
1069 1864 1347 1930 (octauus)
1469 1883 1709 1937 purpura
1749 1867 2161 1918 Alexandriana
2192 1868 2301 1924 256,
2333 1867 2408 1913 19.

403 1935 609 1986 occidit
662 1951 796 2001 quos
843 1935 913 1985 ad
959 1934 1216 1985 militiam
1270 1934 1353 1984 le·
1470 1955 1523 2004 p,
1565 1937 1863 1988 Girbitana
1888 1936 1942 1986 ΙΙ
1967 1937 2086 1996 133,
2113 1937 2191 1984 27.
2226 1934 2409 1983 Maura

404 2009 565 2069 gerat
601 2007 713 2063 171,
753 2006 833 2054 19.
1470 2007 1529 2058 11
1566 2008 1676 2063 133,
1716 2005 1799 2054 27.
1859 2003 2146 2054 Probiana
2179 1997 2298 2054 256,
2331 2001 2407 2047 20.
2481 2050 2482 2059 ,

331 2071 592 2135 publicari
627 2073 792 2122 iussit
826 2070 1088 2122 mulieres
1110 2070 1351 2119 infames
1472 2087 1747 2139 purpurae
1809 2086 1985 2136 genus
2032 2069 2309 2134 singulare
2354 2082 2409 2115 ex

402 2138 564 2193 Alex.
602 2142 719 2202 251,
759 2142 809 2192 9.
1472 2141 1623 2192 bello
1669 2139 1989 2190 Zenobiano
2045 2138 2274 2187 Romam
2328 2134 2410 2183 ad-

331 2205 610 2269 publieatio
658 2208 922 2257 bonorum
969 2206 1145 2256 rarior
1191 2218 1354 2269 quam
1472 2209 1647 2257 latum
1680 2208 1739 2258 ΙΙ
1778 2209 1892 2270 156,
1930 2200 2021 2258 32.

300 2325 305 2328 .
403 2288 662 2338 umquam
699 2275 798 2337 sub
835 2276 934 2325 Pio
970 2274 1078 2323 fuit
1112 2274 1194 2332 38,
1234 2273 1318 2321 29.
1406 2276 1676 2326 Puteolani
1713 2289 1971 2324 secessus
2006 2274 2063 2323 II
2103 2273 2220 2335 184,
2258 2274 2335 2323 19.

336 2341 546 2392 Pudens
581 2358 732 2395 cons,
772 2349 846 2405 (a.
884 2340 1128 2406 918l166)
1155 2342 1238 2398 98,
1264 2341 1343 2388 14·
1404 2346 1634 2395 Puteolis
1670 2343 1728 2391 in
1768 2342 1906 2392 uilla
1932 2341 2304 2391 Ciceroniana
2337 2353 2410 2386 se-

329 2411 511 2472 pner-is
569 2426 635 2459 ac
689 2413 874 2474 puellis
933 2409 1132 2473 quibus
1180 2408 1351 2456 eti-am
1510 2412 1659 2461 ultus
1698 2416 1786 2459 est
1823 2408 1993 2458 Hadr.
2035 2409 2121 2471 25,
2164 2409 2242 2456 12.
2278 2403 2412 2469 apud

406 2476 683 2527 Traianus
741 2477 1007 2527 alimenta
1053 2475 1351 2537 detulerat,
1471 2429 1535 2529 ἓ
1585 2477 1847 2542 templum
1893 2475 2186 2525 Hadriano
2221 2472 2406 2524 consti-

407 2544 804 2594 incrementum
851 2543 1216 2594 liberalitatis
1255 2539 1350 2590 ad·
1471 2547 1582 2597 tuit
1616 2546 1751 2595 Pius
1790 2545 1871 2603 26,
1909 2546 1995 2595 22.

409 2612 546 2661 iecit
579 2611 897 2661 Hadrianus
933 2613 980 2672 9,
1013 2613 1093 2661 17.
1129 2609 1198 2659 ob
1222 2623 1353 2659 con·
1400 2623 1591 2680 pyctas
1634 2614 1961 2677 frequenter
2006 2609 2258 2660 exhibuit
2299 2606 2414 2657 Hel.

407 2678 745 2729 iunctionem
797 2678 1052 2729 Lucillae
1107 2682 1163 2726 et
1221 2676 1355 2727 Veri
1473 2685 1592 2745 220,
1630 2683 1679 2731 9.

405 2761 603 2811 pueros
617 2744 1358 2812 etpuellasnouorumnomi-
1402 2751 1700 2816 pyramides
1737 2747 1986 2813 inspexit
2021 2745 2148 2797 Seu.
2192 2747 2307 2808 137,
2353 2744 2417 2792 13.

405 2814 979 2879 ῃιιιιιὶτιιωεηιατὶαθ
1014 2811 1362 2880 perceptioni
1410 2819 1643 2882 Pyrrhus
1677 2816 1735 2865 11
1773 2817 1892 2877 ⁶216,
1932 2816 2014 2865 16.

407 2881 1292 2948 adscribipraeceperuntMarcus
1308 2882 1364 2928 et
1409 2887 1683 2952 pyrrichas
1756 2884 2035 2937 militares·
2094 2881 2273 2932 Hadr.
2325 2879 2419 2928 fre·

406 2949 534 3000 Ver.
571 2950 655 3009 50,
692 2954 740 3001 3.
777 2968 830 3016 p.
865 2950 1272 3000 Antoninianos
1308 2949 1363 2997 et
1480 2958 1713 3018 quenter
1736 2951 1943 3017 populo
1970 2948 2221 3000 exhibuit
2249 2951 2329 3010 19,
2351 2949 2421 2994 23.
2473 2944 2474 2953 ’

406 3016 622 3081 puellas
652 3020 778 3071 Ant.
809 3019 1100 3069 instituere
1133 3017 1363 3067 uolebat
1408 3024 1681 3087 pythaulas
1705 3024 1931 3069 centum
1956 3016 2316 3067 concinentes
2344 3029 2421 3062 ex-

410 3084 558 3150 Opil.
597 3087 721 3150 197,
772 3090 852 3138 14.
901 3103 953 3151 p.
1002 3091 1058 3136 et
1092 3102 1144 3151 p.
1183 3085 1363 3135 Mam·
1480 3088 1658 3138 hibuit
1695 3086 1877 3136 Carus
1912 3085 1971 3136 ΙΙ
2005 3087 2120 3144 226,
2162 3086 2244 3135 16.

408 3167 673 3204 maeanas
730 3162 785 3207 et
831 3157 1241 3204 Mammaeanos
1280 3155 1363 3203 in·

409 3222 593 3272 stituit
626 3224 783 3275 Alex.
832 3225 959 3282 269,
1007 3224 1088 3272 22.
1136 3223 1353 3289 puellas

411 3290 1355 3343 alimentariasFaustinianascon·
1410 3292 1575 3354 Quadi
1607 3291 1661 3341 Π
1700 3291 1832 3352 189,
1871 3291 1921 3338 7.
1986 3313 2053 3325 -
2112 3286 2178 3348 Q.
2231 3282 2424 3335 amisso

410 3360 591 3410 stituit
634 3362 767 3412 Pius
813 3360 905 3420 39,
943 3360 1026 3407 24.
1093 3360 1217 3418 268,
1270 3364 1353 3411 23.
1474 3375 1604 3424 rege
1642 3373 1741 3408 suo
1781 3373 1891 3408 non
1934 3356 2084 3422 prius
2130 3371 2191 3406 se
2239 3352 2425 3404 confir-

409 3443 584 3480 nouas
631 3446 680 3494 p.
727 3430 792 3481 F.
832 3429 890 3477 in
925 3426 1188 3477 honorem
1223 3444 1356 3480 uxo·
1474 3431 1718 3476 maturos
1759 3440 1885 3476 eum
1922 3425 2016 3489 qui
2052 3430 2174 3474 erat
2213 3426 2426 3473 creatus

409 3503 487 3550 ris
533 3501 780 3548 mortuae
835 3497 1080 3546 instituit
1135 3496 1357 3548 Marcus
1478 3493 1743 3546 dicebant
1783 3509 1947 3559 quam
1983 3491 2039 3541 id
2075 3494 2286 3542 nostris
2315 3489 2422 3555 pla-

413 3571 496 3633 65,
533 3569 582 3619 8.
1480 3565 1687 3614 cuisset
1720 3560 2152 3627 imperatoribus
2207 3560 2295 3624 55,
2351 3560 2425 3608 29.
2467 3560 2468 3564 ’

2451 3816 2467 3854 d
