2517 3884
355 173 477 237 120
1055 178 1205 233 AELI
1250 177 1599 234 SPARTIANl

358 365 475 426 que
505 353 570 406 ut
601 355 730 406 erat
760 353 921 406 aetas
952 345 1051 406 uel
1080 353 1312 424 patrem
1347 344 1444 405 uel
1473 343 1659 404 filium
1702 344 1803 405 uel
1842 355 2152 425 parentem
2187 345 2288 406 ad-

288 443 320 490 2
360 434 511 493 fatus
542 430 923 491 blandissime
956 438 1063 492 est.
1140 430 1245 492 sed
1275 429 1537 510 populus
1568 432 1628 490 in
1670 432 1886 491 rostris
1929 437 2106 508 atque
2145 439 2289 492 'ante

360 519 588 578 curiam
620 516 963 594 ingentibus
996 535 1132 576 eum
1177 517 1468 576 conuiciis
1499 513 1829 576 lacessebat
1867 534 2148 595 speranS,
2186 515 2322 576 ‹le-.

292 614 323 660 3
360 605 502 682 poni
534 602 607 662 ab
640 621 711 662 eo
742 620 922 680 posse
952 603 1275 680 imperium
1307 599 1467 680 quod
1491 599 1710 660 milites
1739 600 2044 662 dederant.
2111 599 2288 681 [lapi-

360 689 663 750 dationem
689 703 927 764 quoque
952 685 1208 766 secere]
1233 685 1624 748 descendenti
1645 703 1778 748 cum
1803 685 2090 748 militibus
2113 695 2171 748 et
2193 704 2284 748 se·
2347 707 2380 744 5

359 781 501 834 natu
532 775 591 832 in
624 774 852 833 curiam
886 769 1363 851 dirasinprecati
1393 779 1550 840 sunt,
1583 789 1713 832 rem
1739 770 2003 832 diuinam
2027 773 2288 841 facienti,

290 869 325 914 4
362 878 435 918 ne
464 858 681 926 litaret,
716 865 1014 935 optarunt.
1093 856 1321 936 lapides
1355 859 1531 918 etiam
1560 858 1624 917 in
1657 875 1792 918 eum
1823 858 2122 927 iecerunt,
2157 876 2288 918 cum

293 953 324 1002 5
360 942 623 1004 lulianus
666 961 845 1003 manu
885 961 989 1002 >eos
1048 961 1290 1022 semper
1347 942 1584 1021 placare
1643 949 1910 1021 cuperet.
1985 943 2293 1020 ingressus

360 1036 559 1088 autem
591 1030 836 1096 curiam,
869 1026 1100 1106 placide
1134 1040 1193 1107 et
1219 1027 1550 1106 prudenter
1582 1026 1768 1088 uerba
1797 1028 1957 1088 l'ecit‘⁸
2008 1029 2129 1105 egit
2158 1045 2290 1105 gra-

359 1115 489 1182 tiaS,
522 1113 683 1190 quod
716 1121 874 1174 esset
904 1112 1182 1184 adscituS‚
1217 1112 1376 1190 quod
1401 1122 1460 1172 et
1488 1113 1618 1191 ipse
1651 1119 1710 1172 et
1739 1130 1892 1174 uxor
1923 1119 1985 1172 et
2010 1112 2128 1173 filia
2161 1115 2292 1174 eius
2327 1134 2384 1172 ιο

360 1201 763 1276 Augustorum
819 1216 1037 1259 nomen
1092 1205 1471 1280 acceperunt.
1550 1199 1736 1277 patris
1775 1199 2002 1276 patriae
2054 1215 2294 1277 >quoque

294 1293 325 1340 6
365 1301 583 1344 nomen
626 1284 885 1362 recepit,
932 1291 1276 1362 argenteam
1320 1289 1574 1344 statuam
1614 1284 1865 1361 respuit.
1931 1301 1962 1342 e
1993 1289 2206 1344 senatu
2233 1285 2296 1341 in

365 1369 713 1448 Capitolium
742 1371 1022 1446 pergenti
1048 1371 1308 1448 populus
1347 1368 1605 1437 obstitit,
1651 1368 1756 1428 sed
1787 1369 1950 1429 ferro
1981 1376 2039 1428 et
2084 1366 2294 1430 uulne-

365 1454 533 1514 ribus
566 1463 625 1514 et
653 1453 1183 1532 pollicitationibus
1213 1471 1556 1524 aureorum,
1607 1471 1758 1530 quos
1789 1453 1986 1531 digitis
2017 1453 2294 1514 ostende·

366 1539 465 1600 bat
495 1540 625 1617 ipse
656 1537 939 1608 IulianuS,
984 1547 1051 1600 ut
1088 1539 1267 1600 fidem
1315 1541 1570 1607 faceret,
1617 1547 1952 1600 summotus
1982 1546 2160 1615 atque
2192 1538 2296 1598 de·
2331 1559 2388 1597 15

300 1638 330 1684 7
366 1623 580 1703 pulsus
614 1632 719 1684 est.
798 1622 937 1684 inde
970 1624 1041 1684 ad
1076 1626 1347 1686 circense
1381 1623 1790 1702 spectaculum
1821 1626 1971 1684 itum
2003 1632 2111 1683 est.
2189 1624 2296 1684 sed

368 1709 671 1787 occupatis
701 1707 1109 1770 indifferenter
1156 1713 1419 1772 omnium
1467 1707 1767 1770 subselliis
1809 1707 2062 1790 populus
2104 1710 2295 1786 gemi-

368 1795 532 1854 nauit
563 1794 839 1854 conuicia*
862 1795 924 1854 in
956 1793 1282 1856 lulianum:
1315 1795 1714 1856 Pescennium
1745 1794 2008 1872 Nigrum,
2045 1795 2147 1870 qui
2175 1795 2298 1854 iam
2362 1843 2366 1846 .

300 1891 332 1939 8
366 1880 665 1956 imperare
696 1878 1036 1961 dicebatur,
1081 1879 1153 1940 ad
1202 1881 1368 1942 urbis
1410 1879 1775 1958 praesidium
1816 1880 2072 1939 uocauit.
2149 1878 2301 1939 haec

369 1965 567 2024 omnia
599 1962 861 2024 lulianus
892 1963 1120 2042 placide
1163 1965 1302 2027 tulit
1341 1974 1590 2042 totoque
1635 1966 1872 2043 imperii
1901 1966 1996 2025 sui
2025 1974 2300 2043 tempore
2327 1984 2388 2023 20

337 2050 719 2137 ‘mitissimus
762 2050 905 2118 suit;
966 2047 1227 2128 populus
1271 2059 1470 2112 autem
1510 2052 1571 2109 in
1626 2049 1841 2110 milites
1892 2049 2300 2110 uehementis-

369 2136 518 2194 sime
548 2132 967 2204 inuehebatur,
1016 2137 1120 2212 qui
1162 2135 1239 2198 ob
1284 2137 1596 2215 pecuniam
1641 2135 2015 2195 Pertinacem
2047 2134 2299 2196 occidis—

370 2226 519 2279 sent.
580 2218 765 2280 multa
794 2222 977 2297 igitur
1008 2236 1161 2297 quae
1174 2220 1536 2283 Commodus
1557 2224 1862 2287 statuerat,
1895 2219 2175 2280 Pertinax
2203 2227 2300 2280 tu—

304 2321 337 2370 9
371 2303 545 2372 lerat,
580 2305 651 2364 ad
698 2303 1133 2368 conciliandum
1164 2308 1431 2368 favorem
1473 2304 1679 2384 populi
1719 2305 2002 2365 restituit.
2063 2303 2137 2364 de
2165 2305 2300 2383 ipso

370 2389 680 2450 Pertinace
722 2393 918 2466 neque
958 2390 1111 2450 male
1153 2409 1351 2470 neque
1380 2390 1534 2450 bene
1575 2390 1893 2466 quicquam
1939 2390 2074 2468 egit.
2139 2389 2301 2469 quod
2327 2407 2388 2448 25

266 2491 333 2540 10
370 2475 783 2551 gravissimum
813 2473 1087 2554 plurimis
1120 2479 1316 2538 uisum
1353 2483 1456 2536 est.
1521 2476 1782 2535 constitit
1810 2480 2026 2544 autem,
2053 2482 2304 2553 propter

368 2565 593 2619 metum
623 2557 875 2620 militum
911 2560 985 2622 de
1014 2561 1243 2623 honore
1275 2560 1600 2625 Pertinacis
1628 2560 1874 2620 tacitum
1905 2577 2060 2620 esse.

298 2645 341 2711 5
540 2643 616 2704 Et
644 2643 913 2707 Iulianus
945 2647 1187 2724 quidem
1216 2663 1414 2726 neque
1445 2645 1808 2706 Brittanicos
1851 2647 2153 2706 exercitus
2197 2663 2301 2705 ne-

372 2746 488 2806 que
517 2727 785 2810 Illyricos
814 2731 1075 2802 timebat,
1102 2733 1351 2811 Nigrum
1385 2748 1530 2790 uero
1561 2731 1746 2791 misso
1775 2729 2170 2810 primipilario
2200 2748 2302 2790 oc·

372 2814 489 2876 cidi
539 2824 958 2895 praeceperat,
1020 2819 1235 2880 timens
1284 2816 1605 2897 praecipue
1647 2814 1923 2893 Syriacos
1976 2817 2296 2876 exercitus,
2327 2832 2387 2872 30

302 2918 334 2964 2
374 2916 518 2976 ergo
558 2899 929 2964 Pescennius
968 2903 1150 2980 Niger
1200 2904 1264 2963 in
1307 2901 1504 2980 Syria,
1561 2893 1887 2978 Septimius
1931 2901 2197 2961 Seuerus
2238 2903 2303 2961 in

371 2983 606 3062 Illyrico
660 3004 795 3046 cum
858 2987 1220 3049 exercitibus
1282 2986 1500 3064 quibus
1559 2983 1980 3062 praesidebant
2009 3004 2042 3045 a
2072 2984 2303 3046 Iuliano

475 3175 508 3222 4
530 3171 935 3238 lapidationem
954 3189 1003 3237 q.
1027 3173 1209 3223 fecere
1230 3175 1328 3225 del.
1349 3171 1597 3222 Mem-sen.
1624 3169 1786 3218 mites
1804 3166 1926 3218 ΒΡι
2021 3171 2050 3219 7
2079 3168 2306 3222 elitaret

371 3238 475 3290 BP
496 3256 566 3291 ne
589 3241 673 3292 lit.
699 3242 767 3292 M
896 3243 929 3291 8
954 3241 1174 3306 placere
1198 3239 1270 3290 B¹
1401 3242 1463 3288 11
1489 3243 1678 3303 patres
1701 3236 1823 3286 ΒΡι
1907 3239 1921 3248 ”
1952 3240 2015 3288 12
2043 3253 2072 3287 e
2099 3245 2303 3289 senatu

372 3307 476 3358 BP
498 3314 555 3360 et
580 3311 803 3360 senatui
826 3309 893 3359 M
1002 3311 1065 3358 14
1091 3308 1238 3373 quod
1260 3308 1364 3358 BP
1465 3309 1526 3356 1‘1
1551 3304 1943 3356 indifferentur
1965 3306 2018 3356 B
2130 3309 2196 3358 20
2221 3307 2306 3358 fui
2403 3329 2412 3336 ·

372 3379 604 3443 temp.B
706 3381 771 3428 23
790 3375 1025 3428 multoss
1127 3379 1195 3427 24
1219 3374 1618 3426 consiliandum
1634 3373 1737 3422 BP
1837 3376 1904 3424 26
1929 3381 2116 3426 autem
2134 3393 2229 3428 om.
2244 3377 2310 3426 M

476 3449 540 3498 27
568 3451 653 3497 est
676 3444 779 3494 BP
800 3459 921 3495 esse
946 3444 1012 3493 M
1144 3447 1209 3496 28
1233 3442 1606 3494 brittannicos
1630 3442 1681 3491 P
1817 3445 1880 3494 31
1909 3445 2070 3510 niger
2093 3445 2152 3494 in
2175 3443 2302 3508 illy-

372 3517 489 3566 rico
518 3531 557 3566 s.
588 3528 813 3565 seuerus
839 3513 898 3562 in
924 3513 1071 3576 syria
1095 3513 1262 3562 BPM
1393 3512 1660 3578 septimus
1684 3508 1788 3560 BP
1809 3521 1845 3562 t.
1872 3512 2021 3565 Iord.
2050 3529 2140 3564 em.
2167 3512 2302 3577 Eyn.
