2517 3884
701 196 1076 268 Aiwomnvs
1115 211 1282 268 Plvs.
1358 211 1412 268 c.
1444 213 1650 268 8-10,
2054 206 2135 270 41

207 393 384 455 quam
410 377 712 439 Hadriano
743 378 972 440 detulit.
1008 379 1301 440 Pacorum
1333 395 1535 456 regem
1553 377 1748 440 Ladiis
1778 378 1957 438 dedit.
1991 379 2136 440 Par-

209 461 452 522 thorum
483 480 689 542 regem
721 462 794 523 ab
826 465 1244 524 Armeniorum
1278 465 1715 542 expugnatione
1741 462 1889 524 -solis
1919 463 2136 524 litteris

210 547 493 627 reppulit.
572 547 872 626 Abgarum
903 565 1110 626 regem
1154 567 1226 608 ex
1274 550 1521 609 orientis
1566 548 1835 627 partibus
1876 548 1997 609 sola
2030 567 2135 610 au-

209 635 484 694 ctoritate
518 633 780 693 deduxit.
841 651 1052 694 causas
1098 631 1329 710 regales
1371 635 1732 694 terminauit.
1810 633 2014 694 sellam
2042 652 2139 696 re·
2176 644 2210 693 7

163 729 188 769 ⁵
211 720 368 795 giam
411 717 774 778 Parthorum
815 719 942 795 regi
983 720 1312 797 repetenti,
1348 735 1527 795 quam
1558 719 1849 780 Traianus
1879 727 2135 798 ceperat,

208 803 583 880 pernegauit.
643 801 1052 863 Rimethalcen
1092 804 1155 862 in
1199 820 1455 880 regnum
1501 804 1897 864 Bosforanum
1940 804 2139 864 audito
2176 814 2215 862 8

207 888 364 946 inter
406 888 606 964 ipsum
647 894 707 947 et
747 895 1082 947 curatorem
1137 889 1381 964 negotio
1437 890 1687 948 remisit.
1763 886 2141 967 Olbiopolitis
2177 897 2212 946 9

209 979 420 1032 contra
444 971 884 1051 Tauroscythas
913 973 976 1032 in
991 972 1250 1032 Pontum
1280 971 1496 1032 auxilia
1524 974 1685 1033 misit
1716 978 1775 1032 et
1805 973 2135 1054 Tauroscy-

209 1056 344 1118 thas
375 1073 570 1132 usque
601 1056 674 1116 ad
717 1056 944 1117 dandos
986 1055 1365 1135 Olbiopolitis
1406 1057 1643 1118 obsides
1689 1059 1849 1118 uicit.
1909 1065 2137 1119 tantum
2178 1065 2248 1115 10

143 1154 190 1194 10
213 1159 356 1202 sane
386 1142 756 1202 auctoritatis
801 1141 959 1220 apud
992 1149 1228 1202 exteras
1272 1148 1482 1220 gentes
1514 1160 1688 1202 nemo
1719 1140 1958 1212 habuit,
2002 1161 2135 1203 cum

213 1244 456 1304 semper
487 1227 778 1286 amauerit
808 1244 1048 1305 pacem,
1097 1245 1168 1286 eo
1212 1244 1403 1304 usque
1448 1234 1515 1287 ut
1556 1226 1857 1306 Scipionis
1898 1233 2137 1287 senten-

209 1313 354 1372 tiam
383 1311 800 1387 frequentarit,
835 1327 951 1389 qua
981 1311 1082 1372 ille
1113 1310 1378 1381 dicebat,
1410 1310 1591 1373 malle
1622 1329 1685 1372 se
1725 1329 1913 1372 unum
1944 1313 2139 1372 ciuem

210 1413 460 1456 seruare
494 1413 668 1474 quam
698 1393 862 1455 mille
891 1394 1098 1456 hostes
1127 1396 1422 1456 occidere.

337 1481 606 1541 Mensem
639 1480 1054 1559 Septembrem
1086 1488 1265 1558 atque
1296 1479 1616 1542 Octobrem
1646 1481 2009 1541 Antoninum
2050 1488 2136 1541 at·
2165 1479 2250 1543 10

141 1579 188 1618 15
213 1582 328 1643 que
357 1565 715 1626 Faustinum
747 1564 1132 1645 appellandos
1162 1565 1428 1626 decrevit
1468 1574 1739 1635 senatus,
1784 1565 1890 1626 sed
1931 1565 1988 1626 id
2019 1568 2136 1626 An-

213 1651 458 1710 toninus
487 1651 738 1728 respuit.
785 1650 1036 1730 Nuptias
1065 1649 1218 1710 filiae
1249 1668 1393 1711 suae
1416 1650 1749 1720 Faustinae,
1777 1668 1911 1710 cum
1938 1650 2136 1710 Marco
2175 1665 2207 1713 2

208 1735 515 1797 Antonino
547 1753 678 1797 eam
710 1737 1130 1814 coniungeret,
1178 1752 1369 1812 usque
1402 1735 1474 1795 ad
1505 1735 1853 1795 donatiuum
1884 1733 2138 1796 militum

209 1819 642 1881 celeberrimas
683 1820 844 1880 fecit.
909 1822 1130 1881 Verum
1172 1821 1536 1881 Antoninum
1576 1827 1715 1898 post
1756 1825 2139 1896 quaesturam
2174 1837 2213 1884 3

209 1903 522 1966 consulem
554 1904 712 1966 fecit.
774 1905 922 1967 Cum
950 1903 1361 1984 Apollonium,
1406 1921 1582 1982 quem
1618 1922 1649 1964 e
1682 1903 1956 1966 Calchide
1988 1905 2139 1964 acci·
2176 1921 2216 1968 4-

139 2003 186 2042 20
213 1997 403 2059 uerat,
439 1989 514 2050 ad
537 1988 916 2051 Tiberianam
949 1991 1213 2059 domum,
1248 1991 1313 2050 in
1344 2007 1461 2066 qua
1490 1987 1809 2057 habitabat,
1843 1996 2137 2056 uocasset,

209 2082 278 2134 ut
331 2075 388 2134 ei
431 2075 696 2135 Marcum
738 2075 1101 2136 Antoninum
1154 2074 1453 2144 traderet,
1510 2081 1686 2153 atque
1739 2073 1841 2134 ille
1894 2073 2143 2133 dixisset

210 2177 380 2229 „non
411 2160 698 2236 magister
729 2159 802 2220 ad
833 2159 1191 2239 discipulum
1221 2158 1404 2220 debet
1430 2160 1657 2227 uenire,
1683 2158 1787 2218 sed
1813 2156 2141 2236 discipulus

211 2243 282 2304 ad
313 2244 744 2322 magistrum“:
793 2246 926 2305 risit
956 2263 1094 2305 eum
1124 2243 1357 2305 dicens:
1392 2243 1667 2312 „facilius
1695 2243 1809 2304 suit
1829 2241 2141 2321 Apollonio

209 2347 242 2388 a
276 2327 558 2390 Calchide
589 2328 837 2390 Romam
867 2331 1078 2391 uenire
1110 2346 1289 2406 quam
1318 2347 1352 2388 a
1376 2329 1552 2389 domo
1576 2330 1765 2389 suain
1790 2326 2138 2407 palatium.“

139 2425 188 2466 25
211 2415 388 2474 cuius
419 2414 732 2474 auaritiam
764 2415 941 2475 etiam
971 2418 1033 2474 in
1065 2413 1447 2475 mercedibus
1478 2415 1723 2474 notauit.
1772 2413 1935 2473 Inter
1966 2429 2139 2490 argu·
2178 2426 2217 2475 5

209 2505 417 2559 menta
463 2499 702 2576 pietatis
743 2500 873 2559 eius
919 2505 980 2559 et
1027 2497 1143 2560 hoc
1182 2497 1441 2559 habetur
1482 2499 1672 2575 quod,
1728 2517 1866 2559 cum
1906 2497 2141 2558 Marcus

209 2589 516 2643 mortuum
548 2581 932 2645 educatorem
963 2601 1140 2644 suum
1181 2582 1356 2644 fleret
1398 2590 1837 2661 uocareturque
1882 2582 1956 2643 ab
1990 2581 2138 2642 auli·

211 2669 298 2728 cis
327 2668 620 2728 ministris
653 2668 724 2728 ab
757 2669 1152 2729 ostentatione
1183 2669 1452 2747 pietatiS,
1483 2670 1615 2747 ipse
1645 2667 1892 2729 dixerit:
1956 2685 2139 2809 „Ker-

212 2753 465 2821 mittite,
497 2751 738 2828 inquid,
772 2751 888 2823 illi,
924 2760 990 2814 ut
1019 2750 1198 2814 homo
1230 2755 1335 2814 sit:
1398 2769 1608 2830 neque·
1630 2755 1785 2814 enim
1820 2751 1917 2813 uel
1945 2769 1983 2830 p
2029 2749 2109 2810 ilo

145 2847 190 2887 ³⁰
214 2836 423 2916 sophia
463 2835 560 2896 uel
605 2837 923 2916 imperium
965 2836 1120 2898 tollit
1159 2838 1495 2899 adfectusf‘
1538 2838 1879 2898 Praefectos
1910 2854 2053 2896 suos
2084 2841 2142 2895 et
2178 2849 2217 2898 6

212 2920 606 3001 locupletauit
635 2930 694 2983 et
722 2924 1088 2986 ornamentis
1119 2905 1535 2983 consularibus
1566 2923 1828 2982 donauit.
1907 2922 1959 2980 si
1989 2937 2211 2997 quos-1

212 3005 689 3085 repetundarum
733 3007 1062 3077 damnauit,
1097 3025 1307 3068 eorum
1339 3005 1545 3068 liberis
1576 3006 1732 3067 bona
1763 3011 2011 3085 paterna
2044 3023 2139 3066 re-

313 3194 340 3240 1
367 3190 550 3242 lachis
574 3191 626 3240 B
653 3191 742 3252 (ch
767 3194 818 3242 in
841 3192 971 3255 raa.)
1007 3193 1174 3242 Lazis
1201 3193 1243 3242 Ο
1377 3194 1407 3242 2
1440 3206 1603 3256 reges
1627 3190 1731 3241 BP
1863 3193 1894 3241 3
1930 3191 2145 3256 origen-

209 3259 284 3309 τίς
307 3259 360 3308 Β
503 3262 534 3309 5
559 3260 777 3324 repenti
799 3258 935 3311 B¹P¹
1083 3262 1112 3311 7
1139 3260 1303 3324 negio
1326 3259 1400 3309 Βι
1539 3259 1887 3324 olbiopositis
1910 3257 1979 3308 B¹

211 3328 242 3376 9
266 3323 326 3376 tii
345 3329 380 3376 i.
408 3343 452 3376 e.
481 3331 669 3376 tamen
693 3325 743 3376 B
881 3330 943 3378 13
967 3328 1146 3378 hostis
1168 3326 1240 3376 B¹
1384 3329 1446 3377 14
1470 3342 1687 3378 menses
1712 3327 1775 3376 M
1910 3327 1973 3376 19
2000 3325 2142 3375 elchi

213 3393 544 3444 decreuerat
563 3394 614 3442 B
641 3394 890 3445 calchide
917 3411 1031 3447 acc.
1060 3397 1121 3446 M
1257 3397 1324 3444 24
1351 3394 1641 3445 chalchida
1667 3393 1717 3444 B
1756 3393 2009 3444 calchida
2034 3392 2146 3441 PM

211 3462 612 3579 meffgsilffp‘fdd'
639 3462 756 3512 libri
779 3463 893 3514 cas.
1054 3466 1118 3515 27
1151 3467 1550 3528 uetareturque
1575 3460 1646 3512 Ρ8
1672 3463 1795 3527 Req.
1958 3463 2020 3510 31
2060 3474 2146 3509 or—
