2517 3884
296 1690 378 1753 28

410 165 531 230 156
941 171 944 175 ’
1117 170 1335 226 FLAvn
1380 170 1632 225 vopisci
1718 128 1729 141 ⁸

409 354 522 412 que
554 338 868 414 rescripsit
901 354 1074 413 quam
1107 338 1235 395 eius
1268 339 1504 397 fortuna
1535 336 1846 413 poscebat,
1893 336 2075 396 credo
2109 336 2179 395 ad
2214 348 2337 396 ter-

407 440 629 481 rorem.
711 420 907 501 [nam]
956 423 1083 481 eius
1126 438 1361 497 quoque
1404 419 1698 498 epistulae
1738 420 2073 498 exemplum
2114 420 2335 485 indidi:

537 505 838 575 „Zenobia
870 508 1077 582 regina
1109 506 1357 565 orientis
1387 503 1707 565 Aureliano
1738 506 2025 581 Augusto.

529 591 716 650 Nemo
749 590 938 649 adhuc
968 598 1208 669 praeter
1240 596 1297 647 te
1331 588 1443 647 hoc
1476 589 1632 665 quod
1664 590 1883 670 pos-cis
1917 589 2133 649 litteris
2165 591 2332 667 petit.

402 677 624 735 uirtute
673 674 1008 734 faciendum
1054 681 1144 733 est
1185 673 1469 751 quidquid
1512 676 1574 734 in
1616 673 1800 734 rebus
1842 672 2074 734 bellicis
2108 682 2201 734 est
2228 692 2334 751 ge·
2388 690 2419 730 5
2513 721 2517 758 Α

333 769 364 815 3
401 759 672 819 rendum.
751 758 1115 819 deditionem
1145 776 1338 818 meam
1371 761 1553 837 petis,
1591 760 1756 835 quasi
1788 760 2051 827 nescias,
2086 758 2336 837 Cleopa·
2515 761 2517 777 ⁶

399 851 554 903 tram
607 845 876 919 reginam
928 844 1130 921 perire
1185 841 1466 903 maluisse
1511 859 1683 919 quam
1728 845 1789 903 in
1833 842 2099 920 qualibet
2128 846 2337 904 uiuere

333 936 364 982 4
401 928 705 1003 dignitate.
783 926 957 987 nobis
990 928 1307 987 Persarum
1339 926 1553 987 auxilia
1582 945 1705 987 non
1737 928 1981 995 desunt,
2031 945 2185 1004 quae
2216 930 2337 988 iam

403 1029 741 1101 speramus,
807 1030 914 1090 pro
960 1012 1133 1072 nobis
1175 1021 1313 1072 sunt
1344 1012 1656 1080 Saraceni,
1698 1030 1811 1090 pro
1842 1012 2013 1072 nobis
2042 1014 2328 1073 Armenii.

331 1106 362 1152 5
394 1088 664 1158 latrones
697 1096 830 1175 Syri
863 1098 1190 1157 exercitum
1223 1104 1421 1169 tuum,
1465 1095 1800 1165 Aureliane,
1833 1100 2138 1157 uicerunt:
2174 1084 2331 1175 quod
2363 1114 2413 1151 10

397 1183 448 1241 si
477 1183 659 1259 igitur
700 1180 802 1241 illa
843 1182 1082 1241 uenerit
1111 1199 1322 1241 manus
1352 1198 1503 1259 quae
1534 1180 1793 1257 undique
1818 1189 2109 1260 speratur,
2144 1200 2335 1260 pones

394 1266 665 1345 profecto
697 1265 1116 1365 supercilium,
1179 1282 1297 1343 quo
1330 1282 1489 1325 nunc
1530 1264 1673 1325 mihi
1704 1266 2101 1334 deditionem,
2162 1267 2336 1345 quasi

329 1366 360 1413 6
399 1351 773 1411 omnifariam
808 1353 1019 1420 uictor,
1045 1352 1373 1428 imperasf‘
1420 1350 1585 1409 Hanc
1608 1350 1916 1429 epistulam
1936 1350 2335 1411 Nicomachus

399 1453 464 1495 se
498 1435 872 1496 transtulisse
920 1437 979 1494 in
1027 1434 1316 1494 Graecum
1376 1453 1448 1495 ex
1499 1434 1699 1513 lingua
1732 1435 2016 1513 Syrorum
2071 1436 2214 1495 dicit
2257 1434 2333 1495 ab

397 1521 522 1597 ipsa
585 1520 842 1579 Zenobia
915 1518 1211 1583 dictatam.
1318 1537 1455 1580 nam
1525 1519 1633 1579 illa-
1696 1522 1971 1598 superior
2029 1519 2333 1580 Aureliani
2361 1537 2411 1577 15

401 1603 626 1664 Graeca
658 1606 835 1663 missa
869 1612 976 1663 est.
1099 1661 1102 1664 .
1503 1632 1511 1637 ·

526 1687 632 1747 His
663 1690 920 1765 acceptis
948 1686 1165 1747 litteris
1195 1687 1547 1749 Aurelianus
1578 1706 1699 1749 non
1734 1688 1969 1749 erubuit
2000 1689 2105 1767 sed
2139 1689 2327 1750 iratus

398 1779 487 1831 est
519 1774 832 1849 statimque
883 1770 1133 1831 collecto
1186 1774 1452 1832 exercitu
1505 1791 1571 1832 ac
1621 1772 1871 1833 ducibus
1914 1775 2035 1832 suis
2065 1774 2329 1853 undique

395 1856 727 1935 Palmyram
789 1856 1022 1917 obsedit
1077 1872 1273 1933 neque
1334 1860 1651 1935 quicquam
1709 1859 1805 1917 uir
1864 1858 2039 1919 sortis
2083 1857 2331 1935 reliquit

325 1957 356 2003 2
396 1940 552 2018 quod
595 1950 693 2002 aut
733 1943 1127 2020 inperfectum
1169 1940 1477 2002 uideretur
1520 1950 1619 2001 aut
1655 1944 2010 2002 incuratum.
2088 1960 2225 2003 nam
2264 1951 2323 2002 et
2354 1963 2409 2001 20

393 2025 601 2085 auxilia
637 2043 786 2102 quae
817 2046 850 2087 a
879 2027 1084 2086 Persis
1115 2026 1295 2086 missa
1327 2026 1579 2094 fuerant,
1629 2029 1947 2105 intercepit
1978 2035 2035 2086 et
2065 2026 2187 2087 alas
2220 2027 2325 2087 Sa-

302 2118 308 2123 '
391 2128 638 2171 racenas
667 2113 1097 2189 Armeniasque
1128 2113 1395 2189 corrupit
1426 2119 1603 2187 atque
1634 2111 1705 2171 ad
1739 2124 1803 2170 se
1835 2112 2011 2172 modo
2044 2113 2325 2171 ferociter

391 2195 566 2255 modo
623 2195 918 2256 subtiliter
971 2195 1299 2263 transtulit,
1362 2194 1618 2271 denique
1666 2195 1867 2257 multa-
1896 2198 1957 2255 ui
2012 2195 2325 2256 mulierem
2515 2254 2517 2275 ‚

321 2296 352 2343 3
389 2282 862 2357 potentissimam
920 2282 1078 2339 uicit.
1156 2281 1311 2339 uicta
1361 2281 1539 2357 igitur
1591 2280 1847 2339 Zenobia
1904 2298 2037 2341 cum
2091 2281 2325 2357 fugeret
2515 2278 2517 2355 l

389 2362 686 2431 camellis,
751 2382 900 2439 quos
955 2364 1274 2423 dromedas
1306 2366 1593 2433 uocitant,
1650 2372 1825 2440 atque
1858 2364 1927 2430 ad
1961 2365 2177 2425 Persas
2205 2367 2319 2425 iter
2346 2384 2400 2425 25

389 2449 689 2526 tenderet,
753 2447 1050 2523 equitibus
1093 2450 1292 2507 missis
1337 2456 1427 2509 est
1479 2457 1648 2527 capta
1692 2458 1865 2525 atque
1920 2452 1979 2508 in
2023 2447 2324 2509 Aureliani

317 2549 352 2594 4
386 2538 742 2609 potestatem
785 2532 1053 2593 deducta.
1131 2534 1327 2592 uictor
1380 2536 1579 2609 itaque
1621 2533 1970 2594 Aurelianus
2025 2536 2323 2611 totiusque

386 2616 503 2675 iam
537 2617 786 2676 orientis
818 2634 1150 2694 possessor,
1181 2634 1317 2676 cum
1347 2619 1408 2677 in
1439 2618 1695 2678 uinculis
1716 2617 2033 2679 Zenobiam
2068 2625 2317 2687 teneret,

389 2719 519 2760 cum
563 2700 766 2761 Persis
797 2701 1091 2761 Armeniis
1124 2700 1437 2762 Saracenis
1480 2702 1795 2780 superbior
1836 2711 2011 2779 atque
2054 2702 2318 2763 insolen-

317 2801 349 2849 5
387 2787 504 2845 tior
536 2787 656 2875 egit
686 2804 752 2846 ea
769 2803 936 2884 quae
969 2788 1118 2845 ratio
1161 2789 1451 2864 temporis
1496 2785 1848 2865 postulabat.
1926 2794 2066 2847 tunc
2111 2787 2318 2848 allatae
2344 2808 2395 2846 30

383 2866 586 2930 uestes
619 2888 761 2946 quas
803 2873 863 2930 in
909 2869 1129 2948 templo
1172 2869 1329 2930 Solis
1368 2872 1640 2931 uidemus
1694 2879 2001 2931 consertae
2043 2872 2314 2949 gemmis,

382 2963 524 3024 tunc
556 2956 809 3016 Persici
835 2955 1128 3015 dracones
1181 2961 1240 3013 et
1292 2956 1507 3023 tiarae,
1566 2952 1710 3016 tunc
1762 2973 1951 3033 genus
1990 2974 2313 3035 purpurae,

384 3040 540 3114 quod
599 3048 805 3123 postea
864 3057 977 3106 nec
1034 3038 1152 3099 ulla
1195 3056 1346 3116 gens
1376 3039 1609 3109 detulit,
1672 3056 1785 3099 nec
1817 3040 2119 3101 Romanus
2150 3040 2317 3104 orbis

517 3209 548 3253 2
574 3223 702 3256 nam
725 3210 866 3257 uncis
888 3209 1068 3256 inclusi
1211 3209 1244 3256 4
1278 3208 1383 3257 hoc
1407 3224 1498 3258 om.
1526 3208 1593 3257 M
1733 3210 1761 3257 7
1789 3210 1998 3272 perisse
2023 3207 2105 3257 Βι
2254 3211 2317 3258 10

382 3273 514 3336 quid
537 3274 588 3321 P
731 3277 792 3323 12
819 3275 1165 3338 supertilium
1190 3275 1240 3323 B
1407 3278 1469 3325 13
1493 3276 1669 3325 hance
1695 3277 1745 3325 P
1768 3284 1802 3329 t.
1832 3276 1976 3327 Iord
2128 3276 2316 3325 nicho-

380 3339 606 3389 machus
630 3342 732 3389 BP
866 3345 930 3391 15
954 3342 1236 3391 aureliane
1264 3343 1315 3390 B
1330 3342 1340 3373 ¹
1484 3346 1547 3392 23
1574 3350 1699 3407 post
1724 3344 1897 3393 multa
1922 3343 2047 3392 mul.
2074 3344 2143 3393 M
2250 3346 2315 3393 28

380 3407 637 3455 tenderet
660 3407 740 3455 B¹
843 3410 910 3458 29
935 3411 1186 3473 superior
1207 3404 1373 3459 BPM
1468 3414 1533 3461 30
1555 3410 1685 3459 illae
1710 3411 1875 3459 BPM
1896 3410 2103 3460 allatae
2128 3412 2320 3475 scripsi

515 3476 580 3523 32
605 3479 720 3522 tum
744 3490 889 3539 pers,
914 3476 1079 3526 BPM
1097 3482 1230 3525 tunc
1254 3480 1444 3541 scripsi
1526 3476 1743 3527 thiarae
1773 3478 1873 3526 BP
1961 3482 2025 3528 33
2051 3484 2212 3542 poste
2236 3476 2313 3527 P1
