2517 3884
357 179 403 234 X
1128 174 1521 232 PRAEFATIO.

353 330 494 388 quas
527 312 688 385 niger
730 311 1028 371 adtriuerat
1073 313 1357 384 pecuniam
1388 312 1538 366 misit
1568 329 1679 385 quo
1712 313 1929 370 facilius
1962 313 2066 372 sibi
2098 331 2285 370 earum

349 397 568 456 accolas
612 395 962 453 conciliaret’.
1013 404 1068 454 at
1109 395 1277 468 longe
1318 395 1537 452 diuersa
1580 404 1795 454 exstant
1837 398 1892 454 in
1924 399 2041 460 cod.
2076 399 2159 454 B:
2218 411 2295 462 ‚et

353 485 492 539 istae
523 480 699 554 igitur
736 481 1000 554 epistulae
1043 488 1263 555 constat
1292 495 1417 536 eum
1448 471 1629 537 uirum
1660 482 1850 538 utilem
1880 482 2118 539 fuissent
2148 484 2293 540 indi-

350 575 480 624 cant
509 575 564 623 et
595 565 758 622 illud’
791 574 848 622 et
878 584 932 639 q.
963 583 1008 622 s.
1069 565 1219 638 atqui
1249 581 1375 620 cum
1406 581 1473 621 ne
1500 581 1568 620 ea
1608 567 1825 639 quidem
1857 568 1931 625 ita
1962 569 2086 630 sint,
2118 575 2183 624 ut
2215 570 2292 626 ita

347 651 671 708 emendasse
712 649 970 706 librarius
1013 648 1184 706 uerba
1215 666 1357 722 quae
1396 651 1453 706 in
1484 649 1540 704 P
1577 651 1859 708 inuenerat
1900 645 2288 709 ekistimandus
2358 643 2379 714 ,⁰
2427 647 2428 656 ¹

346 737 443 799 sit,
473 745 532 793 et
560 738 618 791 in
640 736 862 792 eandem
893 734 1222 808 scripturam
1245 733 1529 790 inciderim
1540 737 1606 810 in
1630 735 1911 792 codicibus
1929 737 2285 796 Riccardiano

289 877 294 882 ,
350 829 409 876 et
438 820 802 878 Laurentiano
834 819 976 894 plut.
1008 817 1162 874 LXIII
1193 835 1277 874 nr.
1308 821 1391 881 31,
1436 836 1671 892 quorum
1714 829 1911 877 neuter
1942 838 2005 877 ex
2034 820 2288 879 Bamber-

350 907 506 976 gensi
539 904 1113 977 originem'duxit‚non
1145 917 1267 959 esse
1296 903 1633 978 descriptum
1654 905 1773 961 cod.
1808 905 1865 960 B
1894 921 1957 962 ex
1969 905 2288 963 Peil‘ectum

315 997 453 1045 ,est.
486 996 540 1044 et
569 985 896 1062 quamquam
927 988 1165 1046 concedo
1189 989 1381 1046 calami
1405 988 1595 1063 lapsus
1618 991 1674 1046 in
1696 989 2137 1047 cod.Prariores
2166 1009 2290 1048 esse

351 1089 513 1147 quam
528 1074 748 1136 inB,hic
764 1083 943 1131 tamen
957 1072 1377 1150 cod.Bpropius
1394 1073 1459 1129 ad
1488 1089 1679 1130 uerum
1694 1075 1949 1132 accedere
1974 1075 2106 1131 mihi
2134 1076 2288 1132 uide-

309 1211 314 1215 .
349 1159 617 1232 tur'quam
634 1159 700 1213 P.
732 1173 854 1215 cum
870 1157 1012 1214 enim
1041 1157 1310 1232 epistulae
1322 1157 1484 1214 Marci
1501 1159 1779 1220 Antonini,
1794 1159 1862 1216 ad
1887 1175 2047 1234 quam
2071 1177 2175 1216 nos
2200 1178 2287 1216 re-

349 1243 496 1315 legat
527 1245 767 1320 scriptor
795 1243 860 1300 ad
884 1258 1064 1299 mores
1078 1241 1716 1316 Athinrcognoscendos,
1741 1244 1847 1300 hoc
1870 1247 1943 1300 sit
1967 1245 2283 1301 exordium:

343 1327 656 1389 ‚Laudanda
717 1336 804 1384 est
853 1327 1037 1384 Albini
1103 1329 1443 1388 constantia.
1505 1329 1599 1400 qui
1660 1328 1905 1400 grauiter
1967 1329 2283 1386 deficientes

341 1413 621 1484 exercitus
655 1415 846 1475 tenuit,
875 1429 1000 1470 cum
1032 1413 1096 1468 ad
1119 1412 1374 1468 Auidium
1398 1411 1643 1469 Cassium
1672 1413 2054 1486 confugerent,
2088 1421 2144 1470 et
2174 1415 2280 1471 nisi

347 1497 438 1554 hic
477 1495 688 1560 suisset,
732 1513 918 1554 omnes
959 1483 1255 1560 fecissent’,
1299 1497 1431 1552 haec
1462 1496 1748 1571 scripsisse
1793 1497 1988 1554 Iulium
2019 1498 2281 1572 Capitoli-

345 1599 478 1638 num
509 1584 746 1655 uestigia
774 1582 893 1639 cod.
927 1582 982 1637 B
1013 1589 1236 1638 secutus
1266 1580 1537 1637 arbitror:
1586 1582 1672 1647 ,Et
1703 1582 1839 1638 istae
1870 1583 2043 1656 igitur
2071 1586 2281 1656 epistu-

347 1666 432 1722 lae
474 1673 826 1723 constantem
855 1668 1038 1724 uirum
1069 1663 1324 1722 Albinum
1356 1665 1530 1722 fuisse
1574 1657 1828 1729 indicant,
1874 1677 1929 1723 et
1958 1666 2093 1724 illud
2120 1684 2282 1741 prae-

338 1752 506 1825 cipue
537 1752 686 1824 quod
715 1752 782 1808 ad
811 1769 904 1808 eas
935 1750 1215 1808 ciuitates’
1249 1758 1306 1806 et
1334 1768 1385 1834 q..
1415 1745 1508 1822 εἷ’)

473 1836 714 1911 Denique
743 1844 808 1892 ut
836 1837 975 1892 hanc
1006 1837 1400 1908 quaestionem,
1433 1851 1571 1908 quae
1602 1839 1741 1892 ratio
1774 1838 1921 1892 inter
1951 1835 2106 1894 codd.
2132 1835 2189 1891 B
2220 1845 2274 1891 et

343 1919 400 1977 P
424 1919 742 1984 intercedat,
789 1920 1086 1982 absoluam,
1131 1927 1304 1976 restat
1346 1929 1408 1975 ut
1452 1921 1614 1976 etiam
1644 1921 1698 1977 P
1724 1935 1787 1976 ex
1820 1921 1875 1976 B
1904 1938 2015 1978 non
2058 1919 2283 1978 fluxisse

337 2006 586 2072 doceam,
642 2005 696 2060 id
750 2005 897 2078 quod
939 2002 1194 2061 facillime
1226 2020 1289 2059 ea
1330 2020 1391 2060 re
1428 2004 1731 2067 euincetur,
1775 2005 1921 2078 quod
1983 2005 2279 2079 conplures

344 2089 589 2150 lacunae,
623 2107 762 2164 quae
787 2098 916 2146 sunt
945 2091 1002 2144 in
1021 2089 1092 2150 Β,
1123 2089 1198 2144 ita
1222 2088 1467 2162 expletae
1491 2096 1621 2146 sunt
1639 2090 1695 2144 in
1710 2090 1774 2152 P,
1800 2097 1862 2144 ut
1893 2088 2274 2165 interpolando

341 2172 464 2230 fieri
493 2191 604 2232 non
635 2177 897 2248 potuerit.
943 2172 996 2229 id
1042 2174 1191 2246 quod
1216 2164 1379 2229 lacile
1410 2173 1710 2247 adparebit‚
1754 2174 1801 2230 si
1832 2174 2075 2249 exempla
2106 2192 2276 2248 pauca

343 2274 712 2332 proposuero.
771 2267 834 2314 ut
875 2257 1150 2316 Commod.
1199 2261 1289 2312 18:
1351 2257 1705 2330 „gladiatoris
1758 2253 2006 2337 [statuas
2041 2257 2282 2332 undique

343 2339 692 2417 gladiatoris]
745 2351 802 2398 et
851 2343 1155 2415 parricidae
1207 2350 1420 2398 statuae
1470 2342 1877 2400 detrahantur.”
1958 2343 2161 2399 Pertin.
2217 2347 2280 2397 4:

337 2444 508 2490 „cum
536 2427 788 2484 Pertinax
835 2421 1044 2502 [factus
1091 2435 1192 2482 est.
1237 2435 1369 2483 tunc
1406 2421 1687 2503 Pertinax]
1732 2423 2092 2483 interficiendi
2124 2426 2285 2482 Com-

344 2513 494 2568 modi
523 2511 914 2570 conscientiam
946 2510 1176 2568 delatam
1210 2510 1314 2567 sibi
1344 2511 1413 2568 ab
1442 2510 1564 2568 aliis
1595 2529 1708 2568 non
1738 2511 1935 2584 fugit.”
1972 2528 2021 2566 c.
2056 2513 2149 2564 10:
2185 2520 2283 2572 „et

337 2616 375 2652 a
407 2605 600 2680 senatu
630 2598 1010 2670 impunitatem
1039 2596 1159 2652 eius
1188 2582 1367 2670 petit.x
1386 2590 1649 2671 [denique
1678 2595 1838 2652 Falco
1881 2595 1937 2650 in
1967 2593 2131 2666 rebus
2163 2597 2281 2650 suis

341 2697 572 2738 securus
591 2681 740 2737 uixit
772 2689 828 2737 et
856 2681 1056 2737 herede
1095 2681 1209 2739 filio
1248 2674 1443 2755 perit]
1489 2675 1787 2754 quamuis'’
1834 2695 1894 2734 ea
1937 2695 2073 2752 quae
2117 2679 2274 2735 uncis

306 2776 318 2791 ⁸
343 2764 540 2822 inclusi
571 2766 770 2822 desunt
798 2765 856 2822 in
884 2765 956 2829 B,
990 2768 1145 2824 cuius
1177 2766 1505 2839 scriptorem
1538 2763 1771 2819 inhisce
1802 2763 2062 2836 exemplis
2095 2763 2273 2821 oculis

338 2849 412 2905 ad
441 2851 736 2924 repetitum
765 2851 934 2925 paulo
964 2859 1094 2926 post
1123 2850 1265 2906 idem
1296 2847 1387 2903 uel
1416 2848 1593 2903 simile
1629 2846 1957 2904 uocabulum
1990 2848 2273 2906 aberrasse

339 2944 770 2991 consentaneum
800 2943 906 2993 est.

477 3131 532 3194 5)
573 3132 731 3194 Quod
754 3133 1038 3198 uolgatum
1064 3137 1164 3192 est,
1191 3132 1346 3182 Bono
1371 3130 1635 3182 Accursio
1662 3132 1912 3195 debetur,
1940 3133 2030 3196 qui
2054 3133 2277 3198 profec-

341 3201 432 3248 tus
469 3200 538 3248 ab
576 3199 769 3248 eadem
801 3200 1090 3262 scriptura,
1143 3215 1305 3265 quam
1338 3201 1573 3264 praebet
1596 3201 1656 3261 P,
1696 3205 1756 3249 ut
1780 3201 2111 3250 sententiam
2138 3216 2277 3265 qua-

341 3265 669 3330 lemcunque
715 3265 988 3330 efficeret,
1025 3267 1165 3318 haec
1209 3267 1406 3316 ediditz
1469 3269 1582 3331 „Et
1616 3268 1757 3318 istae
1791 3267 1959 3333 igitur
1996 3268 2273 3332 epistulae

341 3338 618 3384 testantur
629 3333 888 3384 Albinum
897 3336 1074 3386 uirum
1084 3335 1281 3386 utilem
1297 3336 1487 3396 fuisse,
1510 3333 1759 3384 indicant
1778 3333 2047 3400 [,indicat’
2072 3340 2269 3400 postea

339 3401 414 3450 ab
432 3402 672 3468 Egnatio
697 3403 964 3468 scriptum
989 3399 1094 3468 est]
1126 3407 1183 3453 et
1205 3403 1347 3454 illud
1372 3404 1723 3468 praecipue&
1753 3419 1862 3467 qua
1886 3403 2161 3468 scrIptura
2186 3419 2275 3453 re·

339 3469 616 3586 fellllenda,
656 3485 777 3520 cum
812 3472 1029 3522 omnino
1065 3472 1212 3521 omni
1246 3475 1439 3521 careat
1472 3470 1861 3534 fundamento,
1906 3472 2271 3537 supersedere

341 3536 416 3586 mi
457 3538 654 3591 ilicet.
