2517 3884
713 193 1017 252 GORDIANI
1063 194 1248 251 TRES.
1338 195 1393 251 C.
1428 197 1665 252 28—30.
2070 188 2157 254 49

219 365 420 426 sciret.
485 364 754 443 corrupit
798 370 1110 442 praeterea
1154 362 1331 423 etiam
1360 362 1691 441 principeS‚
1738 361 2151 442 effectumque,
2190 373 2225 424 5

219 457 286 511 ut
314 446 512 528 palam
545 447 856 528 Philippus
887 447 958 508 ad
994 449 1313 535 imperium
1355 454 1726 527 posceretur.
1790 447 1961 508 amici
2004 446 2152 508 Gor·
2192 457 2225 508 6

221 533 381 594 diani
425 533 684 613 primum
729 532 1256 594 uehementissime
1299 529 1684 602 resistebant,
1741 531 1845 592 sed
1876 549 2013 593 cum
2044 533 2155 592 mi-

217 618 354 680 lites
384 619 542 680 fame
573 620 980 689 uincerentur,
1011 619 1333 697 imperium
1364 616 1639 697 Philippo
1671 616 2011 678 mandatum
2044 623 2153 686 est,

161 717 193 758 5
219 705 572 782 iussumque
606 723 634 764 a
669 703 984 773 militibus,
1031 711 1094 764 ut
1126 703 1294 780 quasi
1327 709 1488 764 tutor
1519 705 1645 764 eius
1681 701 1991 782 Philippus
2022 719 2159 763 cum

157 819 178 836 .
221 788 434 850 eodem
467 788 766 850 Gordiano
798 791 1022 869 pariter
1052 790 1395 867 imperaret.

351 873 640 953 Suscepto
671 875 852 951 igitur
881 875 1161 953 imperio,
1218 891 1357 932 cum
1399 879 1456 932 et
1498 871 1811 952 Philippus
1854 891 1919 934 se
1951 869 2264 936 contra30
2328 905 2347 918 ν

221 958 588 1020 Gordianum
628 958 1063 1038 superbissime
1106 965 1341 1036 ageret,
1390 964 1449 1017 et
1488 956 1589 1018 ille
1632 975 1697 1017 se
1735 959 2159 1036 imperatorem

220 1053 403 1121 atque
431 1045 862 1123 imperatorum
893 1043 1123 1124 prolem
1157 1052 1216 1103 et
1238 1045 1439 1103 uirum
1471 1041 1873 1103 nobilissimae
1904 1041 2159 1103 familiae

135 1143 194 1183 ιο
217 1136 687 1207 recognosceret
713 1148 825 1190 nee
847 1130 1009 1190 ferre
1035 1135 1242 1208 posset
1264 1126 1685 1206 inprobitatem
1710 1126 1968 1187 hominis
1990 1129 2161 1204 igno-

219 1213 377 1284 hilis,
411 1211 568 1293 apud
599 1214 785 1275 duces
817 1222 876 1275 et
898 1214 1116 1275 milites
1147 1213 1418 1274 adstante
1440 1213 1742 1290 praefecto
1765 1212 1990 1272 Macelo
2010 1211 2163 1272 Gor·

221 1300 435 1368 diano,
492 1299 670 1360 adlini
710 1318 849 1369 suo,
904 1299 962 1359 in
1007 1297 1295 1360 tribunali
1337 1302 1703 1374 conquestus
1746 1304 1853 1366 est,
1889 1314 2159 1375 speranS,

218 1401 402 1464 posse
435 1385 756 1464 imperium
786 1383 1062 1464 Philippo
1095 1381 1385 1460 abrogari.
1450 1381 1552 1442 sed
1586 1381 1697 1442 hac
1729 1383 2159 1459 conquestione
2194 1393 2227 1441 2

185 1467 374 1530 'nihil
416 1470 566 1546 egit,
622 1487 756 1530 cum
797 1468 968 1530 illum
1010 1470 1373 1536 incusasset,
1430 1464 1591 1546 quod
1630 1469 1945 1528 immemor
1976 1465 2159 1526 bene-

138 1567 196 1608 15
223 1555 500 1614 fictorum
547 1556 674 1615 eius
705 1553 821 1614 sibi
851 1556 1044 1614 minus
1074 1560 1280 1632 gratus
1312 1554 1644 1614 exsisteret.
1683 1560 1741 1613 et
1770 1569 1905 1612 cum
1939 1550 2157 1612 milites
2198 1563 2231 1612 3

131 1713 147 1720 ἢ
221 1645 524 1716 rogasset,
589 1658 725 1701 cum
769 1647 974 1718 aperte
1016 1638 1198 1699 duces
1241 1637 1551 1708 ambisset,
1614 1637 1870 1698 factione
1906 1635 2165 1717 Philippi

218 1726 424 1786 minor
455 1723 612 1804 apud
643 1742 854 1786 omnes
883 1725 1012 1785 fuit.
1049 1723 1309 1800 denique
1340 1741 1491 1784 cum·
1510 1741 1574 1783 se
1603 1722 1837 1783 uideret
1868 1723 2166 1783 minorem
2198 1733 2234 1784 4

221 1807 460 1878 haberi,
488 1811 654 1888 petit,
693 1817 759 1870 ut
789 1807 1033 1889 aequale
1065 1809 1275 1870 saltem
1306 1810 1473 1868 inter
1506 1825 1607 1868 eos
1640 1814 1795 1868 esset
1824 1807 2163 1885 imperium,

225 1913 340 1955 nec
369 1894 730 1974 impetrauit.
797 1893 1013 1955 dehinc
1042 1895 1210 1974 petit,
1257 1899 1324 1953 ut
1352 1892 1485 1953 loco
1518 1893 1787 1953 Caesaris
1818 1890 2162 1960 haberetur,
2200 1903 2234 1952 5

139 1995 198 2035 20
229 1997 430 2059 neque
457 1977 517 2040 id
550 1982 824 2060 optinuit.
858 1981 1007 2060 petit
1039 1981 1237 2048 etiam,
1270 1985 1336 2038 ut
1364 1978 1655 2056 praefecti
1682 1976 1813 2037 loco
1838 1982 1997 2036 esset
2026 1975 2163 2036 Phi·
2202 1988 2235 2036 6

224 2065 422 2144 lippe,
468 2065 624 2143 quod
669 2073 727 2126 et
765 2067 964 2144 ipsum
1004 2071 1286 2142 negatum
1328 2068 1437 2123 est.
1501 2061 1743 2123 ultimae
1785 2077 1999 2138 preces
2032 2061 2162 2121 fue·
2203 2073 2234 2122 ’τ
2266 2087 2275 2096 =

225 2158 390 2219 runt,
425 2153 497 2211 ut'
523 2168 658 2211 eum
689 2149 1001 2229 Philippus
1042 2167 1154 2229 pro
1189 2147 1340 2208 duce
1370 2145 1617 2206 haberet
1650 2153 1708 2206 et
1738 2153 2044 2225 pateretur
2074 2146 2165 2206 ui·
2215 2201 2222 2208 .

229 2253 395 2296 uere.
459 2234 530 2297 ad
563 2235 721 2315 quod
755 2235 992 2314 quidem
1026 2251 1214 2313 paene
1246 2236 1634 2292 consenserat
1663 2229 2002 2309 PhilippuS,
2036 2231 2168 2310 ipse

227 2321 447 2388 tacitus
491 2320 594 2381 sed
637 2323 834 2381 omnia
874 2338 986 2400 per
1029 2319 1252 2380 amicos
1296 2335 1481 2394 agens
1519 2315 1765 2378 nutibus
1806 2319 1984 2392 atqu'e
2026 2333 2167 2375 con-

143 2420 206 2460 25
233 2405 399 2467 siliis.
437 2423 650 2467 uerum
681 2424 816 2466 cum
849 2423 1054 2466 secum
1083 2405 1213 2483 ipse
1244 2404 1534 2480 cogitaret
1563 2419 1827 2462 amorem
1857 2399 2065 2480 populi
2094 2399 2161 2461 R.
2202 2414 2237 2463 8

231 2498 290 2550 et
331 2498 573 2552 senatus
627 2493 783 2552 circa
828 2490 1193 2552 Gordianum
1250 2496 1311 2549 et
1354 2489 1535 2549 totius
1576 2488 1809 2549 Africae
1852 2504 1920 2547 ac
1962 2485 2168 2564 Syriae

229 2577 528 2655 totiusque
560 2573 724 2637 orbis
754 2576 1034 2646 Romani,
1081 2593 1215 2637 cum
1259 2580 1318 2634 et
1348 2572 1567 2634 nobilis
1598 2579 1758 2634 esset
1790 2577 1851 2632 et
1879 2589 2069 2650 nepos
2100 2587 2179 2630 ac

229 2660 388 2723 fiHus
429 2662 860 2740 imperatorum
904 2669 965 2721 et
1004 2659 1176 2721 hellis
1206 2659 1493 2738 grauibus
1534 2663 1718 2718 totam
1760 2675 1891 2717 rem
1927 2676 1986 2735 p.
2020 2655 2169 2716 libe-

231 2737 455 2815 rass'et,
499 2764 676 2825 posse
720 2747 882 2815 fieri,
943 2754 1011 2807 ut
1050 2745 1200 2806 flexa
1232 2743 1725 2823 quandocumque
1766 2739 2021 2804 militum
2063 2757 2171 2824 uo-

153 2845 206 2886 ao
238 2830 466 2892 luntate
503 2831 804 2893 Gordiano
835 2831 1190 2892 redderetur
1220 2829 1540 2908 imperium
1570 2825 1885 2905 repetenti,
1930 2841 2067 2884 cum
2108 2825 2173 2884 in

139 2958 144 2967 ,
233 2915 602 2979 Gordianum
642 2919 768 2977 irae
810 2915 1064 2976 militum
1107 2915 1280 2976 famis
1324 2931 1499 2974 causa
1532 2910 1921 2972 uehementes
1950 2915 2175 2978 essent,

369 3189 400 3237 6
426 3190 588 3253 pater
609 3187 756 3239 BP¹³
904 3189 966 3238 10
991 3187 1413 3250 recognesceret
1438 3181 1490 3230 B
1651 3183 1713 3230 12
1752 3194 1913 3230 coces
1936 3181 1999 3230 ut
2024 3183 2178 3232 esset

234 3254 361 3305 BP¹
415 3257 691 3307 concessit
715 3260 780 3306 ut
806 3260 955 3306 esset
979 3255 1046 3304 M
1063 3269 1200 3304 corr.
1225 3250 1306 3302 P³
1445 3253 1509 3301 13
1534 3249 1677 3299 hanc
1700 3245 1852 3298 B¹P¹
1995 3249 2057 3298 18
2082 3263 2176 3298 ae-

237 3323 433 3388 quales
459 3324 604 3375 alter
626 3323 757 3375 ΒΡι
931 3325 996 3374 22
1029 3337 1128 3388 pro
1157 3319 1297 3371 duce
1324 3318 1455 3385 phil.
1490 3319 1542 3368 B
1712 3317 1779 3368 23
1814 3319 2070 3367 conserat
2104 3313 2177 3364 B¹

371 3394 438 3443 27
463 3408 685 3444 romane
711 3390 784 3443 Ρ1
887 3393 954 3443 28
977 3407 1092 3441 rem
1114 3389 1218 3439 BP
1318 3387 1585 3439 liberasse
1609 3382 1736 3436 B¹P
1835 3387 1901 3436 29
1924 3383 2054 3434 ficta.
2078 3381 2181 3432 BP

237 3460 485 3511 factione
517 3461 848 3526 quandoque
882 3477 950 3510 m.
983 3461 1046 3511 G.
1073 3459 1139 3509 M
1179 3459 1325 3507 flexa
1356 3459 1548 3522 scripsi
1707 3456 1773 3506 30
1804 3449 2080 3504 rerecenti
2104 3448 2179 3500 Bt

236 3529 454 3578 recenti
475 3528 560 3579 B²
577 3528 885 3593 lslsreceuti
909 3529 957 3578 P
980 3542 1173 3578 recens
1197 3525 1265 3576 M
1282 3525 1565 3590 repetenti
1586 3523 1778 3590 scripsi

305 3643 520 3682 sempr.
548 3647 696 3682 ms'r.
721 3645 850 3681 Avo.
875 3631 948 3682 11.
1730 3605 1775 3668 4
