2517 3884
373 211 502 276 240
1075 217 1252 274 AELII
1276 216 1626 283 'LAMPRIDH

306 395 341 445 3
381 383 550 446 uultu
579 384 1024 453 inardescente,
1070 384 1151 442 ita
1195 391 1264 443 ut
1293 380 1441 442 nihil
1469 382 1635 460 loqui
1676 389 1901 462 posset.
1995 401 2134 444 nam
2176 403 2319 444 cum

377 470 617 549 quidam
651 469 976 546 Septimius
1015 468 1377 537 ArabianuS,
1412 469 1674 529 famosus
1714 469 1969 528 crimine
2008 470 2320 530 furtorum

381 562 442 615 et
473 554 584 616 sub
615 553 1000 632 Heliogabalo
1031 555 1148 614 iam
1178 552 1499 623 liberatuS,
1546 555 1705 613 inter
1750 560 2059 614 senatores
2091 556 2319 632 princi·

307 656 344 702 4
379 659 485 720 pes
516 639 831 700 salutatum
867 639 1150 707 uenisset,
1187 637 1569 700 exclamauit:
1631 638 1725 707 „0
1757 638 1990 708 Marna,
2035 657 2069 698 o
2112 639 2321 718 Iuppi-

379 733 500 794 ter,
538 742 572 784 o
603 725 663 784 di
691 723 1068 792 inmortales,
1100 721 1436 783 Arabianus
1477 741 1601 783 non
1632 722 1826 783 solum
1869 725 2051 792 uiuit,
2100 742 2325 786 uerum
2374 742 2407 782 5

382 811 560 870 etiam
599 810 662 870 in
705 816 980 869 senatum
1021 809 1220 877 uenit,
1274 808 1550 871 fortassis
1603 809 1780 868 etiam
1830 808 1907 868 de
1950 827 2047 869 me
2080 816 2319 888 sperat:

377 903 500 957 tam
530 894 790 963 fatuum,
835 901 954 953 tam
997 891 1246 954 stultum
1280 911 1412 953 esse
1455 911 1551 953 me
1582 892 1889 956 iudicat?“
1950 892 2327 955 salutabatur

309 1043 326 1060 ,
379 987 580 1040 autem
609 980 869 1048 nomine,
904 977 1020 1038 1100
1051 986 1143 1038 est
1172 977 1390 1048 ,‚baue‚
1422 977 1825 1040 Alexander.“

279 1067 360 1130 18
511 1063 573 1124 Si
617 1065 752 1140 quis
794 1070 972 1146 caput
1011 1063 1282 1123 flexisset
1330 1070 1431 1124 aut
1461 1061 1737 1124 blandius
1780 1061 2007 1140 aliquid
2052 1063 2320 1134 dixisset,

381 1156 446 1209 ut
476 1147 768 1218 adulator,
803 1147 902 1209 1101
935 1147 1338 1217 abiciebatur,
1374 1149 1425 1207 si
1456 1147 1574 1208 loci
1614 1150 1744 1208 eius
1787 1147 2045 1224 qualitas
2082 1154 2321 1227 patere·
2352 1168 2411 1207 10

380 1244 498 1304 tur,
531 1232 630 1294 uel
659 1232 972 1294 ridebatur
999 1234 1228 1311 ingenti
1259 1232 1580 1301 cachinno,
1625 1234 1674 1292 si
1717 1234 1845 1292 eius
1886 1232 2141 1310 dignitas
2184 1251 2323 1311 gra-

311 1336 344 1383 2
382 1321 536 1380 uiori
570 1318 884 1379 subiacere
915 1336 1037 1378 non
1067 1325 1274 1396 posset
1302 1317 1574 1378 iniuriae.
1640 1317 1933 1378 salutatus
1968 1315 2331 1380 consessum'

381 1404 600 1466 obtulit
630 1402 910 1465 omnibus
940 1402 1320 1464 senatoribus
1362 1410 1540 1480 atque
1580 1401 1730 1462 adeo
1774 1405 1891 1464 nisi
1932 1402 2218 1463 honestos
2265 1412 2325 1464 et

379 1489 571 1549 bonae
601 1489 795 1549 famae
826 1488 1102 1548 homines
1131 1489 1206 1549 ad
1239 1487 1656 1549 salutationem
1687 1505 1809 1548 11011
1840 1487 2082 1548 admisit
2118 1490 2322 1549 iussit-

381 1592 499 1651 que
557 1607 628 1617 —-
681 1573 1180 1650 quemadmodum
1234 1575 1298 1634 in
1350 1572 1647 1634 Eleusinis
1699 1575 1887 1634 sacris
1939 1571 2186 1643 dicitur,
2252 1582 2317 1634 ut
2354 1593 2409 1632 15

380 1675 558 1719 nemo
608 1657 996 1736 ingrediatur
1027 1660 1143 1718 nisi
1195 1660 1301 1734 qui
1353 1677 1418 1718 se
1470 1660 1854 1719 innocentem
1898 1659 2068 1718 nouit
2102 1689 2173 1704 ·-
2210 1677 2324 1738 per
2380 1665 2385 1668 '

379 1761 740 1823 praeconem
775 1743 947 1813 edici,
978 1750 1046 1802 ut
1075 1761 1252 1803 nemo
1286 1742 1575 1804 salutaret
1603 1743 1956 1821 principem,
1995 1745 2099 1820 qui
2130 1763 2195 1804 se
2228 1745 2320 1804 fu-

379 1846 508 1889 rem
555 1846 685 1888 esse
745 1836 978 1889 nosset:
1045 1827 1365 1907 aliquando
1419 1827 1691 1889 detectus
1738 1827 1974 1906 capitali
2027 1828 2323 1909 supplicio

315 1934 346 1981 3
385 1913 763 1974 subderetur.
838 1914 999 1974 idem
1043 1913 1281 1974 adorari
1324 1931 1387 1974 se
1419 1915 1636 1984 uetuit,
1684 1931 1820 1974 cum
1861 1915 1977 1974 iam
2024 1915 2325 1993 coepisset

313 2020 349 2067 4
384 1998 804 2077 Heliogabalus
835 1999 1072 2060 adorari
1102 2015 1316 2078 regum
1358 2015 1529 2059 more
1569 1999 1909 2059 Persarum.
1975 2005 2106 2059 erat
2142 2017 2321 2078 prae·
2354 2020 2411 2059 20

386 2092 546 2145 terea
577 2083 726 2145 haec
754 2082 914 2145 illius
946 2085 1259 2153 sententia,
1296 2083 1453 2146 solos
1486 2085 1653 2144 fures
1683 2083 1758 2143 de
1787 2090 2143 2162 paupertate
2174 2103 2319 2145 con-

315 2191 348 2240 5
386 2171 577 2246 queri,
613 2169 757 2231 dum
787 2169 1000 2231 uolunt
1028 2169 1259 2230 scelera
1291 2171 1453 2230 uitae
1482 2187 1625 2229 suae
1666 2175 1892 2246 tegere.
1954 2171 2099 2229 item
2140 2169 2319 2230 adde-

383 2254 486 2314 bat
517 2256 873 2315 sententiam
906 2253 980 2315 de
1009 2253 1242 2315 furibus
1272 2263 1475 2315 notam
1508 2261 1568 2314 et
1598 2254 1825 2314 Graece
1858 2253 2118 2332 quidem,
2170 2272 2323 2333 quae

384 2337 591 2399 Latine
621 2339 738 2398 hoc
769 2340 1086 2418 significat:
1149 2340 1312 2410 „Qui
1340 2339 1530 2400 multa
1556 2341 1845 2417 rapuerit,
1890 2357 2079 2418 pauca
2110 2339 2322 2401 suffra-

385 2422 693 2500 gatoribus
723 2423 974 2494 dederit,
1009 2423 1214 2485 saluus
1246 2425 1429 2484 erit.“.
1488 2439 1641 2501 quae
1674 2424 1899 2485 Graece
1929 2424 2065 2485 talis
2096 2431 2215 2484 est:
2354 2446 2411 2484 25
2513 2421 2514 2426 ’

589 2500 660 2567 Ὁ
690 2502 909 2568 πολλὰ
939 2505 1192 2581 κλέψας
1221 2501 1419 2587 ὀλίγα
1450 2503 1613 2580 δούς
1645 2502 2060 2588 ἐκφεύξεται.

285 2600 366 2664 10
511 2593 705 2653 Praef.
761 2599 950 2672 praet.
999 2593 1113 2654 sibi
1166 2613 1239 2654 ex
1292 2600 1535 2655 senatus
1586 2597 1938 2656 auctoritate
1992 2596 2321 2657 constituit.

383 2678 762 2758 praefectum
805 2677 942 2740 urbi
983 2697 1016 2738 a
1047 2686 1263 2740 senatu
1293 2681 1540 2758 accepit.
1606 2678 1860 2741 alterum
1904 2681 2093 2760 praef.
2128 2689 2320 2760 praet.

485 2869 514 2916 1
540 2865 723 2917 uultui
747 2879 857 2915 non
881 2865 997 2916 ard.
1021 2864 1150 2915 BP¹
1274 2867 1305 2914 2
1331 2866 1593 2916 arabinus
1616 2865 1785 2918 BPM
1798 2867 2113 2918 Arabianus
2134 2869 2327 2932 scripsi

485 2938 517 2986 3
543 2935 852 3000 principem
875 2934 942 2984 M
1037 2934 1074 2984 4
1097 2933 1357 2985 MariaM
1375 2935 1410 2986 i.
1440 2951 1489 2987 0.
1515 2935 1740 2986 fortuna
1764 2937 1886 2989 add.
1913 2933 1995 2984 Ρ3
2096 2937 2127 2986 5
2146 2951 2177 2985 0
2202 2943 2324 2986 ante

385 3003 443 3052 di
463 3019 559 3055 om.
585 3003 755 3052 BPM
883 3003 1161 3054 Arabinus
1185 3003 1253 3053 M
1382 3005 1415 3054 8
1440 3019 1545 3052 aue
1568 3002 1622 3052 B
1760 3005 1823 3054 10
1848 3004 2125 3053 abiciatur
2148 3003 2200 3052 B

386 3073 448 3119 12
475 3083 802 3120 consensum
824 3070 928 3120 BP
1075 3074 1140 3122 13
1161 3070 1430 3122 honestes
1453 3070 1504 3120 B
1665 3071 1729 3120 16
1754 3071 1930 3136 quiin
1956 3087 2013 3121 se
2038 3071 2119 3120 B¹
2262 3075 2326 3122 17

385 3138 524 3187 dicit
549 3137 679 3186 ΒΡ1
715 3137 827 3188 dici
850 3136 933 3188 P*
967 3138 1144 3189 edixit
1165 3139 1231 3189 M
1378 3141 1442 3190 18
1466 3154 1536 3189 ne
1562 3138 1861 3203 aliquando
1886 3139 1954 3189 M
2110 3141 2175 3190 19
2200 3140 2326 3204 ipse

385 3205 474 3256 ad.
501 3205 568 3254 M
699 3208 764 3256 22
788 3207 936 3257 idem
958 3207 1075 3257 PM
1203 3209 1272 3258 23
1300 3206 1461 3273 quae]
1492 3223 1567 3272 qu
1589 3208 1642 3256 in
1664 3206 1715 3255 B
1737 3209 1792 3257 in
1814 3223 1923 3260 ras,
2044 3209 2110 3256 26
2137 3207 2326 3273 opolla

387 3271 606 3338 clepsas
632 3273 890 3339 oligadus
915 3275 1247 3329 ecfeuxente
1273 3275 1377 3326 BP
1405 3278 1458 3326 in
1481 3275 1545 3325 M
1590 3277 1809 3339 spatium
1838 3279 1987 3326 unius
2020 3291 2201 3326 uersus
2234 3293 2348 3326 ata-¹

384 3357 528 3392 cuum
544 3343 851 3400 relictum‚2’n
871 3359 932 3394 eo
948 3345 1091 3410 quod
1107 3345 1226 3394 mila·
1240 3351 1457 3409 praesto
1471 3345 1577 3408 fuit
1598 3347 1832 3408 exemplo
1856 3345 1933 3394 his
1951 3345 2138 3394 litteris
2158 3346 2329 3410 scrip-

386 3412 454 3460 tis
483 3413 771 3476 expletum:
807 3403 836 3461 ὁ
877 3403 1062 3462 πολλοὶ
1105 3407 1211 3476 μὲν
1255 3404 1478 3476 κλέψας
1520 3403 1688 3478 ὀλίγα
1736 3406 1801 3462 δὲ
1842 3415 1962 3471 τοῖς
1996 3415 2328 3479 ψηφισταῖς

383 3471 786 3596 Ξτῖῧῃῖσάμενος
811 3472 1137 3544 σωθήσεται
1276 3483 1340 3531 27
1368 3480 1475 3532 sibi
1498 3507 1565 3514 —
1590 3484 1767 3546 praet.
1794 3496 1887 3531 om.
1914 3479 1988 3529 B¹
2136 3482 2204 3533 28
2228 3481 2329 3532 ubi
