2517 3884
327 188 560 241 INDEX
593 188 939 241 NOMINVM
972 188 1069 237 ΕΤ
1106 188 1362 241 RERVM
1395 186 1976 240 MEMORABILIVM
2071 187 2196 252 317

9 352 11 355 ’
102 358 372 409 Pertinax
410 356 651 407 Seuerus
687 358 869 409 dictus
898 358 1013 418 115,
1040 358 1123 409 34.

176 428 293 485 130,
334 428 414 475 17.
456 427 573 488 135,
613 426 691 477 18.
734 426 848 487 137,
888 427 968 475 19.

100 495 397 545 Pescennia
439 491 772 543 Marcellina
830 494 1129 542 Maximum

176 562 281 611 filii
314 561 437 611 loco
497 561 745 624 suscepit
782 560 923 610 aluit
963 575 1129 626 pecu·

176 630 379 693 niaque
418 628 565 677 iuuit
598 627 655 679 ΙΙ
688 630 773 691 56,
810 630 893 680 24.

106 698 465 748 Pescenniana
534 695 721 745 domus
804 698 861 744 in
933 710 1128 760 campo

174 764 327 815 Iouis
366 765 480 825 153,
522 764 602 813 12.

106 834 515 882 Pescennianam
576 830 877 880 factionem
924 845 1129 894 magna

176 898 808 949 seueritateuindicauit
821 898 1128 956 Seu.164,4.

105 968 439 1018 Pescennius.
499 966 730 1017 Albinus
785 992 853 1003 —-
911 982 947 1015 a
1000 964 1124 1015 Seu.

180 1034 399 1084 occisus
438 1035 561 1097 134,
602 1036 685 1084 16.
812 1043 817 1050 '

104 1127 177 1137 —
210 1101 545 1151 Aurelianu·
583 1128 646 1137 —
683 1117 717 1151 a
744 1100 870 1151 Seu.
909 1102 1129 1151 occisus

181 1170 297 1226 134,
336 1170 417 1218 16.
594 1176 597 1180 ’

106 1263 173 1274 -
231 1237 435 1287 Festus
488 1264 555 1273 -
616 1252 650 1285 a
720 1236 847 1287 Seu.
910 1236 1129 1287 occisus

178 1306 296 1366 134,
336 1308 418 1355 15.

103 1399 175 1408 -
210 1372 461 1423 Iulianus
519 1398 586 1408 —
644 1388 679 1421 a
732 1372 860 1422 Seu.
910 1373 1131 1422 occisus

178 1440 294 1502 134,
336 1442 417 1491 16.

105 1536 173 1543 --
209 1508 557 1558 Materianus
605 1533 670 1545 —
738 1523 773 1557 a
818 1508 943 1559 Seu.
983 1506 1128 1556 occi-

182 1590 275 1626 sus
313 1578 428 1639 134,
469 1578 551 1627 16.

107 1668 178 1679 —
201 1642 391 1709 Niger.
416 1646 565 1692 uita
592 1642 673 1692 ab
698 1643 744 1691 A
765 1643 900 1692 elio
926 1642 1130 1708 Spar-

182 1711 378 1760 tiano
416 1712 678 1775 scripta
714 1728 767 1776 p.
808 1712 1095 1761 144—153.

184 1779 251 1829 P.
310 1780 377 1832 N.
437 1778 672 1843 populus
723 1778 940 1840 (contra
975 1776 1129 1843 Did.)

177 1846 247 1895 ad
306 1848 463 1897 urbis
522 1847 863 1911 praesidium
906 1846 1133 1896 uocauit

178 1914 296 1973 120,
338 1914 418 1963 18.
456 1914 520 1961 Ρ.
558 1914 723 1962 misso
768 1914 1131 1978 primipilario

174 1979 378 2029 Didius
416 1980 599 2029 occidi
622 1986 989 2045 praeceperat
1014 1982 1130 2039 120,

180 2048 267 2098 29.
306 2048 421 2108 128,
461 2048 543 2096 28.
594 2061 725 2111 ergo
774 2048 836 2096 Ρ.
875 2047 932 2095 in
969 2047 1135 2110 Syria

182 2130 305 2163 cum
363 2114 697 2163 exercitibus
758 2128 793 2163 a
850 2113 977 2165 Did.
1039 2114 1133 2163 de-

180 2182 350 2231 sciuit
389 2184 516 2246 120,
554 2183 638 2232 31.
695 2197 729 2230 a
774 2180 1016 2244 Syriacis
1052 2181 1132 2231 le-

180 2249 437 2314 gionibus
475 2250 777 2315 imperator
814 2248 1133 2314 appellatus

181 2319 305 2373 129,
348 2317 433 2366 18.
472 2316 541 2366 ad
589 2316 939 2382 occupandos
974 2316 1135 2382 Nigri

178 2384 385 2434 liberos
422 2384 782 2451 Plautianum
818 2385 969 2435 misit
994 2384 1121 2434 Seu.

180 2455 306 2516 129,
354 2454 436 2501 26.
499 2453 566 2503 de
625 2454 693 2507 N.
752 2452 893 2501 nihil
938 2452 1127 2518 palam

181 2520 371 2569 dicens
427 2521 549 2571 Seu.
599 2520 670 2571 ad
727 2520 957 2571 orientis
1013 2524 1126 2570 sta—

179 2596 294 2635 tum
354 2587 783 2637 confirmandum
840 2589 1127 2653 profectus

182 2657 268 2703 est
305 2656 421 2717 130,
460 2658 541 2705 31.
579 2671 647 2705 ne
685 2656 930 2705 Africam
968 2672 1130 2706 occu-

180 2726 369 2786 paret,
422 2722 548 2772 Seu.
600 2722 670 2771 ad
715 2723 833 2775 Afr.
879 2723 1131 2787 legiones

176 2789 327 2838 misit
364 2791 487 2852 130,
525 2791 606 2839 32.
652 2790 716 2839 N.
753 2790 961 2840 liberos
998 2790 1123 2840 Seu.

178 2860 238 2907 in
274 2857 467 2907 eodem
510 2856 716 2907 honore
761 2858 959 2907 habuit
1017 2872 1123 2921 quo

181 2939 308 2976 suos
347 2927 463 2989 131,
501 2928 547 2975 7.
610 2940 679 2973 ne
725 2925 788 2976 P.
828 2922 1124 2975 Graeciam

176 2994 581 3057 Thraciamque
619 2997 946 3058 occuparet,
996 2992 1123 3044 Seu.

175 3060 456 3126 legionem
526 3061 780 3122 miserat,
847 3058 944 3109 sed
1012 3063 1126 3109 iam

178 3130 511 3191 Byzantium
535 3128 602 3180 N.
641 3128 871 3177 tenebat
909 3130 1125 3190 131,-93

184 3198 263 3247 10.
322 3196 644 3246 Perinthum
706 3197 875 3246 etiam
933 3194 1128 3245 uolens

180 3276 467 3380 33223355.
480 3263 1128 3396 9330302352333?

478 3368 493 3392 ²

182 3398 327 3447 latus
366 3401 482 3461 131,
522 3401 603 3449 10.
648 3398 774 3451 Seu.
820 3398 991 3464 Nigro
1039 3403 1126 3448 tu-

1248 360 1334 408 20.
1371 356 1474 408 filii
1530 358 1598 408 N.
1657 358 1717 407 in
1770 358 1996 409 exilium
2041 360 2196 409 missi

1173 446 1177 451 ·
1250 428 1374 488 131,
1423 426 1505 476 21.
1564 428 1908 488 senatorum,
1979 427 2073 489 qui
2130 428 2198 477 N.

1248 494 1492 559 partium
1580 493 1831 555 fuerant,
1919 495 2197 543 neminem

1249 566 1474 626 praeter
1531 575 1697 609 unum
1745 560 1870 610 Seu.
1927 560 2199 627 supplicio

1253 628 1467 677 adfecit
1504 630 1618 691 131,
1645 630 1728 681 24.
1766 628 1825 676 in
1862 628 2004 678 alios
2030 643 2199 679 saeue

1253 696 1653 745 animaduertit
1689 697 1814 759 131,
1853 699 1934 749 30.
1987 696 2050 747 Ν.
2090 697 2199 746 An-

1250 764 1567 813 tiochenses
1601 763 1756 812 uictu
1789 764 2047 813 iuuerant
2084 765 2197 819 131,

1249 833 1334 881 27.
1406 831 1767 895 Neapolitani
1807 830 2198 881 Palaestinen-

1249 914 1341 948 ses
1378 898 1473 947 diu
1506 914 1604 964 pro
1650 899 1714 949 N.
1763 899 1821 946 in
1870 900 2035 949 armis
2081 900 2201 949 fue-

1247 963 1376 1015 rant
1423 967 1547 1029 131,
1603 968 1686 1017 29.
1741 970 2031 1017 senatores
2068 965 2195 1016 Seu.

1248 1032 1474 1096 occidit,
1513 1034 1607 1097 qui
1643 1048 1764 1083 cum
1806 1034 1872 1083 Ν.
1919 1034 2203 1084 militaue-

1247 1105 1379 1151 rant
1414 1102 1540 1162 132,
1582 1103 1627 1150 1.
1672 1101 1886 1151 Arabes
1921 1102 2201 1153 Adiabeni

1247 1168 1503 1218 Parthici
1549 1183 1670 1217 cum
1715 1169 1874 1219 Pesc.
1912 1176 2204 1220 senserant

1252 1238 1369 1299 132,
1407 1236 1456 1285 4.
1493 1240 1619 1300 post
1653 1235 1861 1286 bellum
1899 1237 2068 1286 ciuile
2104 1238 2198 1287 Ni·

1250 1305 1338 1369 gri
1375 1302 1501 1353 Seu.
1541 1303 1770 1354 Romam
1805 1303 1971 1353 rediit
2008 1306 2120 1367 132,
2148 1307 2202 1357 9.

1253 1370 1378 1433 (filii
1432 1371 1593 1436 Nigri
1662 1371 1835 1422 occisi
1907 1373 2020 1434 132,
2093 1372 2198 1436 11.)

1250 1439 1565 1488 Palaestini
1631 1440 1700 1489 ob
1763 1454 1988 1489 causam
2041 1440 2204 1505 Nigri

1250 1521 1488 1571 poenam
1557 1513 1874 1557 meruerant
1944 1510 2067 1569 135,
2149 1509 2198 1558 5.

1249 1574 1669 1625 Pescennianas
1681 1575 1946 1639 reliquias
1969 1579 2197 1626 auctore

1250 1642 1551 1693 Plautiano
1598 1643 2036 1707 persequebatur
2072 1642 2200 1694 Seu.

1254 1713 1380 1771 135,
1419 1712 1500 1760 24.
1549 1711 1849 1776 imperator
1886 1710 2202 1776 appellatus

1251 1778 1324 1827 ab
1364 1779 1612 1828 exercitu
1649 1779 1707 1827 in
1744 1780 1955 1828 oriente
1995 1781 2109 1839 154,
2152 1782 2200 1832 7.

1253 1850 1402 1895 sorte
1458 1844 1695 1909 quadam
1753 1846 2026 1910 Apollinis
2070 1846 2202 1895 Del-

1252 1912 1404 1977 phici
1450 1912 1774 1977 adprobatio
1822 1916 1982 1963 Pesc.
2029 1914 2199 1962 conti-

1253 1979 1489 2029 nebatur
1545 1981 1670 2043 154,
1721 1981 1802 2030 17.
1877 1981 1956 2030 Ρ.·
1998 1980 2203 2030 substi-

1253 2051 1410 2095 tuere
1452 2046 1511 2095 in
1548 2048 1728 2097 animo
1765 2048 2040 2097 habuerat
2075 2048 2200 2100 Seu.

1254 2116 1370 2173 157,
1408 2116 1456 2166 7.
1498 2116 1620 2177 159,
1659 2116 1709 2167 5.
1755 2116 1929 2165 maior
1962 2114 2202 2165 Pescen·

1253 2182 1346 2231 nio
1395 2180 1549 2236 Clod.
1603 2182 1672 2231 ad
1720 2182 2008 2247 imperium
2045 2184 2201 2233 uenit

1254 2250 1373 2311 159,
1429 2251 1477 2302 7.
1537 2249 1689 2299 uicto
1732 2251 1890 2299 Pesc.
1946 2250 2204 2301 Albinum

1255 2318 1384 2367 Seu.
1458 2315 1528 2365 ad
1598 2318 1988 2383 participatum
2033 2312 2206 2383 'regni

1245 2384 1475 2442 uocauit
1505 2386 1628 2448 159,
1668 2386 1731 2447 9’;
1771 2388 1860 2447 13;
1903 2388 1983 2449 17.
2025 2386 2094 2437 ad
2123 2388 2200 2435 ci-

1248 2453 1462 2503 uitates
1488 2453 1898 2518 instaurandas,
1938 2469 2074 2519 quas
2098 2454 2196 2505 Ni-

1250 2536 1351 2585 ger
1385 2520 1711 2584 adtriuerat‚
1745 2522 1872 2572 Alb.
1911 2523 2205 2586 pecuniam

1249 2588 1402 2638 misit
1429 2589 1552 2646 162,
1571 2589 1623 2639 4.
1662 2590 1724 2641 Ρ.
1752 2590 2050 2640 interfecto
2077 2590 2202 2639 Seu.

1250 2673 1306 2721 p.
1344 2655 1410 2708 R.
1448 2672 1482 2704 a
1518 2656 1682 2707 malis
1718 2658 1972 2720 tyrannis
1998 2656 2204 2706 libera-

1251 2724 1339 2771 uit
1387 2726 1520 2786 163,
1563 2725 1642 2774 15.
1694 2725 1756 2774 Ρ.
1801 2725 2060 2774 iuuerant
2094 2724 2202 2772 An·

1245 2790 1562 2840 tiochenses
1609 2796 1680 2845 et,
1713 2791 1999 2854 Byzantii,
2059 2791 2202 2841 unde

1245 2859 1422 2907 iratus
1461 2857 1586 2908 Seu.
1629 2856 1742 2919 168,
1785 2861 1832 2911 1.
1874 2874 1907 2907 a
1931 2859 2202 2909 militibus

1246 2926 1546 2989 imperator
1581 2925 1767 2976 factus
1805 2928 1931 2989 229,
1973 2929 2021 2979 3.
2071 2942 2202 2977 orae

1246 2997 1399 3042 tores
1459 2998 1516 3043 et
1573 2997 1769 3057 poetas
1828 2995 2202 3059 panegyricos

1247 3060 1500 3111 dicentes
1538 3060 1732 3127 aud-ire
1769 3060 1997 3111 stultum
2035 3062 2202 3113 duee·

1245 3128 1346 3179 bat
1391 3128 1520 3191 251,
1566 3130 1652 3181 22.
1688 3128 1915 3193 Nigrum
1951 3144 2063 3180 non
2099 3145 2198 3181 suo

1247 3196 1468 3260 proprio
1527 3195 1670 3246 libro
1725 3196 1822 3246 sed
1883 3196 2066 3247 alieno
2115 3198 2199 3247 in-

1246 3263 1438 3313 nexuit
1461 3263 1671 3314 Marius
1694 3263 1964 3315 Maximus
1989 3266 2046 3315 11
2081 3267 2198 3328 204,

1246 3332 1315 3448 94
1336 3332 1641 3381 Pescennii
1683 3332 1801 3383 uita
1846 3333 2048 3383 citatur
2086 3334 2200 3392 154,

181 3469 295 3514 tum
333 3466 559 3516 exilium
592 3467 844 3532 promisit
878 3468 1004 3530 131,
1045 3469 1125 3516 14.
1179 3493 1243 3503 -
1268 3467 1502 3517 Princus
1527 3467 1838 3519 infantulus
1873 3466 2055 3518 Clodii
2077 3467 2202 3519 Alb.

180 3532 337 3597 Nigri
389 3534 581 3599 copiae
637 3535 795 3587 fusae
858 3537 983 3599 131,
1032 3535 1123 3597 183

1250 3536 1374 3599 159,
1414 3536 1500 3586 22.
