2517 3884
723 213 991 273 CLODIVS
1033 216 1327 275 ALvas.
1390 216 1447 275 c,
1482 224 1717 275 12-14.
2038 294 2041 297 ⁴
2070 173 2195 285 165

252 382 578 450 Brittanias
611 382 826 444 Caesar
856 384 1118 463 subegit,
1183 393 1347 447 certe
1377 397 1645 457 senator,
1690 387 1956 449 nondum
1986 397 2187 453 tamen
2224 410 2255 459 '1

253 467 526 529 dictator.
603 466 701 529 hic
758 471 888 549 ipse
933 470 1295 533 Commodus
1345 481 1565 549 quanto
1610 473 1825 535 melior
1854 475 2082 546 fuisset,
2136 479 2189 537 si

251 553 898 638 timuisset-senatum?
945 562 1006 615 et
1050 573 1236 633 usque
1278 557 1349 617 ad
1381 558 1683 619 Neronem
1727 558 1971 639 quidem
2012 579 2183 623 sena·
2221 577 2257 627 8

251 644 348 699 tus
379 640 704 699 auctoritas
725 639 955 715 ualuit,
975 643 1076 719 qui
1109 640 1417 704 sordidum
1450 651 1509 704 et
1534 646 1821 723 inpurum
1851 646 2187 725 principem

201 735 227 776 ⁵
255 723 544 786 damnare
576 742 698 785 non
740 727 966 796 timuit,
1014 745 1146 788 cum
1192 729 1523 789 sententiae
1563 730 1627 789 in
1660 748 1795 789 eum
1824 728 2016 791 dictae
2048 732 2183 801 sint,

253 811 357 887 qui
388 811 547 869 uitae
579 812 862 888 necisque
890 818 1251 890 potestatem
1293 820 1469 891 atque
1498 815 1818 893 imperium
1847 822 1989 875 tunc
2018 822 2185 885 tene-

249 894 369 955 bat.
473 894 702 966 Quare,
779 896 1229 967 conmilitoneS,
1282 914 1404 977 ‘ego
1460 898 1895 960 Caesareanum
1944 918 2181 969 nomen,
2223 920 2256 968 9

251 978 415 1057 quod
467 980 552 1039 mi
585 980 946 1043 Commodus
977 980 1220 1052 detulit,
1283 983 1442 1044 nolo.
1514 983 1574 1043 di
1604 985 1823 1054 faxint,
1885 993 1950 1045 ut
1980 1004 2056 1046 ne
2088 985 2186 1045 alii

251 1064 496 1142 quidem
527 1064 735 1125 uelint.
827 1074 1068 1128 senatus
1097 1068 1383 1146 imperet,
1418 1070 1761 1148 prouincias
1792 1069 2042 1141 diuidat,
2092 1088 2185 1130 se·
2226 1089 2291 1138 10

171 1173 220 1213 ιο
249 1156 429 1209 natus
481 1168 594 1210 nos
649 1150 926 1213 consules
978 1153 1171 1212 faciat.
1251 1162 1310 1214 et
1364 1152 1499 1230 quid
1556 1154 1689 1215 dico
1730 1156 2007 1216 senatus?
2078 1174 2187 1216 uos

245 1236 369 1314 ipsi
399 1242 458 1295 et
486 1240 690 1313 patres
719 1238 938 1305 uestri3
989 1238 1158 1297 eritis
1190 1240 1351 1298 enim
1380 1240 1497 1319 ipsi
1528 1246 1905 1299 senatores.“

379 1318 540 1380 Haec
572 1322 770 1380 contio
819 1323 960 1382 uiuo
995 1322 1186 1381 adhuc
1218 1322 1541 1384 Commodo
1573 1321 1823 1383 Romam
1851 1322 2043 1383 delata
2077 1330 2180 1384 est.
2208 1324 2290 1389 14

247 1421 404 1481 quae
436 1405 832 1466 Commodum
861 1408 924 1465 in
953 1405 1234 1468 Albinum
1269 1410 1665 1486 exasperauit,
1701 1409 2018 1485 statimque
2050 1427 2184 1469 suc-

249 1506 561 1550 cessorem
592 1491 755 1551 misit
783 1491 1020 1551 Iunium
1053 1491 1366 1563 Seuerum,
1402 1511 1587 1553 unum
1622 1511 1696 1553 ex
1740 1492 2182 1553 contubernali-

168 1596 216 1637 15
244 1573 365 1635 bus
397 1575 539 1635 suiS.
619 1576 850 1636 senatui
896 1582 1095 1637 autem
1125 1582 1358 1638 tantum
1379 1577 1635 1657 placuit,
1679 1585 1746 1638 ut
1784 1579 1957 1637 miris
1989 1577 2184 1641 adcla—
2221 1590 2253 1639 2

241 1657 614 1721 mationibus
656 1657 964 1721 absentem
1011 1680 1148 1721 eum
1192 1671 1437 1723 ornaret
1479 1670 1537 1723 et
1583 1664 1732 1736 uiuo
1756 1661 2079 1723 Commodo
2128 1672 2188 1725 et

243 1744 536 1825 deinceps
565 1745 960 1825 interempto,
990 1747 1072 1806 ita
1101 1755 1166 1807 ut
1198 1746 1470 1808 nonnulli
1502 1748 1679 1807 etiam
1710 1747 2010 1808 Pertinaci
2041 1758 2180 1808 auc-

241 1836 412 1890 tores
453 1829 696 1899 fuerint,
743 1838 809 1890 ut
852 1848 986 1891 eum
1029 1830 1143 1891 sihi
1187 1833 1416 1912 socium
1458 1831 1837 1901 adscisceret,
1884 1830 2039 1911 apud
2086 1832 2182 1893 Iu-

237 1914 472 1975 lianum
505 1912 578 1974 de
603 1913 932 1975 occidendo
952 1915 1266 1977 Pertinace
1297 1918 1486 1998 ipsius
1506 1916 1832 1995 plurimum
1862 1918 2185 1977 auctoritas

161 2022 212 2062 20
243 1997 524 2060 ualuerit.
613 2007 680 2059 ut
731 2008 930 2061 autem
979 2000 1096 2060 hoc
1140 2020 1352 2063 uerum
1392 1998 1805 2078 intellegatur,
1858 2000 2184 2079 'epistulam
2218 2012 2251 2059 3

243 2082 560 2146 Commodi
596 2083 670 2144 ad
698 2086 887 2163 praef.
923 2092 1112 2164 praet.
1151 2105 1289 2147 suos
1322 2086 1516 2146 datam
1546 2086 1794 2154 inserui,
1831 2102 1947 2161 qua
1977 2084 2050 2145 de
2081 2104 2182 2145 oc-

240 2168 500 2231 cidendo
522 2167 736 2229 Albino
768 2171 1122 2248 significauit
1152 2189 1319 2232 suam
1345 2176 1637 2239 mentem:
2182 2233 2189 2239 ,

459 2252 782 2323 „Aurelius
813 2255 1172 2317 Commodus
1201 2258 1327 2316 suis
1356 2254 1677 2336 praefectis
1709 2251 1981 2314 salutem.
2218 2265 2254 2313 4

372 2338 628 2400 Audisse
672 2358 786 2401 uos
830 2340 1045 2411 cred0,
1103 2342 1365 2418 primum
1408 2342 1613 2401 fictum
1659 2356 1817 2407 esse,
1866 2337 2026 2418 quod
2070 2356 2181 2417 ego

165 2443 217 2485 25
245 2442 524 2484 meorum
586 2424 836 2485 consilio
894 2426 1246 2487 interfectus
1278 2444 1502 2495 essem,
1564 2423 1781 2485 deinde
1840 2425 2181 2486 contionem

241 2508 436 2571 Clodii
464 2506 663 2569 Albini
703 2509 858 2590 apud
889 2508 1107 2571 milites
1137 2530 1306 2572 meos
1336 2509 1628 2579 habitam,
1674 2528 1786 2587 qua
1830 2527 1895 2569 se
1927 2507 2181 2570 multum

236 2594 480 2655 senatui
523 2594 916 2667 commendat,
942 2596 1141 2673 idque,
1170 2603 1455 2674 quantum
1478 2594 1768 2666 uidemuS,
1793 2610 1915 2654 non
1938 2595 2175 2655 frustra.

235 2698 381 2741 nam
415 2680 516 2755 qui
549 2681 884 2759 principem
917 2700 1105 2741 unum
1134 2682 1197 2741 in
1230 2700 1297 2755 re
1322 2700 1382 2760 p.
1416 2686 1595 2759 negat
1633 2698 1763 2741 esse
1794 2678 2015 2740 dehere
2048 2680 2179 2755 qui·
2218 2688 2251 2737 5

238 2782 360 2842 que
393 2763 621 2825 adserit
651 2784 683 2825 a
715 2772 926 2827 senatu
971 2774 1252 2845 oportere
1295 2772 1482 2826 totam
1522 2783 1653 2825 rem
1682 2783 1740 2843 p.
1784 2766 1945 2841 regi,
1978 2765 2031 2823 is
2070 2780 2181 2841 per

159 2871 212 2911 ao
241 2857 520 2911 senatum
565 2849 679 2911 sihi
718 2852 870 2929 petit
919 2852 1265 2930 imperium.
1338 2850 1558 2913 Cauete
1616 2851 1795 2927 igitur
1855 2847 2179 2926 diligentis-

344 3138 372 3186 1
401 3150 552 3186 caeS.
575 3135 654 3186 Ρ1
813 3140 848 3187 4
881 3136 1230 3188 sordium-1²¹
1392 3138 1424 3185 6
1459 3136 1730 3186 tenebant
1753 3132 1858 3184 BP
1883 3149 1999 3183 exc.
2149 3136 2179 3183 '1

238 3204 583 3255 Caesareum
605 3205 670 3255 M
813 3206 846 3256 8
870 3206 1004 3256 mihi
1025 3204 1166 3256 P²M
1300 3204 1541 3256 difitxint
1566 3202 1706 3256 exc.¹
1755 3200 2007 3251 defixerit
2032 3217 2147 3252 eaec.
2162 3200 2185 3232 ²

341 3276 372 3323 9
398 3272 733 3339 pronuntias
756 3271 808 3322 B
947 3276 1011 3325 10
1037 3273 1183 3338 quod
1205 3272 1312 3324 BP
1330 3289 1446 3325 exc.
1470 3271 1532 3323 M
1644 3272 1708 3321 21
1735 3268 2029 3321 occidendi
2050 3267 2183 3319 BP¹

235 3356 355 3392 exc.
498 3342 564 3390 22
588 3338 810 3407 Albino]
838 3340 1050 3393 iuliano
1073 3342 1178 3393 BP
1196 3358 1312 3392 exc.
1338 3341 1407 3391 M
1522 3340 1589 3390 23
1615 3352 1844 3389 seuerus
1864 3336 2033 3387 BPM
2064 3336 2181 3387 suis
2217 3375 2225 3382 ,

235 3411 301 3461 ci.
331 3408 374 3459 Ο
397 3408 639 3458 Seuerus
664 3410 761 3461 del.
787 3410 1127 3461 Momm-senus
1264 3412 1331 3460 25
1355 3410 1415 3459 in
1443 3422 1630 3459 eorum
1660 3406 1711 3455 B
1736 3422 1855 3458 exc.
1992 3406 2059 3453 26
2082 3402 2179 3469 ha-

235 3474 359 3527 bita
385 3474 515 3526 BP¹
543 3492 659 3525 exc.
802 3477 898 3542 qui
922 3478 1090 3527 BPM
1121 3492 1230 3541 qua
1254 3477 1404 3529 Iord.
1542 3477 1609 3527 28
1637 3482 1761 3539 post
1781 3488 1950 3522 unum
1972 3474 2026 3521 in
2058 3486 2177 3521 eaec.

245 3545 394 3595 deest
418 3544 478 3592 in
503 3560 619 3593 rem
644 3561 696 3610 p.
721 3548 893 3611 spatio
918 3562 1092 3599 nouem
1118 3547 1403 3596 litterarum
1425 3559 1585 3595 uacuo
1609 3544 1790 3593 relicto
2056 3550 2064 3555 '
