2517 3884
354 172 440 238 28
1046 179 1219 236 AELlI
1265 179 1610 236 SPARTlANl

359 347 496 417 bat,
528 365 727 426 neque
760 364 829 406 eo
861 345 1039 407 modo
1084 363 1203 423 quo
1234 347 1524 408 Traianus
1568 317 1659 408 est
1700 278 2042 426 adoptatus,
2089 347 2195 408 sed
2229 367 2304 408 eo

360 450 555 512 prope
587 449 811 510 genere
856 449 975 508 quo
1017 433 1238 492 nostris
1288 431 1656 511 temporibus
1687 451 1718 492 a
1750 440 1951 494 uestra
1981 432 2302 494 clementia

361 518 760 580 Maximianus
803 524 982 593 atque
1026 515 1406 578 Constantius
1439 515 1720 578 Caesares
1763 518 1904 578 dicti
1947 525 2087 578 sunt
2127 519 2304 597 quasi

368 602 609 680 quidam
639 601 985 681 principum
1002 601 1108 662 filii
1137 603 1361 688 uirtute
1396 601 1688 680 designati
1711 610 1994 681 augustae
2024 605 2301 664 maiesta-

370 689 451 750 tis
480 685 755 748 heredes.
2364 703 2404 744 5

294 781 327 830 3
490 771 565 832 Et
595 772 875 851 quoniam
920 769 995 831 de
1037 770 1361 832 Caesarum
1392 773 1633 832 nomine
1661 773 1725 832 in
1754 769 1934 833 huius
1975 773 2304 851 praecipue

363 858 488 918 uita
522 863 613 917 est
644 855 865 933 aliquid
898 855 1352 934 disputandum,
1413 859 1514 934 qui
1555 856 1669 917 hoc
1713 855 1915 918 solum.
1944 875 2165 919 nomen
2205 859 2300 917 in·
2393 864 2400 871 ‘

364 941 579 1021 deptus
612 949 717 1010 est,
745 941 1060 1002 Caesarem
1090 941 1190 1002 uel
1220 941 1294 1002 ab
1328 941 1663 1021 elephanto,
1697 944 1801 1021 qui
1828 941 2030 1020 lingua
2061 942 2300 1003 Mauro-

360 1045 500 1088 rum
533 1027 731 1087 caesai
761 1026 999 1096 dicitur,
1032 1028 1094 1086 in
1124 1026 1357 1106 proelio
1390 1044 1596 1096 caeso,
1643 1044 1781 1087 eum
1825 1029 1927 1104 qui
1955 1028 2187 1107 primus
2216 1027 2304 1088 sic

360 1111 697 1192 appellatus
742 1119 832 1172 est
873 1111 1201 1172 doctissimi
1240 1113 1361 1172 uiri
1406 1120 1464 1172 et
1505 1111 1891 1172 eruditissimi
1942 1119 2154 1192 putant
2211 1111 2299 1172 di·
2335 1128 2402 1168 ιο

292 1206 328 1254 4
364 1205 545 1265 ctum,
582 1195 679 1256 uel
710 1197 848 1274 quia
878 1205 1113 1257 mortua
1144 1200 1334 1258 matre
1351 1193 1515 1276 [sed]
1540 1205 1750 1257 uentre
1794 1215 1969 1257 caeso
1999 1199 2077 1258 sit
2107 1204 2302 1266 natuS,

364 1281 463 1343 uel
496 1281 657 1360 quod
691 1299 835 1341 cum·
858 1283 1094 1359 magnis
1126 1281 1394 1342 crinibus
1431 1283 1507 1342 sit
1547 1288 1723 1342 utero
1752 1284 2021 1360 parentis
2053 1281 2301 1350 effusus,

363 1365 464 1427 uel
492 1366 652 1443 quod
694 1364 885 1427 oculis
916 1367 1128 1427 caesiis
1160 1373 1220 1426 et
1240 1365 1395 1428 ultra
1421 1365 1746 1428 humanum
1769 1385 1999 1427 morem
2023 1368 2300 1445 uiguerit.

297 1464 339 1512 5⁴
366 1460 531 1512 certe
592 1467 988 1531 quaecunque
1042 1449 1170 1520 illa,
1233 1451 1377 1511 felix
1437 1453 1762 1512 necessitas
1801 1453 1931 1521 fuit,
1963 1451 2122 1512 unde
2181 1459 2303 1512 tam
2504 1497 2505 1502 η

366 1535 595 1597 clarum
656 1542 716 1594 et
775 1534 1129 1596 duraturum
1192 1553 1328 1596 cum
1391 1538 1742 1597 aeternitate
1815 1536 2024 1598 mundi
2079 1554 2302 1596 nomen
2335 1552 2401 1593 15
2455 1543 2464 1549 “
2504 1543 2505 1548 ’

368 1619 647 1682 effloruit.

298 1716 330 1764 6
496 1704 606 1764 Hic
641 1721 801 1782 ergo,
836 1703 909 1764 de
944 1721 1061 1781 quo
1096 1722 1298 1764 sermo
1332 1715 1441 1774 est,
1494 1707 1754 1784 primum
1785 1704 2000 1767 Lucius
2026 1705 2305 1786 Aurelius

365 1789 556 1849 Verus
590 1796 681 1849 est
722 1788 934 1858 dictuS,
966 1788 1070 1850 sed
1102 1787 1177 1850 ab
1204 1789 1506 1851 Hadriano
1539 1792 1758 1851 ascitus
1787 1793 1850 1852 in
1879 1789 2186 1851 Heliorum
2215 1791 2306 1851 fa·-

366 1872 613 1942 miliam,
648 1872 763 1935 hoe
795 1881 885 1934 est
914 1875 975 1934 in
1007 1873 1291 1936 Hadriani
1332 1875 1732 1955 transcriptus
1764 1884 1822 1937 et
1853 1874 2184 1955 appellatus
2215 1883 2306 1935 est

298 1972 330 2020 7
368 1958 604 2020 Caesar.
680 1956 824 2019 huic
867 1966 1039 2037 pater
1088 1958 1369 2020 Ceionius
1414 1959 1775 2022 Commodus
1801 1961 1938 2029 fuit,
1985 1977 2159 2037 quem
2204 1959 2303 2020 alii
2332 1976 2400 2018 20

368 2045 613 2112 Verum,
648 2042 747 2104 alii
772 2041 1021 2104 Lucium
1036 2044 1362 2114 Aurelium,
1396 2045 1573 2106 multi
1601 2047 1858 2106 Annium
1887 2045 2304 2124 prodiderunt.

302 2141 334 2190 8
370 2131 635 2189 maiores
676 2147 885 2190 omnes
941 2128 1326 2199 nobilissimi,
1391 2147 1645 2208 quorum
1687 2132 1856 2209 origo
1901 2129 2188 2209 pleraque
2231 2148 2307 2190 ex

300 2228 333 2276 9
371 2213 611 2274 Etruria
642 2212 756 2275 fuit
783 2212 886 2274 uel
918 2232 991 2273 ex
1021 2215 1328 2276 Fauentia.
1409 2224 1466 2275 et
1497 2214 1570 2275 de
1601 2214 1778 2276 huius
1809 2213 2052 2292 quidem
2083 2213 2306 2275 familia

368 2296 609 2376 plenius
639 2299 701 2357 in
743 2299 868 2358 uita
898 2297 1068 2359 Lucii
1095 2299 1322 2360 Aurelii
1353 2298 1579 2359 Ceionii
1611 2298 1919 2359 Commodi
1949 2300 2089 2359 Veri
2118 2300 2302 2358 Anto-

368 2382 513 2450 nini,
555 2380 662 2441 filii
702 2381 980 2449 huiusce}
1046 2400 1221 2458 quem
1265 2379 1380 2442 sibi
1421 2383 1704 2460 adoptare
1732 2383 2066 2443 Antoninus
2106 2383 2306 2443 iussus
2335 2401 2399 2441 25
2504 2365 2505 2438 s

267 2480 333 2529 10
372 2473 481 2534 est,
516 2465 903 2526 disseremus.
949 2467 1002 2526 is
1034 2468 1193 2527 enim
1225 2465 1378 2526 liber
1409 2465 1588 2527 debet
1617 2467 1815 2528 omnia
1845 2483 1996 2542 quae
2027 2465 2303 2527 ad'stem—

370 2568 466 2611 ma
496 2551 739 2628 generis
777 2551 1083 2629 pertinent
1126 2553 1464 2620 continere,
1501 2553 1603 2629 qui
1642 2550 1822 2612 habet
1850 2551 2186 2635 principem
2230 2551 2306 2612 de

370 2653 493 2714 quo
523 2634 697 2714 plura
730 2635 982 2695 dicenda
1013 2642 1171 2696 sunt.

295 2720 337 2786 3
496 2719 825 2798 Adoptatus
866 2726 1066 2780 autem
1106 2719 1318 2780 Helius
1360 2721 1554 2780 Verus
1599 2719 1673 2781 ab
1705 2719 2009 2782 Hadriano
2053 2740 2124 2781 eo
2155 2729 2304 2782 tem-

368 2822 520 2884 pore
552 2822 669 2882 quo
700 2806 837 2874 iam,
870 2812 933 2864 ut
964 2807 1244 2883 superius
1274 2805 1562 2875 diximuS,
1609 2824 1824 2884 parum
1867 2804 2109 2884 uigebat
2140 2814 2199 2866 et
2229 2806 2304 2867 de
2334 2824 2398 2866 so
2504 2793 2505 2796 ¹

302 2909 335 2957 2
374 2905 727 2950 successore
759 2892 1099 2951 necessario
1130 2889 1453 2968 cogitabat,
1489 2892 1810 2969 statimque
1840 2899 2082 2971 praetor
2111 2891 2303 2952 factus

373 2982 433 3034 et
462 2975 785 3035 Pannoniis
816 2974 935 3036 dux
968 2994 1035 3036 ac
1066 2983 1266 3036 rector
1295 2977 1619 3054 inposituS,
1653 2995 1792 3037 mox
1825 2975 2033 3037 consul
2063 2982 2304 3036 creatus

471 3160 502 3207 2
548 3173 739 3209 auram
774 3123 911 3212 exest
958 3163 1171 3211 aurium
1213 3160 1358 3214 <23:0ss
1493 3163 1527 3212 4
1559 3159 1638 3211 fili
1668 3159 1739 3211 B¹
1773 3161 1884 3210 uiri
1926 3165 1983 3210 et
2013 3160 2183 3210 BPM
2210 3175 2302 3212 em.

367 3224 684 3292 Bernhardy
844 3229 873 3278 7
900 3229 1139 3294 adeptus
1161 3228 1235 3279 ΒΞ
1263 3228 1331 3279 al.
1359 3229 1596 3294 adeptus
1623 3227 1690 3279 ΡΒ
1827 3231 1858 3279 9
1885 3243 2050 3278 caesa
2075 3225 2216 3279 exc!
2239 3228 2305 3278 M

370 3308 567 3344 caesar
600 3295 725 3358 Rey.
868 3297 928 3345 11
966 3297 1065 3346 sed
1088 3313 1183 3348 om.
1208 3297 1273 3348 M
1410 3300 1474 3348 13
1510 3296 1679 3362 eeciis
1703 3295 1775 3346 B¹
1803 3296 1984 3346 caesis
2007 3293 2082 3344 B³
2117 3295 2306 3360 cespis

368 3360 508 3412 eoec.¹
650 3377 855 3412 marem
874 3362 947 3412 B¹
976 3363 1114 3414 exc.¹
1254 3365 1319 3415 15
1345 3365 1664 3415 duraturam
1683 3363 1756 3412 B¹
1895 3366 1962 3414 24
1984 3379 2116 3414 uere
2137 3363 2209 3412 B¹

367 3431 435 3478 26
472 3434 686 3494 stegma
719 3429 785 3479 P¹
936 3433 999 3482 31
1037 3446 1388 3482 successores
1419 3432 1471 3481 B
1502 3433 1630 3495 sort.
1669 3446 1989 3484 successore
2026 3446 2179 3482 suc.-

368 3499 435 3547 32
462 3502 519 3547 et
543 3498 601 3547 in
628 3498 901 3562 pannonis
924 3498 997 3548 B*
1023 3504 1081 3550 et
1106 3500 1379 3564 pannonis
1403 3497 1528 3548 B²P
