2517 3884
537 194 911 253 ANTONINVS
954 196 1475 257 HELIOGABALVS.
1564 198 1620 253 C.
1667 202 1835 255 1—-4,
2028 193 2159 261 205

211 363 477 441 denique
539 362 640 423 ubi
680 363 744 421 in
787 371 996 424 senatu
1049 362 1237 423 lectae
1292 371 1429 424 sunt
1480 364 1715 425 litterae
1756 364 2146 443 Heliogabali,
2189 378 2221 424 3

212 449 418 511 statim
448 448 640 508 fausta
672 448 734 506 in
765 448 1128 508 Antoninum
1177 456 1237 508 et
1281 448 1410 510 dira
1449 450 1511 508 in
1543 450 1869 511 Macrinum
1904 452 2152 528 eiusque
2221 462 2226 467 ·

209 533 404 593 filium
447 532 602 592 dicta
647 540 802 601 sunt,
866 532 1315 612 appellatusque
1355 535 1687 595 Antoninus
1727 536 2009 613 princeps
2041 555 2150 595 uo-

209 617 476 679 lentibus
508 618 738 679 cunetis
784 624 842 677 et
882 617 1146 679 studiose
1189 618 1599 689 credentibus,
1645 627 1712 680 ut
1754 637 1886 680 sese
1928 620 2154 681 habent

157 720 186 760 5
212 713 359 764 uota
401 702 712 763 hominum
756 701 829 762 ad
873 702 1288 763 credulitatem
1329 704 1766 774 festinantium,
1816 722 1952 765 cum
1994 705 2152 785 quod

211 794 426 867 optant
455 804 663 847 uerum
699 804 832 847 esse
863 787 1220 848 desiderant.
1282 788 1389 848 sed
1418 790 1520 849 ubi
1552 790 1810 867 primum
1841 791 2152 867 ingressus
2189 802 2223 848 4

213 880 307 933 est
347 871 580 942 urbem,
613 873 849 932 omissis
892 889 1044 949 quae
1086 875 1146 932 in
1190 874 1503 951 prouincia
1548 874 1910 951 gerebantur
1953 874 2150 935 Helio-

210 957 494 1035 gabalum
524 959 586 1016 in
615 955 882 1017 Palatino
913 964 1116 1017 monte
1147 959 1313 1019 iuxta
1346 958 1523 1018 aedes
1560 954 1979 1037 imperatorias
2012 978 2151 1021 con-

212 1045 478 1103 secrauit
511 1044 683 1119 eique
714 1041 1005 1119 templum
1035 1044 1194 1110 fecit,
1231 1042 1479 1103 studens
1533 1049 1593 1102 et
1622 1044 1825 1105 Matris
1855 1051 2063 1124 typum
2096 1052 2154 1105 et

137 1144 188 1185 10
218 1128 437 1188 Vestae
467 1128 668 1204 ignem
713 1133 772 1185 et
811 1125 1137 1189 Palladium
1169 1134 1228 1187 et
1271 1127 1483 1187 ancilia
1528 1134 1588 1186 et
1631 1130 1829 1188 omnia
1870 1129 2153 1189 Romanis

211 1212 559 1273 ueneranda
617 1213 680 1271 in
738 1209 1258 1273 illud’transferre
1301 1212 1591 1291 templum
1634 1220 1693 1272 et
1736 1212 1794 1272 id
1829 1230 2040 1291 agens,
2075 1231 2153 1273 ne

211 1299 353 1374 quis
421 1296 644 1356 Romae
699 1296 848 1356 deus
888 1298 1001 1356 nisi
1045 1295 1467 1373 Heliogabalus
1510 1295 1827 1358 coleretur.
1918 1297 2153 1359 dicebat
2190 1308 2221 1355 5

211 1387 560 1461 praeterea,
621 1380 975 1441 ludaeorum
1039 1390 1096 1442 et
1141 1383 1655 1442 Samaritanorum
1713 1381 2033 1459 religiones
2095 1390 2154 1443 et

215 1466 616 1527 Christianam
647 1465 1028 1528 deuotionem
1058 1465 1202 1527 illue
1237 1468 1741 1537 transferendam,
1791 1475 1855 1527 ut
1884 1469 2153 1528 omnium

136 1570 187 1610 15
215 1551 590 1612 culturarum
621 1557 922 1612 'secretum
953 1551 1322 1632 Heliogabali
1352 1552 1751 1613 sacerdotium
1782 1558 2035 1613 teneret.

345 1635 572 1696 Deinde
614 1635 719 1695 ubi
763 1638 1028 1715 primum
1081 1636 1235 1696 diem
1294 1643 1537 1697 senatus
1596 1637 1833 1707 habuit,
1897 1644 2150 1698 matrem
2183 1631 2229 1693 4

215 1740 382 1782 suam
416 1722 476 1780 in
508 1727 780 1781 senatum
812 1722 1008 1798 rogari
1049 1722 1241 1785 iussit.
1320 1740 1471 1800 quae
1518 1740 1653 1782 cum
1696 1724 1993 1791 uenisset,
2043 1742 2150 1783 uo·
2189 1728 2220 1775 2

216 1813 348 1868 cata
380 1805 452 1866 ad
485 1804 793 1866 consulum
828 1805 1109 1866 subsellia
1141 1804 1459 1866 scribendo
1493 1806 1697 1875 adfuit,
1741 1806 1802 1866 id
1846 1813 1937 1867 est
1978 1826 2149 1867 sena-

217 1898 313 1952 tus
343 1890 600 1951 consulti
643 1891 996 1967 conficiendi
1025 1893 1223 1959 testiS,
1259 1890 1543 1968 solusque
1587 1893 1852 1951 omnium
1890 1894 2149 1969 impera-

141 1995 193 2034 20
217 1984 419 2037 torum
452 1976 585 2043 fuit,
619 1973 728 2035 sub
763 1994 880 2053 quo
913 1975 1128 2036 mulier
1163 1977 1333 2051 quasi
1376 1976 1703 2038 clarissima
1744 1974 1873 2035 loco
1908 1976 2022 2036 uiri
2055 1994 2147 2035 se-

217 2070 422 2123 natum
453 2063 723 2137 ingressa
756 2066 862 2119 est.
940 2061 1080 2120 fecit
1114 2067 1171 2119 et
1200 2061 1262 2119 in
1288 2058 1439 2120 colle
1466 2058 1751 2130 Quirinali
1782 2060 2147 2128 senaculum,
2188 2068 2219 2115 3

215 2147 278 2206 id
311 2153 401 2206 est
429 2145 748 2213 mulierum
797 2156 1098 2213 senatum,
1146 2146 1207 2203 in
1251 2160 1368 2219 quo
1410 2151 1545 2204 ante
1592 2146 1788 2203 fuerat
1819 2150 2150 2203 conuentus

217 2229 594 2298 matronalis,
652 2228 1020 2290 solemnibus
1061 2229 1367 2289 dumtaxat
1411 2228 1624 2288 diebus
1666 2236 1724 2289 et
1772 2230 1822 2288 si
1869 2245 2152 2305 umquam

219 2315 413 2392 aliqua
459 2321 730 2376 matrona
775 2314 1108 2375 consularis
1153 2315 1414 2391 coniugii
1456 2321 1614 2373 esset
1645 2315 2011 2374 ornamentis
2043 2313 2150 2374 do-

141 2416 194 2457 25
219 2407 373 2469 nata,
409 2399 565 2477 quod
602 2408 836 2459 ueteres
876 2402 1273 2478 imperatores
1304 2398 1597 2459 adfinibus
1629 2397 1976 2459 detulerunt
2009 2407 2068 2458 et
2098 2400 2151 2460 is

215 2487 473 2546 maxime
505 2503 656 2563 quae
687 2483 1025 2545 nobilitatos
1056 2486 1303 2545 maritos
1333 2502 1455 2544 non
1486 2482 1835 2552 habuerant,
1870 2502 1945 2543 ne
1976 2486 2147 2544 inno-

217 2568 480 2630 bilitatae
510 2576 910 2629 remanerent.
991 2570 1095 2629 secl
1128 2569 1477 2649 Symiamira
1520 2569 1676 2629 facta
1727 2575 1867 2629 sunt
1908 2577 2150 2632 senatus
2185 2576 2219 2625 4

219 2655 490 2715 consulta
551 2652 799 2713 ridicula
863 2654 935 2713 de
996 2653 1228 2731 legibus
1289 2652 1753 2714 matronalibus:
1822 2671 1972 2730 quae
2034 2674 2149 2733 quo

217 2742 438 2799 uestitu
471 2738 963 2817 incederet,quae
995 2739 1090 2799 cui
1122 2737 1551 2817 cederet,quae
1577 2739 1646 2798 ad
1678 2741 1846 2800 cuius
1878 2737 2150 2799 osculum

146 2841 194 2882 ao
217 2827 482 2893 ueniret,
547 2841 699 2901 quae
729 2822 983 2901 pilento,
1046 2840 1200 2901 quae
1232 2840 1419 2900 equo,
1454 2841 1605 2900 quae
1638 2825 1962 2901 sagmariO,
1998 2840 2151 2899 quae

219 2912 384 2971 asino
416 2908 764 2976 ueheretur,
799 2926 949 2985 quae
983 2917 1266 2987 carpento
1297 2908 1533 2977 mulari,
1583 2926 1734 2986 quae
1766 2907 1966 2977 boum,
2000 2925 2148 2987 quae

220 2994 363 3056 sella
392 2993 721 3055 ueheretur
751 2999 812 3052 et
840 3000 1043 3053 utrum
1086 2991 1322 3071 pellicia
1362 3012 1435 3053 an
1481 3012 1651 3054 ossea
1693 3012 1770 3053 an
1801 2992 2043 3054 eborata
2074 3012 2149 3053 an

316 3183 347 3230 2
371 3180 625 3229 infausta
651 3182 840 3228 anton.
865 3175 940 3229 Βί
966 3176 1214 3227 infausta
1241 3178 1303 3228 in
1327 3183 1440 3229 ant.
1467 3176 1602 3227 B²P
1680 3198 1703 3216 ·
1758 3181 1789 3229 6
1811 3196 2002 3230 uerum
2026 3194 2147 3230 esse

217 3252 546 3299 asseuerant
570 3246 802 3311 Scaliger
849 3246 1159 3296 edisserant
1183 3246 1226 3296 S
1371 3250 1399 3297 7
1428 3247 1699 3297 commisis
1723 3247 1775 3296 B
1825 3248 2040 3299 omissis
2063 3248 2150 3298 his

216 3317 280 3366 M
370 3318 434 3366 10
459 3314 704 3365 anchilia
715 3314 817 3363 BP
908 3316 972 3365 18
998 3314 1281 3365 consulem
1306 3315 1624 3365 subselliam
1650 3316 1977 3367 ascribendo
1988 3317 2150 3366 BPM

316 3386 384 3434 25
407 3383 496 3433 his
522 3382 687 3432 BPM
729 3383 778 3431 is
800 3383 990 3447 scripsi
1145 3386 1211 3434 30
1247 3398 1388 3448 quae
1424 3400 1638 3449 quoque
1665 3398 1834 3450 sagm.
1860 3386 1963 3435 BP
2006 3401 2149 3451 quae

219 3466 358 3515 equo
393 3466 564 3516 sagm.
601 3467 738 3501 cor-r.
766 3450 1101 3502 Mommsenus
1238 3454 1302 3502 31
1341 3468 1481 3517 quae
1516 3454 1679 3502 boum
1712 3469 1803 3503 om.
1832 3452 1912 3501 Β1
1947 3454 2149 3503 bouum

219 3520 267 3567 P
289 3527 323 3571 t.
351 3518 498 3571 Iord.
638 3521 703 3569 32
733 3517 1120 3583 pellicianosse
1148 3536 1218 3570 an
1247 3520 1329 3569 eb.
1360 3520 1460 3569 BP
1482 3520 1704 3585 pellicia
1729 3536 1893 3570 nosce
1920 3521 1985 3569 M
