2517 3884
327 175 482 238 .-112
959 178 1297 235 TREBELLII
1340 178 1683 235 POLLIONIS

290 354 322 401 9
485 346 832 408 Tacendum
863 361 997 408 esse
1040 365 1160 407 non
1209 346 1391 407 credo
1432 345 1593 426 quod
1624 364 1759 405 cum
1790 346 1867 405 de
1895 346 2163 425 Aegypto
2195 343 2291 405 lo-

360 450 540 510 quor,
576 438 752 493 uetus
784 433 1084 510 suggessit
1112 430 1361 492 historia
1381 477 1397 500 ,
1446 429 1625 493 simul
1656 432 1835 491 etiam
1864 429 2119 491 Gallieni
2160 430 2292 490 fac—

252 523 322 571 10
356 525 504 578 tum.
583 519 684 597 qui
725 536 862 577 cum
904 514 1212 577 Theodoto
1269 515 1453 577 uellet
1502 517 1818 596 imperium
1848 514 2293 593 proconsulare

358 602 714 671 decernere,
779 620 811 662 a
855 600 1268 662 sacerdotibus
1300 609 1391 662 est
1419 600 1787 680 prohibitus,
1851 601 1956 679 qui
1986 600 2294 681 dixerunt,

259 693 318 741 11
359 689 550 748 fasces
583 685 928 760 consulares
958 686 1194 763 ingredi
1222 685 1641 748 Alexandriam
1681 704 1803 747 non
1834 684 2039 749 licere.
2116 686 2293 745 cuius
2353 702 2385 743 5

356 774 447 833 rei
479 772 654 833 etiam
686 772 1053 839 Ciceronem,
1087 790 1226 832 cum
1257 778 1466 832 contra
1496 770 1811 833 Gabinium
1842 770 2125 850 loquitur,
2160 788 2292 830 me-

356 857 604 918 minisse
648 859 786 917 satis
829 858 1127 917 nouimus.
1205 856 1461 935 denique
1502 874 1625 916 non
1670 861 1830 915 extat
1872 857 2161 915 memoria
2202 856 2297 915 rei

257 946 319 994 12
357 942 807 1019 frequentatae(
864 960 1051 1021 quare
1111 942 1269 1002 scire
1312 948 1577 1020 oportet,
1622 941 1987 1002 Herennium
2032 940 2293 1009 Celsum,

357 1033 626 1087 uestrum
657 1034 987 1106 parentem,
1019 1041 1155 1087 cum
1185 1025 1561 1087 consulatum
1584 1028 1764 1105 cupit,
1800 1024 1912 1085 hoc
1944 1024 2103 1102 quod
2133 1024 2295 1084 desi-

262 1116 328 1166 13
365 1112 535 1173 derat
593 1130 717 1173 non
776 1112 976 1173 licere.
1056 1112 1251 1173 fertur
1294 1112 1453 1172 enim
1498 1110 1653 1189 apud
1696 1109 1957 1171 Memfim
1996 1112 2058 1169 in
2108 1128 2381 1171 auream

358 1196 631 1258 columna
673 1198 975 1279 Aegyptiis
1035 1216 1166 1259 esse
1206 1196 1423 1257 litteris
1470 1196 1786 1275 scriptum,
1853 1202 1993 1255 tunc
2048 1194 2294 1255 demum

357 1283 686 1373 Aegyptum
746 1282 999 1343 liberam
1057 1282 1189 1342 fore
1249 1300 1385 1342 cum
1429 1283 1491 1341 in
1536 1299 1667 1341 eam
1701 1281 2007 1341 uenissent
2037 1278 2297 1340 Romani

257 1370 322 1418 14
356 1368 548 1428 fasces
609 1376 666 1427 et
723 1375 1027 1445 praetexta
1058 1365 1482 1427 Romanorum.
1564 1365 1723 1443 quod
1766 1365 1924 1464 apud
1967 1364 2295 1426 Proculum

354 1454 841 1529 grammaticum,
888 1452 1297 1511 doctissimum
1332 1453 1427 1512 sui
1458 1452 1747 1529 temporis
1780 1452 2004 1519 uirum,
2043 1468 2183 1511 cum
2214 1448 2293 1511 de

354 1539 693 1615 peregrinis
725 1535 1072 1614 regionibus
1104 1535 1389 1616 loquitur,
1424 1537 1745 1596 inuenitur.
2322 1553 2374 1593 15

1038 1751 1606 1818 SATVRNINVS

245 1914 334 1978 23
395 1930 409 1940 “
482 1925 757 2004 Optimus
788 1926 1006 1986 ducum
1038 1926 1290 1987 Gallieni
1335 1927 1653 2004 temporiS,
1716 1924 1821 1985 sed
1855 1924 2166 1985 Valeriano
2200 1925 2289 1984 di-

288 2014 318 2062 2
355 2008 546 2070 lectus
592 2010 950 2072 Saturninus
992 2011 1124 2072 fuit.
1201 2009 1301 2071 hic
1332 2009 1602 2088 quoque,
1649 2029 1785 2071 cum
1829 2007 2287 2070 dissolutionem
2326 2026 2341 2052 ·

355 2093 625 2164 Gallieni,
659 2098 1066 2176 pernoctantis
1093 2098 1157 2157 in
1187 2095 1458 2175 publico,
1505 2096 1667 2156 serre
1698 2113 1817 2155 non
1848 2102 2054 2173 posset
2085 2102 2143 2154 et
2174 2096 2286 2155 mi-

355 2178 492 2241 lites
539 2199 658 2242 non
715 2180 988 2261 exemplo
1040 2183 1417 2261 imperatoris
1447 2182 1564 2241 'sui
1606 2180 1711 2241 sed
1756 2198 1862 2240 suo
1906 2188 2177 2257 regeret,
2213 2180 2287 2239 ab
2315 2200 2365 2239 20

356 2266 718 2326 exercitibus
763 2268 1014 2346 sumpsit
1041 2268 1395 2345 imperium,
1430 2268 1523 2325 uir
1553 2265 1909 2344 prudentiae
1942 2263 2283 2341 singulariS,

354 2352 662 2426 grauitatis
690 2353 968 2429 insigniS,
1032 2354 1188 2411 uitae
1219 2350 1517 2421 amabiliS‚
1578 2352 1967 2411 uictoriarum
2012 2348 2288 2413 barbaris

283 2440 320 2487 3
359 2436 534 2495 etiam
569 2434 787 2512 ubique
817 2443 1111 2497 notarum.
1185 2435 1283 2496 hi'c
1324 2454 1394 2496 ea
1425 2436 1522 2495 die
1555 2452 1669 2511 qua
1702 2442 1792 2495 est
1822 2436 2071 2495 amictus
2102 2452 2133 2493 a
2168 2436 2288 2493 mi·
2313 2443 2329 2452 ⁸

355 2516 558 2578 litibus
597 2517 774 2599 peplo
816 2522 1202 2599 imperatorio
1246 2522 1522 2581 contione
1565 2518 1762 2582 habita
1804 2519 2021 2579 dixisse
2052 2520 2280 2579 fertur:

356 2602 864 2674 „Commilitones,
898 2605 1124 2666 bonum
1155 2605 1367 2665 ducem
1400 2604 1745 2684 perdidistis
1778 2612 1835 2665 et
1866 2604 2089 2663 malum
2118 2606 2283 2701 prin·
2314 2622 2365 2661 25

287 2692 322 2740 4
359 2690 550 2767 cipem
580 2688 824 2749 fecistis,
836 2699 874 2722 “
948 2690 1223 2789 denique·
1247 2709 1383 2751 cum
1428 2689 1612 2750 multa
1654 2684 1899 2751 strenue
1940 2690 2003 2748 in
2032 2690 2288 2768 imperio

354 2774 614 2843 fecisset,
649 2775 809 2852 quod
843 2785 1000 2836 esset
1029 2776 1300 2837 seuerior
1333 2784 1389 2836 et
1420 2778 1659 2853 grauior
1683 2773 1969 2835 militibus
2000 2772 2074 2833 ab
2095 2773 2287 2834 isdem
2375 2806 2381 2812 ·

284 2862 321 2911 5
355 2860 504 2938 ipsis
534 2878 566 2920 a
597 2859 814 2939 quibus
857 2860 1048 2921 factus
1091 2861 1309 2921 fuerat*
1341 2862 1737 2939 interemptus
1798 2865 1903 2919 est.
1983 2856 2162 2919 huius
2192 2860 2285 2917 in-

355 2946 520 3021 signe
554 2953 642 3005 est
672 2944 831 3025 quod
863 2947 1144 3007 conuiuio
1177 2945 1559 3007 discumbere
1600 2943 1839 3013 'milites
1888 2961 1963 3003 ne
1994 2943 2285 3003 inf-eriora
2374 3003 2383 3014 „

493 3164 518 3211 1
549 3162 614 3211 de
640 3180 730 3215 om.
756 3164 858 3214 BP
1019 3168 1049 3215 2
1076 3166 1346 3216 successit
1370 3166 1473 3215 BP
1614 3170 1645 3217 3
1672 3182 1699 3215 e
1726 3164 1990 3215 theodoto
2014 3163 2119 3212 BP
2256 3164 2291 3211 6

357 3230 640 3293 gauinium
663 3231 765 3281 BP
897 3236 928 3283 9
955 3250 1076 3283 cum
1099 3236 1282 3285 addidi
1305 3234 1398 3298 qui
1423 3236 1542 3287 add.
1570 3234 1637 3284 ln
1656 3233 1781 3282 dum
1805 3236 1942 3297 uol9
2080 3232 2145 3281 10
2168 3232 2229 3280 in
2254 3246 2289 3279 a

357 3310 526 3345 aurea
550 3298 654 3347 BP
791 3302 854 3350 15
880 3300 1238 3367 religionibus
1266 3303 1307 3351 0
1451 3305 1513 3352 17
1540 3304 1805 3366 temporie
1833 3301 1893 3351 M
2031 3298 2129 3348 sed
2165 3315 2198 3347 a.
2228 3299 2291 3348 M

358 3361 656 3428 (Eyssenh.)
822 3366 1060 3419 dilectus
1085 3371 1117 3421 ἰ.
1145 3387 1188 3420 e.
1220 3369 1469 3419 delectus
1494 3371 1561 3431 cll
1590 3373 1739 3428 e.10,
1768 3372 1883 3419 15
1992 3368 2286 3417 22'barba-

352 3446 474 3480 rum
499 3431 564 3481 M
719 3436 786 3483 24
819 3434 1068 3486 adhibita
1103 3437 1271 3487 BPM
1424 3438 1490 3489 25
1525 3437 1715 3486 dacem
1739 3436 1857 3485 B1
1979 3436 2044 3484 27
2069 3433 2301 3484 hisdem·

353 3496 522 3547 BPM
585 3502 650 3550 28
676 3500 859 3551 fuerat
886 3504 1069 3553 factus
1094 3504 1174 3553 B¹
1314 3506 1378 3555 29
1404 3521 1507 3555 nec
1530 3504 1675 3554 BP-
