2517 3884
346 179 469 246 132
1047 181 1201 242 AELI
1243 178 1594 238 SPARTIANI

278 362 314 414 9
348 353 533 432 Nigro
562 350 967 416 militauerant
996 289 1217 410 ddbum
1238 347 1341 410 uel
1355 347 1746 420 ‘tribunorum
1767 349 2030 410 nomine.
2067 348 2284 412 deinde

354 441 513 500 circa
543 437 821 500 Arabiam
849 435 1025 516 plura
1054 437 1262 514 gessit,
1294 434 1529 496 Parthis
1559 433 1738 496 etiam
1764 435 1829 495 in
1861 434 2158 497 dicionem
2187 453 2283 496 re-

356 524 549 586 dactis
573 541 687 584 nec
716 540 839 583 non
872 521 1050 582 etiam
1078 519 1417 581 Adiabenis,
1481 520 1586 597 qui
1625 519 1862 596 quidem
1906 534 2117 582 omnes
2149 538 2286 582 cum

257 618 323 668 10
356 609 690 672 Pescennio
734 614 1064 668 senserant.
1138 613 1319 683 atque
1363 603 1439 665 ob
1479 603 1597 666 hoc
1647 623 1937 666 reuersus
1979 605 2283 686 triumpho

349 695 544 757 delato
596 691 928 773 appellatus
970 698 1084 752 ‘est
1132 689 1427 752 Arabicus
1485 689 1884 752 Adiabenicus
1943 690 2277 753 Parthicus,
2333 705 2361 746 5

248 788 310 838 11
351 780 458 841 sed
497 777 872 858 triumphum
912 776 1176 856 respuit,
1230 793 1310 836 ne
1359 775 1672 837 uideretur
1725 775 1800 836 de
1851 775 2014 836 ciuili
2069 778 2281 838 trium·
2327 809 2356 828 —-

345 865 533 944 phare
562 864 833 924 uictoria.
900 863 1211 924 excusauit
1260 868 1321 922 et
1357 859 1704 924 Parthicum
1732 879 1983 931 nomen,
2015 879 2095 924 ne
2136 862 2283 925 Par-

347 951 483 1011 thos
509 947 859 1009 lacesseret.
1962 953 1966 956 “

246 1024 329 1092 10
471 1032 772 1094 Redeunti
802 1050 947 1093 sane
976 1032 1228 1094 Romam
1257 1039 1398 1112 post
1427 1029 1650 1092 bellum
1694 1031 1872 1095 ciuile
1911 1031 2084 1110 Nigri
2123 1031 2280 1093 aliud

344 1119 568 1181 bellum
611 1118 789 1180 ciuile
833 1117 1001 1179 Clodi
1040 1116 1239 1179 Albini
1281 1119 1619 1178 nuntiatum
1662 1124 1783 1187 est,
1828 1119 1930 1194 qui
1968 1116 2282 1178 rebellauit
2308 1131 2360 1170 10

342 1207 406 1264 in
436 1203 643 1265 Gallia.
709 1221 897 1281 quare
925 1210 1137 1283 postea
1170 1203 1356 1262 occisi
1389 1209 1527 1262 sunt
1549 1204 1668 1275 filii
1692 1202 1879 1277 Niyrtss
1901 1221 2040 1263 cum
2070 1211 2278 1264 matre.

276 1291 309 1342 2
344 1289 625 1351 Albinum
652 1290 835 1368 igitur
866 1289 1069 1350 statim
1096 1287 1335 1349 hostem
1361 1287 1650 1348 iudicauit
1673 1295 1732 1348 et
1763 1306 1868 1348 eos
1893 1289 1999 1365 qui
2023 1288 2099 1349 ad
2116 1288 2284 1350 illum

274 1377 307 1427 3
345 1374 584 1436 mollius
635 1374 737 1436 uel
778 1375 1152 1453 scripserunt
1198 1372 1298 1434 uel
1349 1373 1814 1454 rescripserunt.
1893 1380 1953 1434 et
1992 1391 2127 1434 cum
2167 1375 2285 1435 iret

345 1468 553 1520 contra
581 1459 878 1529 Albinum,
910 1459 973 1518 in
1003 1459 1221 1520 itinere
1264 1457 1423 1536 apud
1454 1459 1849 1518 Viminacium
1889 1457 2078 1519 filium
2109 1476 2283 1519 suum

238 1553 285 1641 ᾖ
342 1546 631 1605 maiorem
685 1542 1039 1604 Bassianum
1092 1543 1365 1622 adposito
1420 1542 1643 1604 Aurelii
1695 1543 1977 1604 Antonini
2035 1545 2281 1605 nomine
2307 1556 2364 1597 15

344 1630 664 1691 Caesarem
695 1627 1046 1708 appellauit,
1092 1635 1160 1688 ut
1186 1628 1440 1688 fratrem
1479 1646 1654 1690 suum
1684 1627 1890 1690 Getam
1922 1626 1996 1688 ab
2028 1647 2135 1707 spe
2167 1631 2280 1690 im-

270 1717 307 1766 4
342 1715 514 1795 perii,
552 1730 729 1790 quam
758 1712 857 1774 ille
890 1718 1282 1792 conceperat,
1317 1720 1743 1775 summoueret.
1809 1721 1868 1774 et
1895 1731 2116 1773 nomen
2148 1715 2279 1792 qui-

344 1799 483 1860 dem
522 1797 806 1859 Antonini
841 1798 1068 1862 idcirco
1121 1797 1241 1858 filio
1293 1798 1597 1878 adposuit,
1646 1797 1805 1876 quod
1852 1799 2278 1869 somniauerat,
2345 1873 2354 1878 ·

273 1886 307 1937 5
340 1883 705 1946 Antoninum
738 1883 853 1944 sibi
882 1901 1322 1949 successurum.
1387 1883 1549 1944 unde
1578 1882 1790 1945 Getam
1833 1884 2010 1944 etiam
2040 1883 2278 1961 quidam

338 1968 703 2030 Antoninum
740 1975 952 2048 putant
994 1969 1247 2039 dictum,
1289 1975 1358 2048 ut
1402 1976 1461 2029 et
1499 1970 1633 2049 ipse
1675 1967 2025 2030 succederet
2063 1970 2128 2028 in
2167 1970 2280 2030 im·
2307 1983 2364 2025 20

273 2054 307 2104 6
341 2055 533 2133 perio.
599 2052 781 2133 aliqui
811 2060 1031 2134 putant·
1050 2053 1275 2115 idcirco
1303 2053 1473 2114 illum
1501 2053 1865 2115 Antoninum
1896 2053 2278 2134 appellatum,

342 2138 502 2217 quod
546 2137 806 2200 Seuerus
847 2141 980 2218 ipse
1019 2139 1083 2198 in
1126 2139 1311 2200 Marci
1351 2135 1639 2200 familiam
1693 2140 1954 2200 transire
1996 2138 2275 2201 uoluerit.

273 2225 305 2276 '7
343 2229 402 2283 et
440 2224 639 2302 primo
680 2225 922 2302 quidem
963 2221 1037 2284 ab
1077 2223 1410 2286 Albinianis
1455 2223 1664 2292 Seueri
1706 2223 1889 2286 duces
1930 2225 2074 2285 uicti
2118 2233 2275 2287 sunt.

340 2315 482 2370 tunc
529 2307 818 2370 sollicitus
858 2327 996 2370 cum
1038 2308 1380 2370 consuleret
1420 2327 1453 2369 a
1494 2308 1892 2370 Pannoniacis
1934 2309 2276 2388 auguribuS,

340 2395 634 2472 comperit
665 2412 731 2455 se
759 2395 1055 2455 uictorem
1083 2394 1378 2463 futurum,
1413 2393 1824 2454 aduersarium
1863 2412 2015 2454 uero
2057 2413 2171 2456 nec
2212 2397 2276 2456 in
2307 2409 2363 2451 25

337 2484 700 2556 potestatem
742 2487 1063 2541 uenturum
1103 2494 1300 2556 neque
1349 2495 1669 2538 euasurum
1710 2477 1817 2538 sed
1856 2480 2020 2540 iuxta
2062 2497 2282 2558 aquam

268 2566 303 2620 8
342 2579 477 2624 esse
507 2565 862 2643 periturum.
925 2561 1096 2623 multi
1128 2564 1328 2623 statim
1359 2563 1532 2622 amici
1560 2561 1760 2623 Albini
1789 2562 2140 2627 deserentes
2169 2583 2278 2626 ue-

338 2664 519 2719 nere,
564 2648 736 2710 multi
775 2649 957 2710 duces
998 2649 1155 2727 capti
1198 2654 1369 2717 sunt,
1412 2649 1475 2708 in
1523 2666 1672 2727 quos
1706 2647 1968 2710 Seuerus
2008 2651 2280 2713 animad-

336 2735 540 2795 uertit.

237 2805 319 2870 ll
468 2817 669 2880 Multis
698 2807 942 2878 interim
968 2817 1138 2878 uarie
1179 2819 1366 2896 gestis
1407 2817 1470 2878 in
1500 2816 1690 2879 Gallia
1729 2819 1930 2898 primo
1975 2819 2131 2899 apud
2173 2820 2282 2882 Ti·
2311 2835 2367 2879 30

341 2904 608 2965 nurtium
662 2909 871 2963 contra
920 2901 1200 2964 Albinum
1249 2902 1594 2965 felicissime
1646 2907 1936 2984 pugnauit
1988 2905 2274 2968 Seuerus,

269 2988 304 3040 2
344 3006 481 3049 cum
512 2986 752 3064 quidem
780 2987 995 3066 ingens
1025 2987 1364 3067 periculum
1396 2990 1534 3070 equi
1563 3007 1704 3052 casu
1735 2989 1872 3061 adit,
1903 2992 1984 3050 ita
2014 2997 2080 3052 ut
2108 3009 2276 3052 mor-

338 3080 478 3136 tuus
508 3074 632 3134 ictu
658 3071 975 3152 plumbeae
1007 3074 1375 3146 crederetur,
1407 3077 1490 3137 ita
1518 3082 1584 3137 ut
1614 3071 1762 3137 alius
1791 3078 1908 3137 iam
1937 3093 2129 3155 paene
2158 3077 2276 3138 im—

432 3311 465 3360 3
490 3307 785 3362 adiauenis
808 3309 931 3362 ΒΡ1
1068 3314 1101 3364 5
1125 3313 1488 3364 adiauenicus
1511 3311 1632 3364 ΒΡ1
1771 3316 1802 3366 7
1826 3314 2108 3364 recusauit
2132 3315 2204 3364 M

327 3377 363 3428 8
384 3374 695 3432 lacesserat
717 3378 841 3430 ΒΡ1
980 3382 1043 3431 11
1078 3380 1179 3432 filii
1200 3383 1362 3448 Nigri
1384 3399 1477 3434 om.
1499 3381 1602 3432 BP
1737 3384 1800 3433 17
1836 3382 2058 3447 quidam
2082 3381 2133 3431 B

330 3446 397 3496 23
422 3445 635 3500 albiani
656 3449 709 3500 B
732 3447 1007 3502 albiniani
1027 3447 1097 3500 Ρ1
1122 3465 1168 3501 c.
1194 3449 1270 3501 Ρ8
1389 3452 1458 3502 24
1481 3451 1901 3516 pannoniciacis
1924 3450 2028 3500 BP
2047 3451 2278 3501 Panno-

329 3513 569 3570 nicianis
591 3517 637 3569 S
770 3520 839 3570 30
863 3517 1165 3570 dinurtium
1186 3518 1239 3569 B
1264 3519 1604 3571 Trium-tium
1627 3516 1785 3586 uolyss
1898 3521 1964 3570 32
1990 3518 2144 3569 cadit
2170 3519 2284 3570 BP
