2517 3884
558 153 630 210 Μ.
678 153 831 210 ΑΝΤ.
873 153 1343 212 PHILOSOPHVS.
1405 155 1460 212 C.
1495 158 1660 212 3—5.
2001 151 2086 214 47

158 319 289 397 quod
316 322 445 400 ipse
483 322 767 382 carmina
796 327 1013 382 cuncta
1036 320 1360 382 didicisset.
1411 321 1654 382 Virilem
1691 330 1888 400 togam
1923 341 2082 384 sum·
2121 331 2159 381 5

156 406 251 483 psit
280 406 742 486 quintodecimo
774 407 987 466 aetatis
1018 424 1191 476 anno,
1219 407 1538 486 statimque
1571 409 1625 468 ei
1655 405 1824 468 Lucii
1856 407 2085 469 Ceionii

157 489 435 552 Commodi
470 491 603 552 filia
632 490 992 570 desponsata
1024 497 1111 552 est
1144 509 1217 552 ex
1244 491 1531 552 Hadriani
1575 492 1896 554 uoluntate.
1969 511 2081 554 nec
2118 501 2155 548 6

154 575 309 637 multo
349 584 501 656 post
546 577 895 656 praefectus
934 577 1217 638 feriarum
1259 575 1604 639 Latinarum
1643 578 1774 640 fuit.
1845 579 1910 637 in
1963 594 2082 655 quo

118 659 355 722 ⁵honore
384 661 889 742 praeclarissime
920 679 985 721 se
1014 679 1125 740 pro
1149 661 1593 739 magistratibus
1623 669 1896 740 agentem
1931 669 1989 722 et
2017 664 2080 723 in

156 748 427 808 conuiuiis
462 747 760 808 Hadriani
789 747 1077 826 principis
1110 746 1387 806 ostendit.
1463 754 1599 826 post
1638 747 1752 808 hoc
1791 749 2074 827 patrimo·
2117 757 2147 804 7

155 832 292 892 nium
320 839 653 912 paternum
688 833 887 894 sorori
916 837 1107 892 totum
1139 833 1457 906 concessit,
1489 851 1626 893 cum
1657 851 1794 894 eum
1827 831 1899 893 ad
1927 833 2078 894 diui-

154 917 349 978 sionem
396 924 605 978 mater
650 922 925 985 uocaret,
956 915 1404 996 responditque
1458 919 1557 978 aui
1608 916 1780 978 bonis
1835 936 1900 978 se
1945 935 2078 978 esse

155 1009 517 1072 contentum,
567 1001 829 1070 addens,
871 1007 938 1061 ut
984 1008 1043 1060 et
1081 1007 1292 1070 mater,
1337 1003 1388 1062 si
1429 1000 1644 1072 uellet,
1698 1004 1758 1062 in
1802 1021 2077 1064 sororem

103 1096 303 1148 1⁰suum
328 1087 775 1167 patrimonium
808 1087 1131 1156 conferret,
1164 1105 1243 1146 ne
1273 1086 1523 1148 inferior
1555 1094 1715 1148 esset
1746 1105 1918 1148 soror
1951 1107 2073 1148 ma-

152 1171 264 1232 rito.
315 1173 472 1234 Fuit
504 1177 707 1233 autem
738 1173 899 1232 uitae
926 1170 1300 1249 indulgentia
1333 1177 1397 1232 ut
1428 1179 1744 1250 cogeretur
1775 1191 2072 1233 nonnum·
2113 1181 2146 1230 8

153 1274 301 1334 quam
332 1257 443 1318 uel
474 1258 541 1317 in
572 1257 923 1317 uenationes
952 1273 1207 1335 pergere
1249 1256 1348 1317 uel
1391 1258 1453 1318 in
1502 1256 1795 1318 theatrum
1827 1255 2075 1318 descen-

154 1341 273 1402 dere
317 1341 429 1404 uel
474 1340 839 1420 spectaculis
878 1342 1187 1402 interesse.
1275 1341 1535 1420 Operam
1590 1349 1900 1422 praeterea
1944 1343 2074 1421 pin·
2111 1351 2144 1400 9

150 1427 321 1503 gendo
368 1425 489 1488 sub
528 1427 817 1504 magistro
848 1425 1177 1504 Diogeneto
1220 1425 1403 1487 dedit.
1481 1429 1701 1488 amauit
1727 1425 2076 1506 pugillatum

98 1522 133 1562 1⁵
152 1510 461 1574 luctamina
495 1517 557 1572 et
584 1529 833 1572 cursum
877 1517 935 1572 et
978 1519 1308 1591 aucupatus
1357 1520 1414 1573 et
1458 1511 1576 1592 pila
1618 1511 1759 1573 lusit
1805 1512 2074 1591 adprime

153 1605 201 1657 et
224 1604 479 1658 uenatus
510 1603 621 1658 est.
682 1595 791 1656 sed
821 1595 895 1657 ab
926 1596 1201 1658 omnibus
1231 1594 1326 1658 his
1354 1596 1786 1670 intentionibus
1815 1597 2074 1658 studium
2112 1606 2176 1654 10

154 1701 269 1743 eum
298 1680 727 1762 philosophiae
758 1681 1003 1742 abduxit
1042 1683 1388 1762 seriumque
1433 1691 1491 1743 et
1519 1701 1764 1761 grauem
1795 1681 2069 1750 reddidit,

150 1785 253 1828 non
284 1775 487 1828 tamen
519 1785 773 1846 prorsus
800 1765 1015 1828 abolita
1055 1768 1119 1828 in
1162 1783 1233 1827 eo
1267 1769 1574 1838 comitate,
1623 1785 1798 1846 quam
1841 1767 2072 1846 praeci-

152 1871 251 1930 pue
278 1849 504 1914 suis**
538 1870 678 1913 mox
712 1853 917 1912 amicis
946 1859 1123 1929 atque
1138 1853 1316 1912 etiam
1331 1854 1529 1914 minus
1545 1855 1704 1913 notis
1733 1850 2068 1921 exhibebat,

98 1946 133 1986 2⁰
152 1955 269 1998 eum
296 1938 458 2016 l’rugi
490 1943 653 1997 esset
682 1937 815 1998 sine
838 1939 1229 2007 contumacia,
1263 1938 1642 1999 uerecundus
1665 1939 1792 1999 sine
1812 1937 2068 2014 ignauia,

152 2024 269 2082 sine
293 2023 539 2084 tristitia
574 2023 793 2099 grauis.

264 2107 363 2168 His
392 2109 480 2168 ita
510 2125 577 2168 se
610 2105 967 2168 habentibus
998 2125 1133 2166 cum
1162 2113 1300 2206 post
1330 2105 1560 2168 obitum
1599 2106 1767 2168 Lucii
1799 2105 2069 2167 Caesaris
2099 2097 2141 2162 5

154 2189 469 2253 Hadrianus
512 2209 933 2252 successorem
968 2193 1205 2271 imperii
1250 2198 1594 2272 quaereret,
1639 2209 1752 2251 nec
1797 2191 2064 2261 idoneuS,

158 2285 339 2356 utpote
392 2277 607 2338 decem
660 2285 718 2338 et
758 2284 891 2337 octo
934 2295 1123 2337 annos
1165 2295 1382 2356 agenS,
1436 2277 1668 2338 Marcus
1722 2275 2064 2345 haberetur,

102 2369 141 2410 25
158 2364 348 2423 amitae
376 2361 565 2424 Marci
605 2363 803 2423 uirum
834 2363 1195 2423 Antoninum
1237 2362 1408 2423 Pium
1448 2361 1780 2423 Hadrianus
1827 2378 1892 2421 ea
1933 2359 2068 2438 lege

157 2446 209 2504 in
236 2447 667 2527 adoptationem
700 2445 876 2524 elegit
906 2453 970 2507 ut
1000 2445 1116 2507 sibi
1144 2447 1408 2508 Marcum
1439 2447 1582 2508 Pius
1613 2445 1951 2526 adoptaret,
1985 2447 2067 2507 ita

158 2536 334 2592 tamen
375 2540 439 2593 ut
484 2539 544 2592 et
573 2531 813 2594 Marcus
852 2531 969 2592 sibi
1008 2531 1255 2594 Lucium
1303 2531 1690 2593 Commodum
1735 2531 2060 2614 adoptaret.

161 2633 282 2676 sane
312 2635 377 2678 ea
399 2616 505 2678 ’die
538 2635 655 2696 qua
686 2615 999 2695 adoptatus
1031 2623 1121 2677 est
1152 2618 1340 2677 Verus
1377 2619 1440 2677 in
1473 2617 1698 2678 somnis
1730 2635 1794 2677 se
1823 2633 2066 2676 umeros
2103 2617 2134 2664 2

43 2703 46 2756 i
165 2697 435 2763 eburneos
462 2700 693 2762 habere
726 2701 893 2762 uidit
876 2685 1372 2782 sciscitatusque,
1403 2720 1477 2762 an
1509 2702 1630 2780 apti
1661 2707 1864 2762 essent
1895 2702 2064 2760 oneri

95 2791 139 2832 ³0
164 2782 405 2856 ferundo,
436 2786 613 2848 solito
646 2787 915 2865 repperit
944 2787 1241 2848 fortiores.
1293 2786 1394 2847 ubi
1426 2793 1624 2848 autem
1653 2785 1964 2864 comperit,
1999 2802 2064 2844 se
2099 2787 2131 2834 3

171 2867 225 2927 ab
248 2869 539 2932 Hadriano
570 2871 913 2950 adoptatum
932 2918 947 2940 ,
982 2873 1168 2950 magis
1202 2879 1292 2932 est
1323 2871 1644 2932 deterritus
1675 2887 1848 2948 quam
1879 2868 2059 2929 laeta-

172 2958 242 3014 tus
279 2957 587 3037 iussusque
628 2958 692 3017 in
722 2955 1007 3017 Hadriani
1046 2958 1343 3036 priuatam
1386 2956 1627 3016 domum
1669 2957 1931 3032 migrare
1969 2956 2062 3012 in-

170 3039 299 3100 uitus
326 3041 395 3102 de
430 3042 723 3102 maternis
766 3039 957 3102 hortis
987 3043 1251 3106 recessit.
1324 3057 1580 3118 cumque
1622 3039 1696 3100 ab
1744 3057 1814 3099 eo
1858 3038 2060 3098 dome·
2096 3040 2130 3088 4

252 3277 279 3324 5
301 3277 621 3342 gistratibus
645 3274 861 3339 B¹P¹(c.
883 3275 978 3340 P3)
1087 3280 1116 3329 7
1142 3281 1319 3328 totam
1342 3276 1414 3327 B¹
1528 3279 1588 3326 11
1618 3276 1772 3326 uitae
1798 3275 1910 3325 ind.
1931 3275 2061 3355 fort.

173 3340 303 3392 tanta
331 3346 381 3394 ei
409 3346 524 3396 ind.
667 3347 730 3397 13
762 3345 1027 3411 pingendi
1056 3345 1134 3395 B²
1271 3348 1337 3396 14
1369 3344 1678 3410 pugilatum
1699 3346 1750 3394 P
1884 3343 1947 3392 16
1981 3344 2062 3392 in·

172 3409 415 3464 tentiones
439 3413 605 3464 BPM
740 3415 804 3464 19
834 3421 953 3478 poet
977 3415 1093 3465 suis
1116 3417 1346 3464 lacunam
1367 3415 1596 3464 indicaui
1729 3412 1794 3460 24
1825 3408 2063 3460 habetur

175 3471 311 3526 BPM
430 3482 495 3532 26
519 3481 875 3548 adoptionem
897 3483 963 3532 M
1072 3481 1211 3547 legit
1235 3482 1347 3532 PM
1482 3483 1548 3531 29
1574 3479 1845 3530 eburneos
1869 3491 1961 3529 om.
1989 3472 2062 3523 Β1
