2517 3884
616 162 911 219 MAXIMVS
950 162 1032 218 ET
1079 162 1415 220 BALBINVS.
1503 164 1557 219 C.
1605 167 1774 220 1-4,
2077 156 2164 223 55

202 330 363 392 mihi
404 330 666 390 fortasse
707 330 1197 409 periculosiorem
1248 346 1424 407 quam
1457 329 1658 400 uobiS,
1709 330 1815 391 sed
1845 348 1956 391 nec
1989 330 2160 391 uobis

202 418 359 477 satis
390 420 611 485 tutam,
662 416 711 475 si
752 433 873 476 non
914 423 1017 477 aut
1045 414 1193 475 alios
1224 424 1328 476 aut
1357 416 1466 477 hos
1496 416 1800 496 principes
1831 415 2160 476 feceritis.“

202 502 355 561 Post
399 500 553 561 haec
582 499 972 561 adclamatum
1007 508 1099 561 est
1136 518 1259 561 uno
1301 518 1628 561 consen-su:
1693 502 2002 579 „Aequum
2047 508 2156 571 est,
2195 510 2228 558 9

201 588 443 647 iustum
478 592 583 645 est.
622 587 951 649 sententiae
982 585 1187 647 Sabini
1214 604 1424 647 omnes
1449 587 1871 665 consentimus
1907 586 2160 646 Maxime
2198 594 2264 643 1ο
2359 576 2367 583 '

145 688 175 729 5
202 678 265 731 et
300 668 563 731 Balbine
591 672 856 747 Augusti,
891 671 951 732 di
981 690 1092 732 uos
1123 677 1386 732 seruent.
1455 670 1515 731 di
1545 690 1654 731 uos
1679 672 1982 750 principes
1999 671 2158 731 fece-

199 762 377 825 runt,
410 755 476 815 di
507 772 615 816 uos
646 761 1025 817 conseruent.
1080 775 1190 817 uos
1234 763 1508 817 senatum
1539 774 1572 817 a
1603 754 1934 817 latronibus
1969 755 2159 815 uindi-

202 849 373 910 cate,
425 839 601 901 uobis
658 839 880 901 bellum
934 848 1139 902 contra
1192 839 1458 901 latrones
1510 840 1878 903 mandamus,
1970 839 2160 901 hostis
2199 850 2263 899 11

200 925 500 1005 publicus
543 924 897 998 Maximinus
939 944 1077 986 eum
1116 925 1237 986 filio
1279 933 1516 1005 pereat,
1574 926 1810 987 hostem
1850 924 2162 1005 publicum

201 1030 323 1073 uos
370 1011 823 1089 persequimini.
902 1011 1108 1072 felices
1162 1030 1273 1072 uos
1329 1010 1548 1071 iudicio
1591 1020 1852 1071 senatus,
1926 1010 2162 1071 felicem

128 1115 177 1154 ιο
204 1115 345 1157 rem
370 1114 432 1175 p.
466 1103 671 1156 uestro
700 1098 975 1174 imperio.
1021 1095 1180 1173 quod
1215 1095 1386 1157 uobis
1417 1102 1659 1157 senatus
1691 1094 1904 1157 detulit
1924 1096 2161 1157 fortiter
2199 1106 2264 1155 12

205 1184 410 1260 agite,
455 1180 611 1257 quod
648 1180 820 1241 uobis
860 1189 1105 1242 senatus
1143 1180 1358 1243 detulit
1386 1179 1644 1241 libenter
1675 1182 1990 1258 accipite.“
2056 1182 2163 1243 His
2193 1182 2235 1245 3

29 1282 32 1349 g
110 1310 113 1313 -
204 1276 398 1344 atque
441 1265 571 1327 aliis
610 1264 1143 1328 adclamationibus
1183 1268 1579 1352 imperatores
1618 1266 1759 1326 faeti
1799 1273 1938 1325 sunt
1977 1265 2158 1325 Maxi-

206 1371 353 1412 mus
384 1356 569 1429 atque
598 1350 904 1412 Balbinus.

341 1436 590 1515 Egressi
628 1437 810 1513 igitur
852 1456 883 1497 a
928 1444 1137 1497 senatu
1178 1437 1438 1515 primum
1481 1433 1836 1515 Capitolium
1875 1433 2159 1495 escende-
2195 1446 2229 1495 2

29 1570 31 1573 ,
134 1539 183 1580 ι5
208 1528 362 1583 runt
390 1538 463 1581 ac
492 1538 620 1581 rem
653 1521 917 1582 diuinam
947 1522 1244 1583 fecerunt.⁴
1289 1521 1504 1581 deinde
1535 1520 1611 1582 ad
1639 1526 1836 1581 rostra
1865 1518 2156 1598 populum
2193 1534 2226 1582 3

210 1612 649 1667 conuocarunt.
712 1604 815 1665 ubi
859 1624 993 1665 cum
1026 1608 1360 1667 orationem
1391 1605 1464 1666 de
1495 1613 1738 1667 senatus
1771 1606 2068 1665 sententia
2097 1612 2160 1665 et

210 1692 287 1752 de
320 1709 433 1751 sua
466 1688 760 1751 electione
790 1689 1157 1761 habuissent,
1188 1710 1247 1771 p.
1265 1691 1337 1751 R.
1360 1710 1496 1752 cum
1527 1689 1834 1759 militibus,
1869 1690 1972 1769 qui
2001 1691 2158 1751 sorte

210 1782 660 1843 conuenerant,
704 1774 1085 1836 adclamauit:
1152 1776 1558 1846 „Gordianum
1601 1776 1916 1837 Caesarem
1949 1793 2160 1835 omnes

210 1869 566 1939 rogamus.“
638 1859 735 1920 hic
774 1878 963 1939 nepos
994 1869 1122 1922 erat
1152 1858 1454 1923 Gordiani
1481 1879 1554 1921 ex
1585 1859 1732 1929 filia,
1782 1856 1914 1939 [qui
1963 1868 2053 1919 est
2096 1861 2158 1917 in
2195 1874 2230 1923 4

136 1964 189 2003 20
212 1947 413 2007 Africa
460 1943 725 2025 occisus]
760 1963 979 2007 annum
1024 1962 1209 2023 agens
1254 1954 1534 2025 quartum
1565 1944 1894 2013 decimum,
1937 1951 2002 2003 ut
2030 1942 2160 2021 ple-

112 2026 135 2037 ’
213 2034 389 2108 rique
422 2030 650 2091 dicunt.
714 2032 817 2107 qui
851 2032 1051 2091 statim
1080 2038 1288 2109 raptus
1321 2037 1412 2090 est
1442 2036 1502 2090 et
1529 2047 1688 2089 nouo
1719 2044 1942 2103 genere
1984 2045 2156 2087 sena·
2198 2043 2230 2091 5

212 2124 317 2177 tus
358 2114 647 2185 consulti,
706 2133 841 2175 cum
884 2115 1089 2176 eadem
1135 2115 1231 2175 die
1263 2121 1504 2175 senatus
1546 2112 2160 2175 consultum.factum

218 2209 397 2270 esset,
442 2199 723 2261 inductus
752 2202 815 2260 in
845 2202 1073 2262 curiam
1104 2200 1318 2261 Caesar
1351 2206 1442 2259 est
1471 2197 1815 2278 appellatus,

346 2286 545 2347 Prima
576 2288 758 2364 igitur
788 2285 998 2347 relatio
1040 2286 1379 2364 principum
1423 2284 1565 2352 fuit,
1613 2290 1680 2343 ut
1719 2282 1838 2343 duo
1879 2281 2160 2343 Gordiani
2191 2276 2237 2340 4

142 2387 195 2427 25
220 2372 345 2432 diui
378 2369 841 2450 appellarentur.
876 2370 1059 2450 aliqui
1088 2377 1288 2431 autem
1317 2387 1500 2430 unum
1533 2375 1743 2447 putant
1773 2366 2154 2447 appellatum,
2195 2379 2228 2427 2

220 2458 525 2517 seniorem
567 2454 872 2524 uidelicet,
928 2454 1032 2517 sed
1077 2473 1187 2533 ego
1230 2455 1428 2533 libriS,
1481 2471 1632 2531 quos
1676 2454 1882 2515 Iunius
1927 2452 2160 2514 Cordus

221 2542 445 2603 affatim
484 2541 751 2620 scripsit,
805 2540 1020 2619 legisse
1064 2542 1337 2610 memini,
1399 2538 1606 2599 ambos
1646 2540 1708 2600 in
1740 2538 1885 2599 deos
1915 2537 2153 2599 relatos

222 2628 273 2687 si
298 2626 540 2706 quidem
574 2627 776 2687 senior
807 2625 1019 2705 laqueo
1052 2627 1233 2687 uitam
1256 2626 1462 2695 finiuit,
1477 2626 1676 2685 iunior
1695 2632 1890 2685 autem
1912 2625 1974 2683 in
1999 2622 2158 2683 bello
2195 2635 2230 2683 3

224 2717 609 2790 consumptus
654 2719 771 2781 est,
828 2713 932 2790 qui
973 2712 1177 2790 utique
1228 2712 1514 2772 maiorem
1560 2717 1826 2769 meretur
1866 2725 2155 2768 reueren-

148 2809 201 2849 30
227 2798 381 2866 tiam,
417 2796 580 2874 quod
611 2814 746 2856 eum
780 2794 1001 2856 bellum
1031 2797 1246 2875 rapuit.
1313 2802 1448 2879 post
1489 2793 1597 2854 has
1626 2794 1806 2870 igitur
1837 2792 2158 2857 relationes
2191 2803 2226 2851 4

227 2883 597 2959 praefectura
640 2880 775 2941 urbi
815 2882 879 2941 in
910 2880 1196 2942 Sabinum
1236 2879 1468 2941 conlata
1511 2885 1627 2947 est,
1669 2879 1868 2937 uirum
1908 2894 2158 2953 grauem
2253 2942 2259 2956 .

230 2974 287 3025 et
315 2966 553 3027 Maximi
583 2964 851 3026 moribus
882 2973 1330 3043 congruentem,
1364 2964 1741 3043 praetoriana
1766 2964 1825 3022 in
1852 2961 2180 3022 Pinarium

232 3050 555 3113 Valentem.

360 3222 393 3269 5
418 3219 498 3269 dii
520 3217 749 3284 B²(b1·s)
845 3221 910 3269 14
934 3218 1307 3270 ascenderunt
1329 3216 1478 3270 P³M
1569 3218 1632 3267 19
1659 3216 1752 3281 qui
1777 3220 1862 3266 est
1885 3216 1946 3265 in
1969 3215 2166 3266 Africa

233 3288 443 3339 occisus
466 3289 608 3338 uncis
631 3290 813 3339 inclusi
834 3288 902 3351 ef.
934 3288 1189 3345 Gord.22,
1217 3290 1249 3337 4
1296 3291 1360 3337 ut
1385 3286 1610 3352 quidam
1633 3285 1724 3335 uel
1747 3288 1810 3335 ut
1834 3284 1933 3333 alii
1959 3300 2026 3336 ex
2051 3283 2164 3333 filio

232 3356 351 3407 add.
372 3356 626 3423 Eynatius
647 3364 772 3422 post
792 3355 920 3406 filia.
947 3355 1059 3405 filio
1086 3356 1183 3420 qui
1205 3359 1293 3405 est
1318 3354 1394 3405 P³
1532 3356 1599 3404 24
1623 3354 1854 3423 primum
1877 3352 1982 3401 BP
2097 3352 2166 3425 29

234 3428 452 3473 uei-etur
473 3423 579 3473 BP
686 3427 752 3475 30
776 3423 923 3474 bella
948 3424 1113 3473 BPM
1131 3423 1336 3475 bellum
1356 3426 1464 3475 seri
1499 3424 1548 3473 si
1655 3436 1890 3487 rapuere
1925 3418 2071 3471 P³M

234 3491 289 3539 31
328 3491 617 3543 conlocata
649 3491 756 3543 BP
877 3495 943 3543 32
976 3492 1269 3541 maximum
1293 3490 1418 3542 BP¹
1448 3440 1524 3555 (ξι
1548 3490 1680 3553 uid.)
