2517 3884
683 176 952 236 CLODIVS
995 175 1293 234 ALBINVS.
1366 177 1422 234 C.
1452 179 1625 235 3-5,
2006 173 2128 240 157

197 364 332 408 eum
362 343 724 409 Albinorum·
746 343 1027 414 familiae,
1063 361 1215 424 quae
1245 344 1393 408 mihi
1425 351 1620 406 tecum
1652 347 1985 408 communis
2019 355 2125 417 est,

193 430 332 493 dedi
358 429 558 508 Albini
588 431 830 491 nomine
860 431 1141 509 inposito.
1205 431 1317 502 fae,
1350 436 1571 492 utrem
1613 429 1920 511 publicam
1969 438 2029 493 et
2069 439 2129 493 te

193 525 255 578 et
283 534 412 585 nos,
445 523 512 576 ut
539 516 705 586 facis,
739 513 1013 592 diligaS.“

318 600 432 661 Hic
463 618 608 679 ergo
639 618 880 662 omnem
910 601 1231 680 pueritiam
1272 602 1335 662 in
1363 601 1559 663 Africa
1591 603 1898 680 transegit,
1934 601 2133 663 erudi·
2163 599 2206 663 5

145 701 171 741 ⁵
193 696 293 749 tus
340 684 560 748 litteris
599 687 844 748 Graecis
899 703 968 746 ac
1011 685 1238 746 Latinis
1288 686 1704 757 mediocriter,
1762 687 1921 764 quod
1974 695 2132 749 esset

195 771 379 833 animi
408 771 527 832 iam
571 777 699 832 tum
727 769 1000 832 militaris
1036 778 1095 832 et
1124 770 1388 851 superbi.
1463 789 1603 833 nam
1632 772 1825 834 fertur
1854 773 1916 834 in
1948 771 2125 834 scolis
2160 782 2193 830 2

195 857 547 938 saepissime
577 863 848 918 cantasse
876 858 1036 916 inter
1065 854 1357 936 puerulos

328 995 336 998 ,
385 941 590 1003 ‘Arma
621 958 826 1002 amens
857 942 1042 1020 capio,
1078 959 1191 1002 nec
1222 949 1315 1003 sat
1340 941 1591 1004 rationis
1618 943 1681 1005 in
1712 943 1940 1015 armis’,
2126 940 2336 1018 V‘fl‘ffln·

193 1034 478 1106 repetens
1038 1035 1042 1040 “

122 1125 168 1164 10
387 1113 592 1172 ‘Arma
623 1128 830 1172 amens
860 1111 1076 1190 capio’.

192 1196 350 1259 Huic
379 1196 567 1258 multa
596 1197 836 1275 imperii
867 1196 1064 1274 signa,
1111 1215 1249 1258 cum
1292 1204 1452 1258 esset
1479 1203 1687 1267 natus,
1731 1197 1887 1258 facta
1927 1197 2132 1260 dicun·
2169 1205 2202 1254 3

194 1291 311 1344 tur.
368 1299 509 1342 nam
541 1288 600 1341 et
628 1280 739 1342 bos
771 1280 940 1342 albus
967 1283 1295 1362 purpureis
1326 1282 1398 1343 ad
1427 1281 1672 1362 plenum
1705 1280 1969 1344 colorem
2002 1300 2134 1343 cor·
2204 1325 2206 1327 ·

194 1368 376 1429 nibus
422 1372 601 1427 natus
641 1372 748 1428 est.
843 1363 1034 1447 [quod
1075 1367 1416 1429 mirandum
1468 1368 1580 1429 fuit
1610 1363 1749 1429 cum
1794 1365 2133 1448 cornibus]

197 1471 352 1532 quae
383 1459 582 1513 tamen
622 1451 689 1512 in
717 1449 960 1530 templo,
982 1451 1275 1531 Apollinis
1306 1453 1556 1514 Cumani
1596 1451 1671 1513 ab
1703 1452 1913 1516 eodem
1943 1455 2137 1533 posita
2171 1461 2206 1510 4

16 1547 19 1594 ἶ
125 1551 171 1592 15
195 1541 316 1600 iam
343 1537 590 1598 tribuno
622 1536 723 1596 diu
753 1538 940 1597 fuisse
971 1537 1271 1607 dicuntur,
1326 1538 1517 1616 quod,
1563 1557 1701 1614 cum
1743 1538 1868 1600 illic
1910 1545 2137 1600 sortem

197 1624 274 1685 de'
303 1624 424 1684 fato
457 1638 565 1684 suo
599 1621 854 1691 tolleret,
897 1620 999 1682 his·
1041 1623 1323 1687 uersibus
1367 1622 1561 1685 eidem
1602 1622 1822 1685 dicitur
1864 1642 1997 1687 esse
2036 1643 2136 1686 re-

198 1729 228 1770 s
273 1727 522 1770 onsum:
977 1770 984 1776 ,

229 1729 269 1790 p
370 1793 507 1855 ‘Hic
535 1811 668 1854 rem
696 1791 1022 1853 Romanam
1055 1810 1273 1872 magno
1304 1793 1588 1854 turbante
1622 1793 1881 1856 tumultu
2150 1780 2341 1862 ξξξὶξὲῑ

396 1879 567 1939 sistet
597 1894 801 1955 equeS‚
835 1885 1065 1939 sternet
1085 1879 1323 1940 Poenos
1346 1877 1700 1956 Gallumque
1726 1877 2063 1942 rebellem.’

126 1975 173 2016 2⁰
201 1971 260 2025 et
287 1966 352 2024 in
382 1963 572 2024 Gallia
599 1963 844 2042 quidem
875 1982 1016 2025 eum
1043 1963 1258 2026 multas
1289 1971 1499 2043 gentes
1529 1963 1835 2025 domuisse
1878 1971 2129 2024 constat.
2176 1981 2207 2026 e

198 2051 330 2130 ipse
400 2055 616 2109 autem·
671 2048 1086 2127 suspicabatur
1146 2049 1220 2108 de
1282 2049 1511 2110 Seuero
1582 2047 1695 2110 sibi
1764 2048 2137 2127 praedictum

201 2135 471 2195 ‘Sternet
509 2133 790 2203 Poenos',
856 2134 1017 2212 quod
1065 2133 1391 2213 Septimius
1439 2133 1581 2194 Afer
1641 2141 1815 2193 esset.
1908 2133 2020 2194 fuit
2081 2141 2140 2193 et

202 2219 359 2281 aliud
389 2220 628 2296 signum
657 2219 1139 2298 futuri‘imperii.
1183 2236 1321 2278 nam
1354 2235 1490 2278 cum
1522 2217 1889 2278 Caesareana
1918 2217 2139 2279 familia
2175 2233 2207 2280 6

203 2303 316 2365 hoc
349 2303 609 2383 speciale
637 2303 945 2373 habuerit,
992 2310 1058 2364 ut
1097 2303 1339 2382 paruuli
1380 2303 1596 2364 domus
1640 2305 1766 2363 eius
1795 2304 1859 2363 in
1889 2303 2137 2364 testudi-

133 2399 182 2440 25
205 2391 335 2451 neis
367 2387 551 2450 alueis
582 2388 950 2457 lauarentur‚
982 2394 1121 2450 nato
1152 2387 1449 2449 infantulo
1483 2389 1715 2449 testudo
1740 2390 1953 2466 ingens
1984 2390 2143 2468 patri

207 2476 334 2536 eius
366 2491 620 2535 munere
649 2475 968 2553 piscatoris
999 2473 1189 2534 adlata
1223 2480 1349 2535 est:
1413 2473 1570 2551 quod
1616 2473 1716 2534 ille
1758 2473 1939 2537 homo
1976 2473 2135 2535 litte·
2178 2489 2208 2538 7

205 2567 371 2620 ratus
423 2577 602 2620 omen
653 2559 956 2638 accipiens
999 2566 1058 2619 et
1099 2558 1467 2642 testudinem
1508 2557 1769 2620 libenter
1813 2561 2042 2639 accepit
2084 2568 2143 2620 et

211 2662 340 2706 eam
371 2645 574 2705 curari
610 2644 787 2704 iussit
827 2650 1006 2722 atque
1036 2643 1329 2705 infantulo
1360 2643 1435 2704 ad
1467 2642 1907 2706 excaldationes
1934 2645 2139 2724 pueri·

308 2850 338 2897 1
363 2861 546 2896 meum
568 2845 670 2896 BP
692 2861 811 2898 exc.
948 2849 980 2896 2
1006 2847 1401 2913 rempublicam
1425 2851 1576 2897 amet
1601 2851 1659 2898 et
1681 2861 1783 2896 nos
1806 2847 2147 2897 Mommsenus

305 2917 338 2966 5
361 2914 572 2964 litteris
595 2929 664 2964 ac
694 2912 890 2963 latinis
921 2915 1140 2979 graecis
1165 2913 1241 2964 Ρι
1264 2931 1345 2965 ‘ac
1368 2931 1465 2969 om.
1488 2914 1540 2964 B
1678 2915 1709 2963 6
1742 2915 1861 2964 inte
1895 2913 1999 2963 BP
2029 2931 2143 2964 exc.

208 2999 299 3036 om.
323 2983 393 3032 M
431 2987 551 3033 tum
571 2983 765 3047 scripsi
907 2983 1223 3048 superbiam
1245 2983 1350 3033 BP
1380 2998 1497 3034 exc.
1548 2982 1773 3048 superbi
1795 2982 1863 3031 M
1904 2983 2144 3047 superbi.

209 3067 334 3102 nam
363 3052 559 3116 scripsi
694 3052 759 3101 13
793 3049 940 3114 quod
970 3050 1278 3100 mirandum
1310 3052 1419 3100 fuit
1454 3066 1577 3101 cum
1610 3051 1868 3100 cornibus
1899 3053 2043 3102 uncis
2068 3054 2147 3102 in-

209 3121 334 3170 clusi
471 3121 538 3168 14
561 3116 864 3185 appollinis
885 3117 992 3169 BP
1011 3119 1287 3184 apollonis
1311 3135 1427 3170 exe.
1541 3120 1603 3168 15
1628 3117 1740 3168 illis
1764 3117 1867 3168 BP
1887 3119 2025 3171 eoec.¹
2051 3119 2146 3170 ille

209 3186 348 3239 exc.²
371 3188 440 3238 M
457 3186 574 3236 illic
595 3188 788 3252 scripsi
923 3188 986 3237 16
1011 3187 1164 3239 facto
1187 3187 1292 3236 BP
1313 3203 1428 3238 eaec.
1536 3189 1601 3239 18
1626 3201 1959 3238 romamnam
1982 3187 2051 3238 B¹

1446 3251 1516 3293 ist

210 3305 482 3356 tumultus
507 3309 655 3356 stete
681 3320 822 3371 quae
844 3305 1178 3359 sterneretB
1201 3306 1472 3359 tumultus
1493 3311 1721 3374 teteque
1742 3309 2147 3360 sternetPeaec.

215 3373 336 3438 (nisi
357 3375 498 3441 quod
516 3376 571 3423 in
594 3389 711 3424 eaec.
738 3373 930 3441 eques)
1089 3377 1152 3426 19
1178 3379 1455 3426 sterneret
1478 3375 1529 3425 B
1674 3379 1740 3427 22
1775 3373 2051 3428 sterneret
2075 3374 2147 3427 B1

317 3443 590 3508 septimus
620 3441 743 3492 BP²
881 3443 949 3492 24
971 3443 1254 3496 testudine
1282 3443 1463 3496 albeis
1484 3444 1587 3497 BP
1606 3443 1751 3499 exc.¹
1877 3446 1945 3496 25
1968 3443 2149 3495 alueis

216 3510 315 3561 del.
340 3509 680 3562 Mommsenus
2233 3511 2243 3516 ’
