2517 3884
328 147 411 213 38
1033 153 1161 209 IVLI
1202 153 1573 211 CAPITOLINI

330 320 543 399 uiginti
570 321 737 383 uiros
766 327 1101 383 statuerunt
1134 328 1193 381 et
1225 339 1436 382 omnes
1460 319 1626 383 uelut
1649 330 1854 383 contra
1890 320 2092 383 hostes
2123 340 2268 383 sen·

262 419 298 468 4
332 408 545 467 tentias
602 406 1003 486 protulerunt.
1082 408 1229 486 quin
1270 409 1454 467 immo
1499 408 1681 485 agite,
1745 414 1811 468 ut
1852 408 2020 469 uiros
2052 406 2266 469 decet:

330 490 777 572 properandum
810 500 900 553 est
930 491 1003 553 ad
1036 490 1268 553 urbem.
1331 510 1467 553 nam
1503 501 1560 553 et
1592 493 1804 570 uiginti
1834 493 1952 554 uiri
1982 492 2266 555 cousula-

326 595 425 637 res
456 584 664 639 contra
693 596 807 638 nos
834 576 977 638 lecti
1008 585 1177 645 sunt,
1242 576 1464 657 quibus
1505 576 1905 639 resistendum
1949 586 2041 639 est
2083 577 2268 641 nobis

254 677 289 726 5
324 663 563 723 fortiter
594 661 939 741 agentibuS,
984 661 1161 723 uobis
1192 662 1449 724 feliciter
1478 662 1966 725 dimicantibus.“
2039 662 2267 725 Leutas
2322 678 2353 717 ⁵

327 746 573 808 militum
635 755 867 808 mentes
910 756 967 807 et
1008 765 1129 807 non
1173 746 1402 809 alacres
1447 749 1676 809 animos
1721 746 1831 810 hac
1871 749 2157 809 contione
2203 756 2268 812 et

256 845 290 894 6
326 832 681 893 Maximinus
740 832 869 911 ipse
924 835 1226 911 cognouit.
1334 832 1593 913 denique
1663 834 1867 895 statim
1935 832 2011 893 ad
2070 832 2266 895 filium

328 918 593 996 scripsit,
653 918 758 994 ,qui
788 915 963 995 longe
994 925 1133 997 post
1162 918 1554 995 sequebatur,
1617 925 1682 979 ut
1713 917 2116 989 adceleraret‚
2180 938 2263 980 ne

256 1016 288 1065 7
329 1001 471 1080 quid
512 1009 719 1064 contra
766 1021 901 1065 eum
946 1022 1011 1063 se
1056 1002 1303 1065 absente
1334 1002 1555 1065 milites
1597 1004 1945 1082 cogitarent.
2025 1002 2263 1067 littera·
2287 1000 2300 1009 ’

324 1104 461 1147 rum
492 1086 831 1167 exemplum
873 1087 990 1150 tale
1031 1087 1236 1151 lunius
1269 1088 1500 1151 Cordus
1533 1088 1747 1150 edidit:
1793 1088 2046 1157 „Refert
2091 1088 2168 1151 ad
2199 1097 2263 1150 te
2295 1104 2350 1143 ιο

324 1173 576 1251 stipator
634 1191 807 1234 meus
846 1171 1229 1254 Tynchanius
1287 1192 1438 1253 quae
1497 1181 1660 1253 gesta
1724 1175 1977 1252 cognoui
2037 1172 2138 1237 uel
2196 1176 2266 1235 iu

184 1330 191 1337 .
323 1258 521 1319 Africa
580 1241 678 1319 uel
734 1258 989 1327 Romae,
1052 1260 1239 1321 refert
1299 1275 1451 1337 quae
1511 1260 1629 1320 sint
1687 1258 1940 1320 militum
1999 1267 2260 1321 mentes.

254 1360 291 1410 8
327 1360 568 1420 quaese,
602 1350 888 1420 quantum
919 1350 1111 1422 potes
1146 1362 1454 1423 properes
1487 1362 1565 1404 ne
1597 1343 1757 1421 quid,
1793 1352 1860 1405 ut
1883 1339 2063 1413 solet,
2095 1343 2260 1407 mili·

324 1430 469 1488 taris
498 1426 674 1488 turba
714 1426 851 1507 plus
880 1429 1075 1490 faciat.
1154 1428 1300 1506 quid
1335 1447 1576 1498 uerear,
1621 1447 1694 1489 ex
1729 1448 1800 1490 eo
1832 1428 2041 1491 audies
2073 1448 2262 1509 quem

325 1512 398 1575 ad
430 1519 487 1572 te
518 1512 698 1573 111151.ε
866 1560 872 1565 .
2295 1528 2348 1571 15

128 1672 155 1683 -
225 1596 305 1660 15
448 1597 604 1657 Dum
632 1596 781 1658 haec
820 1606 1112 1675 aguntur,
1157 1600 1221 1659 in
1254 1600 1447 1659 Africa
1481 1606 1688 1661 contra
1733 1599 1884 1662 duos
1917 1600 2262 1661 Gordianos

324 1674 675 1759 Capelianus
707 1682 976 1759 quidam,
1039 1682 1338 1745 Gordiano
1383 1691 1441 1744 et
1484 1686 1546 1744 in
1575 1685 1808 1764 priuata
1857 1686 1978 1747 uita
2011 1703 2262 1765 semper

324 1765 613 1827 aduersus
656 1775 716 1827 et
756 1766 830 1828 ab
872 1769 1004 1847 ipso
1046 1770 1413 1848 imperatore
1453 1770 1570 1831 iam
1615 1788 1750 1830 cum
1797 1768 2036 1831 Mauros
2069 1768 2259 1833 Maxi-

322 1852 469 1911 mini
499 1852 666 1912 iussu
693 1861 931 1931 regeret
971 1860 1296 1916 ueteranus
1339 1853 1652 1925 dimissuS,
1717 1853 2002 1915 conlectis
2031 1854 2262 1917 Mauris

324 1942 383 1997 et
413 1936 792 1999 tumultuaria
824 1956 1003 2000 manu
1034 1946 1278 2019 accepto
1309 1958 1339 1999 a
1377 1940 1676 2001 Gordiano
1695 1956 2069 2002 ‘successore
2115 1940 2262 2002 Car·
2291 1956 2342 1996 20

322 2020 627 2100 thaginem
658 2024 823 2101 petit,
858 2024 928 2085 ad
962 2044 1139 2103 quem
1174 2027 1367 2085 omnis
1397 2025 1514 2085 fide
1542 2024 1767 2086 Punica
1801 2024 2261 2104 Carthaginien-

256 2118 287 2167 2
325 2108 481 2168 sium
510 2106 766 2187 populus
795 2108 1121 2171 inclinauit.
1181 2110 1521 2171 Gordianus
1551 2117 1752 2171 tamen
1783 2110 2084 2172 fortunam
2115 2109 2263 2171 belli

322 2194 584 2272 experiri
614 2196 860 2274 cupiens
888 2194 1076 2256 filium
1120 2214 1294 2256 suum
1327 2197 1444 2256 iam
1475 2202 1616 2257 natu
1645 2195 2057 2274 grandiorem,
2108 2213 2260 2276 qua-

322 2275 592 2355 draginta
624 2286 683 2339 et
712 2296 816 2339 sex
848 2298 1035 2341 annos
1064 2287 1358 2359 agentem,
1393 2296 1570 2357 quem
1607 2288 1748 2342 tunc
1777 2280 1956 2359 legati
1984 2280 2153 2350 loco,
2190 2290 2261 2343 ut

323 2361 606 2430 diximus,
650 2361 970 2433 habuerat,
1034 2373 1243 2425 contra
1285 2360 1669 2445 Capelianum
1716 2372 1776 2425 et
1805 2366 2264 2427 Maximinianos
2295 2381 2350 2422 25

258 2460 291 2509 3
327 2447 514 2515 misit,
578 2447 775 2508 uirum
818 2447 893 2509 de
936 2450 1107 2511 cuius
1148 2449 1422 2510 moribus
1471 2468 1581 2511 suo
1623 2450 1754 2512 loco
1787 2450 2072 2513 dicemus.
2151 2452 2266 2513 sed

328 2548 465 2591 cum
502 2532 565 2591 in
605 2548 673 2592 re
704 2532 947 2593 militari
988 2540 1043 2594 et
1074 2534 1428 2614 Capelianus
1473 2543 1630 2597 esset
1673 2536 1956 2597 audacior
2003 2544 2060 2599 et
2102 2535 2263 2598 Gor-

326 2614 585 2676 dianus
567 2617 763 2677 iunior
794 2636 913 2678 non
946 2625 1065 2680 tam
1097 2622 1488 2690 exercitatus,
1534 2622 1756 2700 quippe
1787 2622 1890 2701 qui
1933 2620 2268 2683 nobilitatis

327 2698 567 2763 deliciis
580 2701 941 2774 tardabatur,
973 2722 1173 2784 pugna
1206 2707 1523 2767 commissa
1565 2708 1824 2769 uincitur
1857 2712 1916 2765 et
1957 2707 2020 2767 in
2051 2705 2269 2768 eodem

326 2784 482 2848 bello
510 2787 887 2850 interficitur.
2298 2807 2352 2848 ao

463 3009 490 3055 1
517 3012 579 3059 ut
604 3024 696 3059 om.
722 3007 795 3059 B¹
931 3011 966 3060 4
991 3010 1297 3077 quibusque
1323 3010 1428 3061 BP
1546 3014 1577 3063 5
1601 3010 1808 3063 lenitas
1831 3010 1954 3061 B¹P
1973 3011 2166 3062 linitas
2193 3010 2273 3062 B²

460 3075 492 3124 6
518 3090 617 3126 1105
642 3077 746 3127 BP
791 3092 1009 3129 suorum
1032 3080 1211 3130 minus
1235 3080 1303 3130 M
1324 3096 1414 3131 em
1441 3078 1484 3129 S
1638 3080 1782 3130 hanc
1819 3080 2131 3131 contionem
2163 3080 2276 3131 BP

321 3141 411 3191 hic
438 3144 708 3194 concione
730 3144 789 3194 M
928 3151 984 3196 et
1009 3163 1099 3198 om.
1130 3147 1195 3197 M
1327 3150 1357 3198 7
1384 3162 1480 3212 spe
1506 3147 1610 3197 BP
1631 3162 1798 3217 saepe
1821 3148 1920 3197 M·
1904 3163 2025 3213 ipse
2051 3164 2142 3201 em.
2167 3148 2274 3199 ob-

321 3210 467 3259 reckt
603 3214 667 3261 10
693 3212 832 3263 dicit
856 3213 923 3263 M
1054 3217 1115 3266 11
1143 3215 1481 3281 thyncanins
1506 3214 1610 3265 BP
1630 3204 1913 3280 Tycanius
1935 3216 2000 3267 M
2025 3232 2116 3269 em.
2143 3215 2190 3266 S

326 3278 389 3326 12
414 3292 564 3329 roma
592 3278 692 3330 BP
826 3284 891 3331 19
914 3287 1217 3334 ueteranus
1241 3281 1322 3333 Β1
1383 3335 1390 3345 ,
1442 3285 1507 3333 20
1532 3288 1767 3348 accepto
1795 3300 1827 3335 a
1849 3284 1912 3335 G.
1939 3298 2268 3335 successore

318 3352 440 3408 post
464 3344 720 3397 dimissus
745 3352 1036 3414 transponit
1059 3351 1113 3411 S,
1139 3354 1276 3403 delet
1300 3351 1590 3403 Mommsen.
1710 3368 1742 3401 a
1768 3368 1859 3404 om.
1886 3352 1953 3402 M
2083 3353 2146 3403 21
2176 3356 2272 3405 at-

321 3427 429 3477 que
457 3414 941 3537 {mnesdBPMBem
969 3417 1011 3469 S
1162 3421 1228 3469 26
1253 3419 1501 3471 dicamus
1525 3417 1655 3469 BP¹
1804 3422 1870 3473 28
1895 3419 2178 3471 exercitus
2205 3421 2272 3472 M

493 3484 523 3531 9
549 3487 638 3533 tar
678 3488 807 3533 atur
882 3486 932 3533 P
