2517 3884
499 985 1400 1102 MAXIMINI
1500 1005 1915 1142 Dvo

744 1206 965 1285 IVLI
1018 1207 1628 1324 CAPITOLINI

337 1485 426 1546 Ne
473 1483 850 1546 fastidiosum
903 1491 1062 1546 esset
1121 1483 1475 1545 clementiae
1536 1492 1705 1555 tuae,
1764 1484 2149 1550 Constantine
2184 1491 2219 1556 1

204 1571 497 1640 maxime,
545 1569 812 1648 singulos
853 1585 1124 1649 quosque
1163 1570 1469 1649 principes
1500 1569 1598 1631 uel
1626 1571 1969 1650 principum
1996 1571 2147 1635 libe-

151 1673 180 1715 5
207 1674 316 1717 ros
356 1673 466 1734 per
517 1653 705 1717 libros
757 1653 1020 1733 singulos
1049 1654 1303 1733 -legere,
1360 1654 1605 1716 adhibui
1654 1656 2145 1729 moderationem,

208 1747 330 1820 qua
370 1741 434 1802 in
475 1758 660 1802 unum
702 1739 984 1801 uolumen
1028 1738 1176 1801 duos
1215 1739 1600 1812 MaximinOS,
1654 1749 1889 1821 patrem
1930 1741 2146 1807 fllium-

209 1841 350 1904 que,
383 1843 792 1904 congererem.
859 1828 1101 1887 seruaui
1133 1825 1418 1906 deinceps
1446 1825 1609 1888 bunc
1640 1827 1934 1898 ordinem,
1968 1845 2147 1906 quem
2182 1845 2215 1894 2

206 1912 404 1991 pietas
454 1919 555 1972 tua
609 1913 783 1972 etiam
839 1910 912 1971 ab
943 1909 1115 1972 Tatio
1147 1909 1397 1992 Cyrillo,
1446 1911 1773 1972 clarissimo
1829 1913 1993 1983 uiro,
2048 1917 2150 1992 qui

209 1995 440 2058 Graeca
471 1997 530 2057 in
564 1996 840 2058 Latinum
883 1997 1097 2065 uertit,
1141 1997 1375 2057 seruari
1418 1995 1628 2057 uoluit.
1706 1997 1865 2076 quod
1909 1998 2146 2075 quidem
2183 2013 2217 2064 3

122 2098 183 2139 ιο
211 2099 337 2141 non
377 2083 439 2142 in
481 2100 604 2144 uno
651 2088 883 2143 tantum
925 2079 1080 2142 libro
1124 2079 1229 2163 sed
1264 2083 1441 2152 etiam
1470 2082 1533 2142 in
1562 2079 1836 2162 plurimis
1868 2082 2151 2163 deinceps

212 2166 572 2236 reseruabo,
619 2167 884 2247 exceptis
928 2167 1158 2244 magnis
1200 2166 1693 2245 imperatoribus,
1740 2183 1999 2244 quorum
2050 2186 2149 2230 res

209 2259 416 2330 gestae
457 2252 664 2332 plures
704 2259 881 2331 atque
925 2251 1210 2314 clariores
1249 2249 1584 2330 longiorem
1638 2251 1980 2314 desiderant
2018 2260 2147 2314 tex·
2218 2273 2227 2280 ·

207 2344 360 2398 tum.

343 2421 696 2483 Maximinus
739 2423 942 2483 senior
983 2421 1096 2484 sub
1127 2420 1463 2484 Alexandro
1504 2423 1868 2502 imperatore
1915 2426 2145 2487 enituit.
2182 2439 2219 2492 4

123 2523 182 2564 15
208 2505 471 2568 militare
502 2515 702 2570 autem
733 2507 844 2568 sub
877 2507 1106 2568 Seuero
1140 2508 1353 2588 coepit.
1416 2507 1526 2569 Hic
1568 2508 1643 2569 de
1672 2510 1808 2570 uico
1840 2507 2149 2572 Threiciae
2186 2523 2219 2574 5

208 2593 414 2653 uicino
460 2593 762 2662 barbariS,
809 2592 1071 2653 barbaro
1117 2595 1293 2654 etiam
1335 2599 1507 2671 patre
1550 2599 1608 2654 et
1648 2600 1841 2656 matre
1894 2597 2146 2672 genitus,

209 2695 470 2755 quorum
503 2676 652 2739 alter
685 2695 716 2738 e
749 2676 990 2747 Gothia,
1025 2677 1175 2740 alter
1207 2697 1279 2739 ex
1310 2677 1549 2738 Halanis
1580 2679 1817 2756 genitus
1848 2697 1979 2740 esse
2008 2697 2148 2758 per·

207 2761 474 2824 hibetur.
549 2770 609 2823 et
651 2763 808 2842 patri
865 2763 1106 2840 quidem
1156 2781 1379 2825 nomen
1418 2761 1633 2832 Micca,
1687 2764 1863 2824 matri
1905 2763 2147 2826 Hababa
2182 2783 2216 2831 6

207 2847 400 2909 fuisse
430 2847 666 2909 dicitur.
701 2847 806 2908 sed
835 2847 984 2910 haec
1015 2849 1256 2909 nomina
1286 2843 1643 2909 Maximinus
1672 2849 1883 2928 primis
1912 2857 2144 2929 tempo·
2182 2867 2215 2917 7

123 2955 182 2996 20
212 2933 386 2994 ribus
413 2934 549 3012 ipse
577 2933 875 3012 prodidit,
915 2940 1124 3012 postea
1154 2951 1333 3002 uero,
1376 2930 1479 2993 ubi
1511 2932 1584 2994 ad
1614 2934 1931 3013 imperium
1962 2935 2145 3004 uenit,

350 3189 379 3237 1
403 3186 682 3252 incipiunt.
702 3187 926 3238 maximi
950 3187 1056 3238 duo
1079 3187 1183 3238 iuli
1209 3184 1353 3253 [iulii
1373 3183 1443 3252 P]
1472 3186 1763 3252 capitolini
1785 3186 2027 3238 feliciter
2048 3187 2155 3238 BP

207 3255 286 3306 ad
312 3255 726 3306 constantinum
749 3271 874 3322 aug.
901 3258 1025 3308 add.
1051 3254 1130 3306 Ρ*
1254 3257 1289 3306 6
1312 3258 1471 3322 qu{a
1493 3256 1546 3306 P
1654 3255 1792 3306 duos
1814 3257 2047 3306 maxime
2070 3254 2146 3306 P¹

348 3323 380 3373 7
407 3325 619 3375 seruari
641 3324 745 3374 BP
776 3325 990 3375 seruari
1014 3324 1280 3390 deinceps
1314 3333 1367 3376 et
1389 3323 1535 3390 quod
1560 3323 1780 3388 quidem
1811 3325 1909 3376 del.
1932 3324 2147 3376 Momm—

200 3395 364 3443 senz'oe
502 3394 565 3442 11
589 3394 852 3444 reserabo
875 3393 928 3443 B
951 3394 1252 3444 reseruabo
1276 3394 1329 3443 P
1350 3392 1409 3457 (u
1430 3396 1484 3444 in
1506 3391 1640 3456 ras.)
1765 3393 1829 3442 16
1851 3393 2027 3443 uicini
2047 3392 2153 3443 BP

201 3460 400 3510 uicino
425 3475 542 3515 exc.
567 3461 636 3511 M
768 3463 832 3512 18
864 3461 1050 3513 Micca
1075 3461 1137 3512 M
1169 3463 1365 3513 Mecca
1389 3461 1713 3528 Symmachus
1736 3478 1821 3526 ap.
1845 3461 1995 3512 Iord.
2020 3463 2072 3511 d.
2097 3476 2146 3512 r.

209 3528 330 3580 Get.
358 3543 402 3580 e.
431 3531 496 3580 15
633 3530 830 3580 Ababa
857 3530 919 3579 M
939 3529 1128 3596 Symm.
1153 3532 1185 3580 l.
1211 3545 1254 3580 3.

1644 3612 1741 3674 1*
