2517 3884
639 206 926 267 TYRANNI
971 206 1303 267 TRIGINTA.
1393 209 1733 291 (Les-30.
2024 204 2141 269 117

201 392 384 453 quam
419 374 712 436 femineus
742 392 922 435 sexus
955 374 1289 452 patiebatur
1304 375 1640 455 imperauit
1675 376 1724 437 si
1750 375 1987 453 quidem
2008 375 2141 439 Gal·
2178 390 2210 439 3

199 460 366 521 lieno
397 459 590 521 adhuc
618 466 868 538 regente
898 478 1026 520 rem
1062 478 1118 539 p.
1153 459 1355 537 regale
1386 458 1603 521 mulier
1632 460 1889 539 superba
1920 479 2141 521 munus

201 547 462 625 optinuit
503 551 563 605 et
603 544 847 607 Claudio
889 543 1064 605 bellis
1108 544 1375 606 Gothicis
1416 552 1706 624 occupato
1750 547 1849 606 uix
1882 544 2141 623 denique

172 630 278 693 -ab
319 630 639 693 Aureliano
690 631 845 691 uicta
901 637 961 689 et
1000 629 1363 709 triumphata
1410 632 1708 691 concessit
1744 631 1807 691 in
1850 632 1980 691 iura
2020 631 2139 692 Ro·
2256 705 2261 711 .

147 730 177 771 5
203 734 396 777 mana.
452 716 629 777 Extat
659 714 905 802 epistola
938 714 1260 784 Aureliani,
1298 733 1451 795 quae
1483 710 1753 794 captiuae
1779 706 2023 777 mulieri
2051 722 2137 777 te·
2175 727 2209 777 4

203 802 552 862 stimonium
585 800 718 861 fert.
783 818 919 860 nam
953 820 1087 861 cum
1121 820 1153 861 a
1185 799 1539 879 quibusdam
1572 800 2138 878 reprehenderetur,

201 886 362 966 quod
395 885 703 946 mutierem
738 884 924 945 ueluti
957 885 1172 946 ducem
1216 886 1471 963 aliquem
1510 887 1609 945 uir
1638 887 2002 946 lon-tissimus
2031 888 2137 946 tri-

203 969 570 1049 umphasset,
603 972 801 1031 missis
831 969 903 1031 ad
937 978 1206 1031 senatum
1239 970 1647 1050 populumque
1677 970 2010 1032 Romanum
2042 970 2137 1031 lit-

201 1057 349 1115 teris
392 1053 501 1115 hac
551 1073 616 1115 se
659 1054 1052 1116 adtestatione
1091 1055 1387 1116 defendit:
1460 1054 1715 1125 „Audio,
1760 1074 1817 1134 p.
1862 1073 1949 1125 c.‚
1993 1055 2141 1116 mihi
2176 1069 2208 1119 5

122 1154 174 1195 ιο
203 1140 392 1209 obici,
437 1139 596 1219 quod
639 1158 760 1199 non
803 1140 977 1200 uirile
1019 1159 1238 1201 munus
1280 1140 1654 1219 impleuerim
1688 1139 2004 1214 Zenobiam
2037 1142 2141 1201 tri-

201 1223 564 1304 umphando,
627 1243 704 1285 ne
731 1224 836 1293 illi,
873 1227 976 1302 qui
1007 1244 1103 1285 me
1135 1224 1603 1306 reprehendunt,
1638 1225 1780 1285 satis
1810 1225 2139 1293 laudarent,

203 1312 258 1371 si
289 1311 534 1378 scirent,
570 1327 721 1387 quae
751 1309 849 1369 illa
883 1312 961 1371 sit
988 1310 1221 1380 mulier,
1262 1329 1438 1389 quam
1470 1310 1737 1389 prudens
1767 1311 1826 1369 in
1858 1309 2141 1381 consiliiS,

201 1410 378 1473 quam
412 1403 688 1456 constans
730 1396 792 1454 in
823 1394 1336 1474 dispositionibus,
1378 1412 1552 1474 quam
1588 1413 1725 1473 erga
1758 1394 1977 1455 milites
2006 1412 2139 1469 gra·
2185 1465 2188 1469 ‚

199 1482 324 1549 uiS,
369 1498 544 1559 quam
591 1478 780 1557 larga,
822 1498 958 1553 cum
1005 1482 1331 1541 necessitas
1372 1477 1660 1559 postulet,
1712 1498 1889 1558 quam
1931 1481 2137 1549 tristiS‚

121 1580 171 1619 15
203 1583 340 1625 cnm
393 1566 683 1629 seueritas
733 1573 958 1643 poscat.
1037 1584 1282 1644 possum
1326 1566 1558 1633 dicere,
1605 1565 1763 1625 illius
1808 1582 1939 1625 esse
1980 1564 2138 1641 quod
2176 1575 2208 1623 6

203 1650 508 1712 Odenatus
548 1650 762 1710 Persas
804 1652 947 1711 uicit
986 1669 1054 1712 ac
1097 1651 1302 1729 fugato
1338 1651 1563 1728 Sapore
1596 1650 1920 1711 Ctesifonta
1952 1668 2141 1730 usque
2223 1655 2241 1661 “

198 1736 499 1815 peruenit.
560 1752 807 1814 possum
841 1735 1154 1805 adserere,
1200 1743 1366 1798 tanto
1400 1733 1555 1813 apud
1589 1735 1909 1796 orientales
1940 1741 2000 1795 et
2028 1738 2138 1795 Ae·
2176 1746 2205 1796 ’1

198 1822 535 1899 gyptiorum
571 1818 826 1897 populos
858 1822 1056 1881 timori
1087 1819 1401 1881 mulierem
1434 1820 1622 1880 ruisse
1652 1826 1718 1879 ut
1747 1838 1813 1880 se
1842 1838 1960 1880 non
1992 1822 2137 1881 Ara·

200 1904 340 1972 bes,
385 1922 504 1965 non
538 1904 847 1973 Saraceni,
894 1924 1014 1965 non
1059 1908 1323 1967 Armenii
1354 1909 1821 1965 commonerent.
1886 1922 1999 1973 nec
2030 1921 2140 1981 ego
2177 1916 2209 1965 8

123 1988 287 2049 eoilli
339 1991 523 2050 uitam
568 1998 1050 2059 conseruassem,
1113 1992 1228 2051 nisi
1272 2008 1403 2050 eam
1445 1990 1688 2049 scissem
1730 1988 1986 2055 multum
2020 1988 2137 2048 Ro-

201 2091 412 2135 manae
465 2076 557 2135 rei
598 2073 870 2153 publicae
915 2076 1245 2154 profuisse,
1303 2092 1439 2134 cum
1483 2073 1596 2133 sibi
1636 2072 1731 2134 uel
1775 2072 1977 2133 liberis
2019 2075 2142 2134 suis

201 2160 451 2219 orientis
495 2166 768 2221 seruaret
804 2160 1149 2237 imperium.
1230 2158 1343 2219 sibi
1383 2176 1527 2235 ergo
1561 2156 1829 2234 >habeant
1866 2158 2137 2237 propria·
2176 2174 2208 2221 9

198 2262 335 2305 rum
367 2262 599 2304 uenena
631 2243 968 2322 linguarum
999 2245 1039 2305 ii
1071 2244 1289 2321 quihus
1328 2242 1476 2304 nihil
1521 2242 1733 2321 placet.
1796 2260 1932 2303 nam
1965 2245 2015 2303 si
2048 2243 2131 2303 ui-
2176 2256 2241 2305 10

203 2330 358 2389 cisse
391 2347 458 2389 ac
488 2328 889 2408 triumphasse
930 2330 1212 2390 seminam
1257 2348 1378 2391 non
1412 2336 1503 2389 est
1532 2328 1847 2399 decorum,
1892 2327 2034 2407 quid
2064 2326 2157 2388 de·

122 2428 172 2469 25
203 2412 474 2477 Gallieno
506 2412 851 2493 loquuntur,
882 2415 945 2474 in
978 2416 1148 2475 euius
1179 2422 1586 2494 contemptum
1622 2412 1766 2474 haec
1799 2412 1953 2473 bene
1986 2414 2141 2473 rexit

200 2498 561 2577 imperium?
621 2498 762 2577 quid
806 2499 880 2559 de
923 2498 1063 2561 diuo
1106 2500 1385 2569 Claudio,
1449 2505 1653 2560 sancto
1698 2518 1765 2559 ac
1807 2496 2139 2559 uenerabili
2174 2512 2236 2559 11

200 2582 382 2653 duce,
428 2582 530 2659 qui
575 2601 733 2653 eam,
792 2584 951 2662 quod
991 2588 1120 2666 ipse
1162 2585 1430 2647 Gothicis
1475 2591 1636 2645 esset
1666 2582 2138 2662 expeditionibus

199 2674 545 2746 occupatus„
577 2666 787 2747 passus
819 2688 951 2731 esse
983 2671 1199 2731 dicitur
1226 2670 1561 2749 imperare?
1592 2668 1773 2745 idque
1804 2666 2037 2727 occulte
2068 2684 2136 2726 ac
2202 2720 2207 2728 .

197 2753 563 2832 prudenter,
617 2760 684 2814 ut
725 2753 825 2813 illa
869 2762 1149 2815 seruante
1191 2753 1499 2815 orientalis
1540 2754 1689 2813 fines
1729 2752 1968 2830 imperii
2008 2752 2134 2830 ipse

119 2851 175 2893 ao
203 2839 470 2899 securius
511 2855 663 2915 quae
712 2839 1049 2899 instituerat
1090 2845 1534 2917 perpetraret.“
1608 2836 1767 2897 Haec
1810 2837 2002 2895 oratio
2042 2836 2132 2894 in·
2174 2850 2235 2896 12

203 2921 379 2991 dicat,
424 2922 565 2997 quid
596 2922 802 2984 iudicii
830 2924 1186 2997 Aurelianus
1216 2922 1495 2983 habuerit
1525 2920 1597 2981 de
1629 2919 1905 2983 Zenobia.
1968 2920 2135 2979 cuius

129 3009 132 3010 ⁷
202 3025 272 3067 ea
303 3008 545 3067 castitas
575 3007 760 3068 fuisse
793 3008 1008 3069 dicitur
1037 3016 1201 3069 utne
1227 3012 1423 3069 uirum
1458 3025 1625 3067 suum
1660 3004 1901 3082 quidem
1934 3005 2136 3064 scierit

201 3093 316 3153 nisi
342 3094 646 3172 temptatis
679 3092 1186 3173 conceptionibus,
1223 3111 1361 3153 nam
1393 3110 1526 3153 cum
1559 3089 1745 3151 semel
1776 3088 2133 3151 concubuis-

339 3262 398 3309 11
424 3260 658 3311 laudent
683 3258 766 3309 B⁸
903 3264 966 3311 12
993 3262 1162 3312 sciret
1185 3259 1313 3311 B¹P
1456 3276 1597 3325 quae
1619 3258 1748 3311 illas
1772 3258 1873 3309 BP
1896 3256 1947 3321 (s
1970 3257 2131 3323 eras.)

203 3326 385 3393 qualis
408 3328 506 3377 illa
533 3332 620 3379 est
645 3329 706 3378 M
731 3345 871 3395 quae
897 3329 996 3379 illa
1023 3330 1096 3380 sit
1119 3331 1311 3393 scripsi
1460 3332 1526 3379 13·
1548 3343 1651 3394 ega
1678 3326 1770 3378 P¹v
1900 3328 1964 3376 16
1998 3326 2131 3377 tesi—

202 3396 360 3446 fonta
386 3395 466 3445 B³
501 3397 911 3463 thesiphontem
936 3398 1000 3449 M
1145 3401 1208 3448 21
1235 3414 1349 3463 rep.
1392 3395 1461 3447 1³¹
1596 3393 1710 3462 uel]
1749 3412 1869 3446 cum
1899 3394 1972 3443 B¹
2050 3460 2055 3463 Ι

199 3466 264 3515 23
287 3463 370 3513 hii
396 3463 606 3527 BP(M)
743 3468 810 3516 26
836 3466 980 3516 dicio
1005 3466 1109 3515 BP
1240 3468 1307 3519 29
1333 3464 1599 3516 orientale
1624 3464 1727 3515 BP
1748 3462 2049 3515 orientales
2074 3462 2133 3513 M

335 3534 396 3582 31
427 3532 584 3582 cuius
609 3550 702 3585 om.
731 3533 801 3582 P*
942 3536 1006 3585 3⁶2
1032 3534 1200 3585 sciret
1227 3534 1288 3584 M
