2517 3884
360 192 485 257 124
961 198 1299 256 TREBELLH
1340 195 1683 255 POLMOMS

359 366 463 427 sed
496 366 682 426 breue
711 367 935 434 fuisset,
983 366 1213 425 etiamsi
1252 372 1542 443 quantum
1574 364 1882 424 hominum
1916 367 2040 427 uita
2071 384 2293 445 suppe-

291 460 321 507 2
358 453 444 520 tit,
478 457 704 511 tantum
739 452 833 510 uir
862 448 995 511 talis
1023 452 1320 528 imperare
1362 450 1671 527 potuisset.
1735 448 1874 525 quid
1909 452 2067 509 enim
2098 451 2159 509 in
2188 448 2291 509 illo

357 555 478 596 non
510 534 818 596 mirabile?
852 534 989 611 quid
1022 553 1142 594 non
1175 535 1605 610 conspicuum?
1638 534 1778 610 quid
1815 552 1932 593 non
1958 534 2288 613 triumpha-

291 632 322 678 3
358 619 513 680 libus
544 618 969 680 uetustissimis
997 618 1498 698 praeferendum?
1553 620 1614 677 in
1648 636 1767 695 quo
1800 618 2042 679 Traiani
2078 620 2291 688 uirtuS,

356 706 638 767 Antonini
690 705 904 783 pietaS,
959 704 1209 782 Augusti
1255 703 1583 763 moderatio
1630 711 1690 763 et
1731 721 2084 781 magnorum
2126 706 2294 783 prin·
2343 717 2375 759 ι
2493 754 2496 797 ἱ

359 791 555 869 cipum
608 789 762 849 bona
817 790 902 849 sic
945 790 1190 849 fuerunt
1229 795 1297 847 ut
1336 806 1455 848 non
1509 786 1610 847 ille
1653 787 1725 848 ab
1768 787 1898 849 aliis
1950 788 2293 868 exemplum

360 880 620 953 caperet,
662 872 766 933 sed
801 875 1028 935 etiamsi
1060 871 1139 933 illi
1172 892 1291 933 non
1322 873 1595 941 fuissent,
1640 871 1737 933 hic
1767 874 1985 933 ceteris
2014 873 2293 950 reliquis-
2490 800 2496 1017 1

289 968 323 1015 4
359 965 453 1019 set
483 957 840 1037 exemplum.
895 958 1224 1019 doctissimi
1255 956 1807 1018 mathematicorum
1841 967 2082 1018 centnm
2115 967 2174 1019 et
2203 958 2291 1017 ui-

356 1044 508 1121 ginti
554 1062 741 1103 annos
789 1043 1017 1104 homini
1059 1042 1131 1103 ad
1174 1042 1500 1121 uiuendum
1554 1042 1723 1102 datos
1774 1042 2043 1103 iudicant
2096 1060 2294 1122 neque

357 1126 614 1207 amplius
645 1130 917 1208 cuiquam
950 1130 1214 1189 iactitant
1253 1144 1386 1187 esse
1417 1145 1753 1197 concessoS‚
1797 1129 1975 1187 etiam
2005 1126 2154 1188 illud
2186 1127 2289 1187 ad·
2322 1144 2375 1184 ιο

359 1213 596 1283 dentes,
651 1213 856 1274 Mosen
890 1212 1115 1283 solum,
1156 1212 1283 1281 dei,
1338 1219 1404 1290 ut
1432 1211 1786 1273 ludaeorum
1818 1210 1957 1272 libri
1989 1211 2291 1290 locuntur,

356 1298 738 1367 familiarem,
791 1305 1027 1359 centum
1079 1298 1599 1375 uiginti·quinqne
1642 1314 1829 1357 annos
1872 1298 2131 1363 uixisse:
2192 1297 2297 1373 qui

358 1401 491 1443 cum
528 1390 886 1460 quereretur
917 1381 1074 1459 quod
1107 1383 1344 1443 iuuenis
1388 1383 1692 1450 interiret,
1736 1400 2100 1460 responsum
2134 1383 2189 1441 ei
2219 1381 2293 1441 ab

354 1470 585 1527 incerto
645 1469 849 1527 ferunt
907 1468 1180 1537 numine,
1240 1468 1539 1526 neminem
1594 1464 1730 1545 plus
1781 1484 1913 1526 esse
1966 1466 2290 1527 uicturum.

289 1558 322 1607 5
359 1568 540 1628 quare
583 1554 814 1611 etiamsi
855 1559 1095 1611 centum
1139 1559 1197 1611 et
1235 1552 1447 1628 uiginti
1488 1551 1749 1630 quinque
1791 1568 1980 1611 annos
2012 1549 2295 1624 Claudius
2320 1568 2371 1609 ιε»

356 1637 632 1703 uixisset,
676 1653 753 1694 ne
782 1637 1178 1695 necessariam
1223 1634 1461 1711 quidem
1494 1642 1748 1696 mortem
1782 1638 1907 1695 eius
1939 1644 2291 1715 exspectan-

357 1718 490 1778 dam
535 1720 747 1789 l'uisse,
796 1726 861 1778 ut
899 1717 1131 1780 Tullius
1175 1718 1248 1780 de
1302 1719 1581 1797 Scipione
1635 1718 1779 1799 [sic]
1835 1720 2105 1797 loquitur
2150 1719 2291 1801 [pro

285 1811 320 1859 6
353 1801 626 1884 Milone],
659 1804 950 1882 stupenda
985 1812 1044 1864 et
1072 1803 1362 1865 mirabilis
1392 1804 1576 1873 docet,
1599 1808 1738 1865 uita.
1798 1805 1937 1883 quid
1972 1807 2131 1866 enim
2164 1824 2287 1864 ma-

350 1906 535 1967 gnum
566 1890 662 1950 uir
691 1888 792 1948 ille
823 1888 982 1948 domi
1013 1891 1277 1968 lorisque
1309 1907 1427 1949 non
1459 1889 1700 1950 habuit?
1732 1891 1951 1951 amauit
1981 1899 2286 1969 parentes.

351 1973 489 2051 quid
523 1974 780 2034 mirum?
833 1976 1054 2035 amauit
1093 1981 1154 2035 et
1193 1976 1444 2035 fratres:
1486 1976 1605 2035 iam
1651 1981 1846 2051 potest
1874 1973 2124 2053 dignum
2156 1992 2289 2035 esse
2314 1992 2363 2031 20

349 2056 656 2121 miracu10.
749 2059 969 2119 amauit
1021 2061 1423 2138 propinquos:
1486 2078 1588 2119 res
1643 2061 1864 2119 nostris
1917 2059 2290 2138 temporibus

351 2142 742 2222 comparanda
777 2143 1086 2215 miraculo,
1119 2144 1333 2205 inuidit
1363 2143 1528 2212 nulli,
1570 2143 1757 2204 malos
1786 2151 2147 2223 persecutus
2180 2152 2287 2205 est.

281 2237 311 2284 7
350 2229 516 2288 fures
562 2226 790 2288 iudices
843 2228 1038 2307 palam
1092 2235 1417 2307 aperteque
1469 2228 1787 2288 damnauit.
1869 2228 2065 2289 stultis
2123 2229 2293 2306 quasi

348 2310 736 2389 neglegenter
782 2312 1046 2375 indulsit.
1109 2313 1274 2391 leges
1318 2314 1569 2392 optimas
1612 2312 1789 2373 dedit.
1854 2312 1990 2373 talis
2034 2315 2100 2373 in
2132 2332 2199 2374 re
2231 2333 2287 2393 p.

280 2406 312 2455 8
347 2398 478 2465 suit,
525 2403 594 2456 ut
624 2399 752 2457 eius
785 2400 1030 2477 stirpem
1064 2398 1135 2458 ad
1167 2400 1488 2477 imperium
1522 2398 1739 2458 summi
1767 2399 2074 2477 principes
2106 2397 2289 2477 elige·
2315 2414 2363 2455 25

345 2487 502 2549 rent,
541 2482 911 2543 emendatior
941 2490 1186 2543 senatus
1215 2490 1468 2561 optaret.

273 2562 316 2625 3
475 2564 541 2625 In
573 2568 823 2643 gratiam
855 2586 950 2627 me
981 2568 1272 2646 quispiam
1320 2573 1492 2645 putet
1530 2567 1861 2628 Constantii
1892 2567 2171 2628 Caesaris
2199 2566 2288 2627 lo·

347 2651 467 2729 qui,
503 2651 608 2711 sed
640 2654 809 2711 testis
842 2659 933 2711 est
963 2660 1023 2712 et
1051 2657 1150 2712 tua
1185 2653 1547 2712 conscientia
1580 2659 1639 2712 et
1666 2653 1788 2713 uita
1822 2670 1971 2722 mea,
2006 2670 2106 2712 me
2142 2650 2293 2712 nihil
2491 2700 2492 2729 g

279 2742 310 2791 2
347 2753 628 2835 umquam
683 2737 973 2814 cogitasse
1025 2735 1244 2796 dixisse
1293 2736 1511 2797 fecisse
1562 2738 1909 2814 gratiosum.
1974 2736 2291 2797 Claudium

347 2822 680 2900 principem
737 2820 969 2898 loquor,
1025 2822 1194 2882 cuius
1244 2823 1367 2881 uita
1412 2820 1676 2901 probitas
1720 2827 1781 2881 et
1809 2822 2006 2881 omnia
2038 2839 2199 2898 quae
2228 2824 2365 2883 ineo

348 2923 416 2965 re
448 2923 505 2983 p.
538 2908 725 2983 gessit
756 2913 976 2967 tantam
1021 2908 1279 2983 posteris
1309 2907 1521 2967 famam
1555 2905 1775 2966 dedere
1808 2912 1873 2967 ut
1904 2913 2152 2967 senatus
2181 2924 2293 2985 po·

346 2989 643 3068 pulusque
694 2990 999 3050 Romanus
1052 2993 1226 3052 nouis
1279 3010 1414 3052 eum
1467 2990 1797 3053 honoribus
1848 2997 1987 3069 post
2029 2998 2291 3053 mortem

483 3174 512 3222 6
537 3172 704 3239 bona]
733 3174 914 3225 omnia
940 3175 1275 3227 Mommsenus
1421 3174 1559 3226 nihil
1583 3176 1743 3236 BPM
1767 3175 1860 3225 ille
1886 3175 1927 3225 S
2066 3178 2135 3226 10
2160 3192 2292 3227 con·

349 3256 562 3291 cessum
588 3241 655 3291 M
787 3245 848 3292 11
875 3258 1102 3308 moysen
1125 3244 1204 3295 [3³
1322 3247 1385 3294 13
1411 3250 1733 3309 quereretur
1756 3244 1857 3293 BP
1968 3248 2105 3308 quot
2130 3242 2293 3294 ΒἸ)1

485 3310 547 3357 16
572 3324 641 3358 ne
667 3312 786 3361 add.
813 3310 854 3360 S
877 3328 948 3362 ex
973 3312 1219 3363 Cicerone
1242 3329 1341 3376 pro
1365 3312 1543 3363 Milon.
1574 3314 1711 3372 7,16
1814 3314 1876 3362 17
1903 3311 1985 3361 sie
2009 3327 2105 3361 om.
2134 3312 2208 3363 M

345 3391 444 3441 pro
454 3375 659 3427 Milone
685 3380 823 3429 delet
849 3378 924 3439 Ο,
930 3380 1030 3441 ,sic
1055 3397 1153 3462 pro
1165 3380 1409 3431 Milone“
1430 3382 1679 3444 ylo-§sema
1703 3382 1922 3429 diuersis
1946 3381 2074 3429 locis
2098 3394 2129 3430 e
2153 3396 2294 3429 mar-

341 3444 458 3509 gine
483 3446 534 3493 in
558 3454 848 3495 contextum
869 3450 1149 3511 inrepsisse
1172 3449 1401 3499 arbitror
1544 3450 1613 3497 20
1646 3447 1839 3497 fratris
1860 3446 1996 3497 BP
2108 3450 2177 3499 23
2204 3448 2294 3499 fu·

345 3526 499 3561 reses
522 3511 598 3561 Ρι
738 3517 804 3563 24
828 3515 1138 3577 neg-liceret
1163 3516 1229 3565 M
1364 3518 1423 3565 31
1454 3512 1531 3564 tm
1556 3514 1607 3563 B
1632 3520 1845 3565 tantum
1876 3516 1923 3563 P
