2517 3884
335 152 464 215 180
1017 154 1190 211 AELII
1236 154 1583 210 SPARTIANI

336 323 794 405 propinquos?“
856 340 990 382 cum
1023 338 1379 399 responsum
1416 328 1574 380 esset
1604 318 1863 390 habere,
1899 323 2009 381 ait:
2074 322 2274 390 „Tum

337 410 543 489 plures
577 425 721 485 ergo
750 408 813 467 in
846 408 1084 467 ciuitate
1114 406 1316 467 tristes
1349 412 1524 465 erunt
1554 424 1732 484 quam
1762 403 1933 475 laeti,
1982 405 2139 482 quod
2182 407 2272 466 ui-

267 504 302 551 4
339 496 596 556 cimus.“
678 498 738 552 et
789 493 1144 571 optinuisset
1197 491 1323 551 eius
1377 491 1701 559 sententia,
1758 491 1873 550 nisi
1928 490 2275 552 Plautianus

336 572 676 658 praefectus
719 576 816 637 uel
848 574 1149 639 quenalis
1190 576 1551 635 institissent
1597 593 1703 655 spe
1746 577 2271 657 proscriptionum,
2327 610 2331 615 ·

339 683 410 724 ex
443 662 659 743 quibus
690 661 857 723 ditati
897 669 1054 722 sunt.
1131 660 1224 721 his
1267 658 1588 721 accedebat
1629 661 1901 722 Bassiani
1940 661 2142 721 fratris
2182 662 2273 721 ni·
2322 674 2347 715 5

269 760 300 808 5
337 751 454 809 mia
510 745 848 808 crudelitas,
943 748 1047 825 qui
1091 764 1227 806 cum
1272 744 1663 806 contenderet
1720 754 1779 806 et
1830 746 2055 807 diceret
2105 748 2276 825 quasi

335 835 468 893 ioco
500 834 668 909 quasi
701 833 892 900 seriO,
941 850 1150 891 omnes
1183 848 1321 891 cum
1360 829 1567 892 liberis
1612 831 1971 891 occidendos
2011 826 2274 910 partium

337 918 733 985 diuersarum,
767 916 912 977 Geta
946 918 999 976 ei
1030 915 1250 976 dixisse
1284 916 1533 975 dicitur:
1579 914 1715 984 „Tu
1749 917 1850 994 qui
1881 915 2025 976 nulli
2053 918 2280 994 parcis,

333 1010 504 1083 potes
537 1009 595 1062 et
625 1003 874 1062 fratrem
905 1000 1248 1062 occidere.“
1310 998 1467 1076 quod
1510 999 1735 1059 dictum
1768 1001 1898 1061 eius
1929 1008 2069 1061 tunc
2100 1000 2269 1071 nihil,
2324 1079 2330 1085 ⁸

333 1093 469 1167 post
499 1105 644 1147 uero
676 1105 789 1166 pro
821 1088 1133 1166 praesagio
1164 1085 1299 1145 fuit.
2302 1102 2348 1140 ιο

261 1168 302 1233 5
459 1172 599 1232 Fuit
635 1174 699 1231 in
742 1171 962 1231 litteris
1007 1169 1398 1246 assequendis
1458 1176 1635 1229 tenax
1688 1176 1965 1231 ueterum
2021 1172 2274 1249 scripto-

334 1274 489 1326 rum,
523 1264 906 1336 paternarum
942 1258 1116 1315 etiam
1152 1255 1587 1315 sententiarum
1619 1272 1869 1324 memor,
1915 1255 2086 1315 fratri
2118 1274 2273 1318 sem-

333 1361 444 1421 per
474 1344 722 1410 inuisus,
755 1342 930 1402 matri
961 1338 1272 1401 amabilior
1306 1356 1483 1415 quam
1514 1339 1718 1409 frater,
1753 1338 2043 1400 subbalbe
2074 1348 2274 1401 tamen

267 1438 298 1485 2
337 1445 607 1493 canorus
645 1426 899 1485 uestitus
930 1424 1103 1492 nitidi
1137 1424 1580 1502 cupidissimus,
1614 1425 1697 1484 ita
1727 1431 1792 1485 ut
1823 1431 1995 1503 pater
2026 1425 2272 1487 rideret.

337 1513 386 1571 si
431 1510 569 1589 quid
615 1510 843 1587 accepit
891 1508 1344 1587 aparentibuS,
1407 1507 1479 1567 ad
1530 1528 1705 1569 suum
1760 1508 2010 1570 contulit
2054 1510 2271 1571 cultum
2305 1524 2352 1563 15

266 1608 297 1655 3
333 1612 532 1671 neque
575 1596 894 1673 quicquam
935 1594 1189 1671 cuipiam
1236 1592 1415 1653 dedit.
1481 1592 1621 1653 Post
1664 1592 2006 1656 Parthicum
2049 1593 2274 1656 bellum

335 1698 469 1739 cum
499 1679 729 1755 ingenti
759 1677 946 1756 gloria
967 1685 1152 1753 pater
1191 1676 1470 1746 floreret,
1517 1678 1802 1739 Bassiano
1844 1682 2119 1759 participi
2158 1682 2271 1740 im-

336 1764 488 1843 perii
519 1762 817 1841 appellato
850 1763 998 1823 Geta
1041 1780 1277 1842 quoque
1310 1762 1581 1823 Caesaris
1616 1770 1673 1823 et
1700 1765 2015 1834 Antonini,
2047 1772 2113 1829 ut
2142 1767 2273 1845 qui-

265 1862 300 1910 4
337 1848 470 1910 dam
504 1848 728 1925 dicunt,
761 1865 984 1907 nomeu
1015 1849 1269 1925 accepit.·
1326 1847 1646 1909 Familiare
1677 1847 1765 1908 illi
1809 1849 1922 1909 fuit
1952 1848 2059 1909 has
2091 1866 2273 1926 quae-

337 1935 562 1994 stiones
591 1934 997 2011 grammaticis
1027 1950 1400 2012 proponere,
1449 1939 1513 1992 ut
1542 1932 1839 2003 dicerent,
1885 1934 2115 2011 singula
2147 1936 2272 1994 ani·
2303 1947 2353 1986 20

267 2032 298 2081 5
334 2018 509 2079 malia
555 2017 854 2095 quomodo
901 2036 1112 2077 uocem
1159 2019 1529 2086 emitterent,
1589 2017 1782 2079 uelut:
1876 2021 2011 2095 agni
2050 2018 2272 2085 balant,

332 2102 584 2181 porcelli
635 2103 993 2181 grunniunt,
1045 2102 1360 2182 palumbes
1413 2104 1804 2172 minurriunt,
1866 2105 2037 2181 porci
2089 2121 2274 2181 grun-

334 2187 520 2257 diunt,
553 2190 679 2250 ursi
711 2190 1016 2256 saeuiunt,
1060 2188 1263 2247 leones
1292 2188 1553 2263 rugiunt,
1589 2186 1857 2265 leopardi
1888 2189 2121 2257 rictant,
2158 2188 2275 2248 ele-

311 2275 476 2355 fanti
520 2270 822 2340 barriunt,
868 2290 1049 2331 ranae
1095 2278 1373 2339 coaxant,
1435 2272 1572 2347 equi
1617 2270 1921 2340 hinniunt,
1978 2274 2129 2331 asini
2170 2291 2273 2333 ru-

433 2457 461 2503 1
491 2458 640 2504 esset
665 2470 756 2504 om.
782 2452 852 2502 Βι
1003 2454 1234 2505 haberet
1262 2452 1569 2517 complures
1594 2468 1723 2518 ergo
1748 2454 1852 2502 BP
1894 2454 2102 2505 habere
2128 2471 2276 2506 eom-

331 2523 518 2587 plures
544 2522 728 2586 plures
755 2536 884 2585 ergo
911 2522 971 2571 M
995 2522 1199 2571 habere
1227 2520 1309 2569 ait
1336 2520 1645 2584 complures
1672 2522 1759 2573 Gr.
1787 2520 1994 2572 habere
2020 2523 2128 2572 ait:
2155 2529 2277 2575 tum

333 2590 518 2655 plures
547 2602 677 2653 ergo
701 2590 891 2651 scripsi
1027 2590 1058 2637 6
1085 2604 1192 2653 qua
1217 2616 1283 2622 —
1310 2603 1416 2652 qua
1446 2589 1489 2637 0
1502 2592 1650 2653 prius
1675 2590 1836 2653 quasi
1859 2591 1959 2641 del.
1984 2591 2135 2644 Iord.

331 2662 360 2709 7
389 2657 549 2722 quasi
574 2672 766 2707 seuero
791 2654 874 2705 Β1
1013 2660 1045 2708 9
1083 2658 1254 2707 etiam
1290 2656 1520 2706 fratrem
1545 2656 1613 2708 M
1748 2659 1811 2707 10
1848 2662 1976 2722 post
2002 2674 2059 2708 se
2086 2658 2169 2708 B¹
2207 2678 2277 2711 an

329 2727 566 2792 postea?
707 2728 767 2774 11
797 2728 853 2775 et
878 2728 1047 2775 tenax
1071 2724 1236 2777 BPM
1260 2727 1316 2773 et
1340 2726 1507 2775 deleui
1530 2723 1722 2789 (Iord.)
1852 2729 1915 2777 13
1943 2727 2174 2778 subalbe
2198 2727 2275 2777 B¹

435 2796 501 2843 14
535 2794 684 2858 patri
707 2793 864 2843 deret
887 2790 1079 2843 B¹PM
1123 2792 1336 2843 diceret
1360 2791 1436 2841 B²
1460 2809 1551 2843 em.
1578 2792 1895 2861 Bernhardy
2036 2798 2099 2847 15
2124 2796 2272 2847 acci-

333 2864 415 2927 pit
440 2861 544 2912 BP
701 2862 1088 2926 praesentibus
1113 2860 1277 2911 BPM
1302 2878 1393 2911 em.
1421 2860 1751 2927 Musyrauius
1912 2864 1975 2913 16
2000 2866 2275 2928 particum

332 2930 436 2979 BP
570 2932 632 2980 17
660 2935 821 2994 pater
845 2945 938 2979 om.
965 2929 1132 2978 BPM
1174 2928 1380 2979 bellum
1414 2934 1575 2993 pater
1610 2944 1732 2979 cum
1765 2934 1898 2995 uoly.
1963 2935 2120 2995 posui
2139 2934 2275 2982 inter

333 2998 509 3062 gloria
536 3005 586 3047 et
609 2998 830 3047 floreret
967 2997 1220 3047 bassiani
1243 2995 1321 3046 B¹
1441 2999 1717 3063 participe
1742 3000 1802 3049 M
1908 3001 1971 3049 19
1995 3000 2095 3050 hos
2119 3000 2170 3049 B

333 3068 398 3113 22
423 3066 688 3128 gruniunt
712 3065 816 3114 BP
950 3066 1280 3115 minarriunt
1304 3064 1502 3115 BP1M
1522 3066 1889 3117 minnarriunt
1914 3065 1993 3117 P²
2119 3068 2273 3132 porci
2375 3098 2384 3108 ·

333 3131 635 3195 grundiunt
660 3150 754 3183 om.
783 3134 847 3181 M
867 3134 1170 3199 grunniunt
1194 3134 1301 3184 BP
1342 3134 1643 3199 grundiunt
1666 3137 1857 3199 scripsi
1876 3150 1985 3185 eum
2010 3137 2273 3186 Aldltelmo

333 3202 396 3248 de
420 3216 480 3248 re
501 3216 662 3262 yram.
687 3208 738 3249 et
760 3209 904 3253 metr.
931 3218 1016 3265 ap.
1043 3202 1176 3252 Mai.
1203 3209 1335 3254 auct.
1362 3205 1513 3252 class·
1548 3202 1603 3251 V
1616 3219 1671 3267 p.
1697 3206 1797 3252 569
1820 3219 1897 3268 sq.
1938 3201 2029 3265 (cf.
2052 3204 2278 3269 Reiffer-

331 3268 521 3317 scheid.
551 3267 691 3317 Suet.
716 3271 810 3320 rel.
837 3286 891 3331 p.
918 3268 1044 3335 248)
1173 3272 1237 3321 23
1263 3270 1455 3320 leones
1479 3298 1545 3305 —-
1569 3271 1822 3320 barriunt
1846 3272 1897 3320 P
1915 3272 2058 3334 infra
2080 3280 2275 3322 textum

436 3334 643 3385 rietant
668 3334 833 3385 BPM
878 3353 944 3385 an
977 3340 1248 3389 rancant‘?
1412 3340 1479 3388 24
1512 3339 1766 3389 uarriunt
1792 3338 1842 3387 B
2004 3344 2271 3390 coraxant

333 3400 462 3451 BP¹
602 3418 652 3455 a.
679 3404 900 3468 ragiunt
926 3403 1030 3454 BP
1060 3406 1286 3472 rugiunt
1312 3406 1378 3456 M
1406 3405 1630 3457 rudiunt
1652 3400 1844 3472 scripsi
1864 3408 2206 3470 cfiAIdlzelm.
2235 3410 2271 3459 l.

331 3486 373 3519 s.
401 3486 444 3523 s.
