2517 3884
391 179 512 240 142
1089 182 1246 237 FLA‘·
1266 182 1308 237 11
1351 174 1603 240 VOPISCI

389 358 582 418 serat,
625 352 708 409 ita
737 350 974 428 puniuit
1014 355 1080 409 ut
1110 347 1366 409 duarum
1408 348 1691 409 arborum
1736 350 1931 427 capita
1970 349 2325 419 inflecteret,

388 434 460 495 ad
493 434 676 513 pedes
707 434 909 495 militis
941 432 1229 510 deligaret
1260 432 1620 509 easdemque
1652 433 1851 493 subito
1881 433 2229 504 dimitteret,
2262 444 2331 495 ut

390 522 611 579 scissus
640 518 740 579 ille
769 520 1071 594 utrimque
1102 518 1414 596 penderet.
1477 536 1631 595 quae
1671 536 1771 577 res
1811 520 2118 595 ingentem
2152 522 2327 579 timo-

320 617 350 661 5
389 624 519 666 rem
551 604 828 664 omnibus
857 604 1016 663 fecit.
1094 602 1281 662 Huius
1326 601 1572 681 epistola
1616 603 1887 663 militaris
1930 612 2023 677 est
2062 604 2133 663 ad
2166 607 2325 664 uica-

386 691 541 749 rium
573 708 748 749 suum
779 687 912 748 data
941 686 1118 748 huius
1148 687 1339 746 modi:
1378 688 1482 757 „Si
1512 688 1605 747 uis
1643 686 1921 749 tribunus
1954 707 2108 756 esse,
2142 690 2326 749 immo
2380 706 2411 746 5

389 776 438 834 si
471 776 563 833 uis
598 775 824 841 uiuere,
856 790 1070 832 manus
1099 772 1353 832 militum
1386 772 1643 831 contine.
1713 790 1889 832 nemo
1922 772 2150 851 pullum
2181 773 2327 835 alie-

385 876 527 919 num
561 860 770 937 rapiat,
806 875 981 917 ouem
1014 875 1189 917 nemo
1223 857 1542 933 contingat.
1622 875 1801 917 uuam
1832 856 2037 917 nullus
2071 860 2326 929 auferat,

387 949 649 1019 segetem
684 960 860 1001 nemo
893 942 1142 1011 deterat,
1189 940 1389 1001 oleum
1422 940 1606 1001 salem
1637 940 1867 1019 lignum
1898 960 2077 1002 nemo
2110 945 2326 1021 exigat,

387 1046 620 1087 annona
653 1047 758 1087 sua
791 1034 1108 1087 contentus
1141 1026 1233 1086 sit.
1290 1026 1362 1085 de
1394 1026 1617 1104 praeda
1646 1024 1855 1095 hostiS,
1888 1044 2012 1085 non
2044 1026 2119 1087 de
2151 1028 2329 1088 lacri-

318 1122 346 1166 (3
387 1114 498 1173 mis
540 1111 996 1191 prouincialium
1039 1114 1263 1172 uiuant.
1341 1118 1715 1171 arma-tersa
1758 1113 1905 1180 sint,
1962 1112 2327 1173 ferramenta
2358 1132 2411 1170 ιο

385 1199 648 1266 samiata,
695 1197 1082 1257 calciamenta
1112 1197 1309 1256 fortia.
1386 1196 1572 1255 uestis
1602 1214 1771 1277 noua·
1792 1203 2022 1256 uestem
2055 1206 2331 1258 ueterem

385 1282 674 1342 excludat.
755 1281 1115 1360 stipendium
1159 1283 1220 1340 in
1263 1278 1491 1349 balte0‚
1548 1297 1669 1339 non
1709 1281 1772 1339 in
1813 1282 2035 1359 popina
2064 1281 2325 1343 habeat.

318 1376 346 1421 7
390 1375 665 1447 torquem
708 1366 1074 1427 brachialem
1115 1364 1360 1426 anulum
1402 1364 1677 1443 adponat.
1741 1380 1965 1441 equum
2002 1374 2063 1425 et
2094 1384 2327 1445 sagma-

384 1454 541 1512 rium
573 1470 742 1511 suum
776 1452 1046 1519 defricet,
1082 1452 1343 1527 capitum
1374 1448 1643 1509 animalis
1670 1468 1793 1509 non
1823 1450 2063 1519 uendat,
2096 1450 2329 1511 mulum

316 1545 346 1591 8
385 1537 782 1595 centuriatum
814 1536 1208 1594 communiter
1240 1542 1471 1594 curent.
1531 1533 1893 1594 alteralteri
1925 1538 2100 1611 quasi
2130 1536 2325 1605 miles
2356 1556 2404 1595 15

387 1637 562 1679 nemo
595 1620 762 1698 quasi
793 1635 1008 1678 seruus
1041 1618 1422 1694 obsequatur,
1458 1638 1489 1679 a
1522 1618 1765 1679 medicis
1797 1620 1983 1695 gratis
2014 1627 2323 1690 curentur,

384 1702 802 1781 haruspicibus
831 1702 977 1761 nihil
1021 1703 1192 1771 dent,
1242 1704 1304 1761 in
1348 1701 1619 1781 hospitiis
1660 1710 1821 1763 caste
1866 1722 1931 1763 se
1962 1714 2170 1783 agant,
2220 1708 2327 1783 qui

387 1788 548 1847 litem
577 1788 790 1848 fecerit
824 1786 1134 1885 uapuletss

309 1870 345 1931 3
505 1873 718 1933 Inueni
749 1889 941 1949 nuper
970 1873 1034 1930 in
1066 1870 1232 1949 leia
1267 1870 1623 1931 bibliotheca
1666 1873 1826 1932 inter
1866 1871 2089 1933 linteos
2132 1873 2323 1934 libros

382 1946 694 2037 episto-lam
726 1956 850 2019 diui
877 1954 1175 2016 Valeriani
1215 1955 1291 2015 de
1332 1956 1652 2017 Aureliano
1692 1958 1968 2035 principe
2012 1960 2317 2037 scriptam,
2344 1978 2399 2016 so

381 2058 562 2117 quam
594 2041 666 2101 ad
700 2040 970 2111 uerbum,
1004 2047 1072 2101 ut
1102 2040 1372 2111 decebat,
1404 2043 1651 2101 inserui.

315 2134 343 2181 2
510 2125 902 2195 „Valerianus
932 2128 1232 2203 Augustus
1262 2129 1557 2186 Antonino
1590 2124 1757 2186 Gallo
1790 2126 2049 2187 consuli.

507 2210 726 2288 Culpas
756 2229 852 2269 me
881 2209 1273 2271 familiaribus
1313 2209 1557 2279 litteris,
1604 2210 1763 2287 quod
1806 2210 2090 2271 Postumo
2132 2211 2316 2271 filium

343 2296 348 2301 ’
379 2312 580 2354 meum
633 2293 962 2355 Gallienum
1007 2296 1198 2372 magis
1266 2312 1444 2372 quam
1507 2294 1826 2355 Aureliano
1889 2298 2314 2366 commiserim,

378 2397 512 2438 cum
571 2380 778 2456 utique
831 2380 1124 2439 seueriori
1169 2384 1226 2437 et
1265 2398 1416 2458 puer
1456 2380 1792 2440 credendus
1834 2380 2017 2440 fuerit
2054 2390 2113 2441 et
2145 2399 2314 2441 exer·
2339 2402 2393 2440 25

378 2464 559 2531 citus,
618 2481 728 2523 nec
781 2471 977 2524 tamen
1031 2465 1090 2524 id
1133 2464 1355 2524 diutius
1406 2463 1725 2532 iudicabis,
1782 2467 1833 2525 si
1872 2464 2031 2525 bene
2086 2468 2311 2535 scieris),

309 2558 338 2604 3
379 2559 633 2625 quantae
667 2550 744 2608 sit
771 2548 1127 2612 Aurelianus
1159 2551 1525 2609 seueritatis:
1559 2551 1779 2609 nimius
1812 2557 1919 2619 est,
1952 2550 2175 2610 multus
2200 2560 2311 2619 est,

309 2641 342 2687 4
377 2633 579 2711 grauis
613 2641 702 2694 est
733 2640 791 2693 et
823 2632 894 2693 ad
927 2640 1130 2693 nostra
1161 2634 1281 2691 iam
1314 2652 1433 2693 non
1464 2635 1605 2696 facit
1633 2642 1921 2712 tempora.
1988 2642 2175 2695 testor
2204 2654 2311 2695 au-

379 2726 496 2777 tem
530 2735 760 2788 omneS,
795 2736 892 2779 me
926 2719 1100 2779 etiam
1133 2719 1428 2789 timuisse,
1462 2737 1539 2779 ne
1570 2718 1709 2795 quid
1744 2720 1920 2778 etiam
1954 2736 2095 2796 erga
2130 2718 2317 2779 filium

376 2820 572 2863 meum
605 2805 907 2871 senei-ine,
963 2804 1013 2862 si
1058 2800 1199 2878 quid
1229 2802 1331 2863 ille
1364 2804 1631 2872 fecisset,
1688 2822 1839 2872 cum,
1885 2810 1951 2863 ut
1984 2812 2075 2864 est
2102 2811 2313 2864 natura
2338 2825 2387 2864 30

507 3023 538 3067 2
567 3036 704 3084 quas
729 3020 799 3069 ad
825 3021 890 3069 M
1023 3023 1053 3070 3
1076 3024 1369 3085 utrumque
1395 3019 1523 3071 BPl
1661 3024 1691 3072 8
1719 3021 1835 3070 sale
1860 3022 1929 3071 M
2060 3025 2093 3073 9
2119 3024 2203 3071 sui
2226 3022 2309 3071 B¹

511 3090 574 3136 10
598 3088 842 3137 habeant
865 3086 1033 3137 BPM
1053 3088 1248 3137 uiuant
1272 3090 1461 3153 scripsi
1586 3090 1645 3137 11
1675 3088 2037 3139 caltiamenta
2062 3092 2113 3139 P
2243 3093 2311 3140 13

372 3159 429 3203 et
455 3154 678 3203 anulum
704 3156 762 3203 M
907 3160 965 3204 et
990 3172 1080 3207 om.
1108 3156 1174 3205 M
1319 3159 1383 3205 14
1408 3172 1631 3220 caprum
1656 3158 1722 3206 M
1870 3157 2073 3206 malum
2099 3157 2190 3207 P¹·

373 3223 436 3271 15
463 3226 618 3269 curet
643 3222 709 3271 M
797 3224 957 3287 quasi
980 3224 1038 3273 in
1063 3240 1221 3273 nemo
1249 3225 1409 3288 quasi
1431 3224 1535 3273 BP
1554 3239 1648 3275 om.
1674 3224 1737 3274 M
1762 3226 1923 3288 quasi
1946 3226 2123 3285 milae,
2148 3241 2311 3275 nemo

371 3288 532 3353 quasi
559 3288 676 3341 obr.
839 3294 899 3339 17
925 3290 1193 3356 hospiciis
1217 3291 1323 3340 BP
1476 3293 1537 3340 21
1568 3306 1730 3355 quam
1755 3309 1845 3342 om.
1874 3292 2001 3340 BP¹
2032 3292 2174 3355 (add.
2205 3291 2306 3354 1²³)

514 3358 581 3404 24
605 3357 947 3406 aurelianum
971 3359 1050 3407 B¹
1181 3358 1580 3409 'commisserim
1604 3359 1657 3407 B
1793 3361 1859 3409 26
1884 3374 1952 3409 ne
1980 3360 2175 3409 B¹PM

367 3428 430 3472 tu
457 3422 625 3473 BPM
644 3430 830 3475 tamen
853 3430 1042 3491 scripsi
1175 3429 1240 3477 29
1268 3440 1455 3475 omnes
1482 3426 1614 3475 deos
1640 3428 1701 3475 M
1840 3442 1944 3491 ega
1970 3426 2119 3477 B¹P¹
2144 3427 2306 3489 (corr.

368 3489 544 3554 B3P3)
685 3496 750 3543 30
777 3510 1002 3544 seuerus
1025 3493 1101 3544 P¹
