2517 3884
341 145 472 210 200
757 201 770 212 ,,
963 152 980 199 ἱ
1049 151 1221 206 AELlI
1264 151 1594 207 LAMPRlDll

351 338 516 380 mum
549 321 727 379 tertio
763 318 994 378 decimo
1025 320 1390 379 Antoninum
1433 318 1686 386 dixisse,
1733 320 1967 396 quando
2012 322 2067 380 ei
2096 322 2299 382 etiam

285 417 318 464 9
356 405 804 484 imperatoriam
837 403 1135 465 addidisse
1165 402 1382 464 dicitur
1421 409 1799 483 potestatem.
1878 405 2087 466 Getam
2116 425 2292 476 uero,

356 509 538 569 quem
578 488 750 548 multi
781 489 1144 562 Antoninum
1204 495 1426 566 negant
1470 489 1725 558 dictum,
1790 489 1997 550 eadem
2056 492 2292 551 ratione

357 593 472 652 qua
502 574 849 642 Bassianum
883 572 1275 652 appellatum,
1310 575 1453 634 satis
1486 580 1743 644 constat,
1782 583 1845 635 ut
1875 577 2031 656 patri
2064 575 2296 636 Seuero
2352 627 2357 632 .

252 672 318 722 10
354 659 724 727 succederet,
771 657 931 734 quod
964 658 1211 718 minime
1241 659 1464 718 factum
1496 665 1605 719 est.
1678 666 1816 738 post
1854 659 1969 720 hoc
1996 662 2127 738 ipse
2158 660 2295 722 Dia·
2353 675 2385 714 5

354 746 652 805 dumenus
684 749 751 803 ut
782 743 1307 804 commendaretur
1352 745 1639 804 exercitui
1679 746 1914 804 senatui
1954 745 2297 824 populoque

351 829 640 896 Romano,
675 845 810 888 cum
844 835 1002 888 esset
1031 830 1246 905 ingens
1290 828 1654 889 desiderium
1686 831 1954 890 Bassiani
1986 829 2293 899 Caracalli,

353 915 719 976 Antoninum
752 913 1136 992 appellatum,
1171 914 1314 974 satis
1347 920 1596 974 constat.

278 999 316 1062 7
479 999 654 1058 Extat
697 997 951 1076 epistula
1003 997 1161 1076 Opili
1190 999 1468 1068 Macrini,
1522 1000 1711 1076 patris
1742 999 2124 1070 Diadumeni,
2180 1019 2296 1078 qua

351 1082 642 1161 gloriatur
685 1101 807 1142 non
851 1090 970 1144 tam
1003 1102 1067 1144 se
1099 1082 1171 1144 ad
1200 1085 1519 1162 imperium
1551 1085 1936 1162 peruenisse,
2002 1086 2103 1160 qui
2134 1094 2293 1146 esset
2326 1100 2379 1138 ιο

351 1168 655 1229 secundus
698 1169 968 1246 imperii,
1016 1186 1191 1245 quam
1239 1169 1396 1244 quod
1425 1168 1808 1229 Antoniniani
1840 1171 2102 1230 nominis
2136 1177 2296 1230 esset

351 1260 525 1333 pater
555 1255 782 1322 factus,
841 1271 958 1330 quo
991 1253 1210 1314 clarIus
1253 1253 1369 1314 illis
1400 1252 1773 1333 temporibus
1815 1272 1935 1314 non
1965 1256 2164 1315 fuerat
2193 1255 2293 1314 uel

283 1352 315 1400 2
355 1338 624 1400 deorum.
705 1356 880 1414 quam
915 1338 1226 1417 epistulam
1259 1339 1615 1418 priusquam
1644 1340 1925 1407 intexam,
1978 1338 2123 1398 libet
2150 1357 2294 1400 uer·
2389 1377 2399 1390 ·

353 1443 458 1484 sus
489 1425 762 1483 inserere
794 1425 854 1482 in
889 1423 1279 1483 Commodum
1326 1423 1541 1492 dictos,
1589 1425 1691 1503 qui
1734 1442 1798 1484 se
1828 1423 2147 1484 Herculem
2189 1443 2293 1502 ap·-

355 1506 704 1586 pellauerat,
740 1513 807 1566 ut
835 1505 1184 1583 intellegant
1215 1525 1445 1576 omneS,
1480 1514 1599 1568 tam
1633 1507 1858 1568 clarum
1890 1510 2076 1569 fuisse
2106 1509 2291 1569 Anto·
2325 1525 2385 1562 15

350 1593 633 1650 ninorum
689 1607 941 1659 nomen,
1007 1597 1072 1651 ut
1129 1590 1217 1650 illi
1277 1609 1353 1650 ne
1406 1592 1656 1658 deorum
1709 1610 1927 1652 nomen
1982 1594 2296 1653 commode

279 1691 314 1738 3
349 1675 662 1735 uideretur
724 1673 978 1751 adiungi.
1082 1693 1295 1734 uersus
1354 1677 1419 1734 in
1480 1675 1873 1736 Commodum
1928 1678 2297 1737 Antoninum

353 1759 528 1820 dicti:

567 1842 928 1903 Commodus
959 1842 1324 1904 Herculeum
1355 1863 1575 1904 nomen
1607 1843 1831 1904 habere
1863 1847 2045 1924 cupit,

564 1929 1000 1989 Antoninorum
1033 1947 1154 1988 non
1186 1935 1355 2007 putat
1386 1946 1518 1988 esse
1550 1925 1791 1998 bonum,
2324 1949 2383 1984 *ιο

568 2032 784 2092 expers
819 2011 1064 2074 humani
1093 2015 1242 2075 iuris
1275 2020 1334 2072 et
1364 2015 1619 2093 imperii,
2115 2013 2121 2022 '

569 2117 820 2178 sperans
851 2100 995 2177 quin
1029 2101 1204 2159 etiam
1237 2098 1456 2159 clarius
1489 2117 1619 2159 esse
1652 2098 1848 2168 deum,

569 2201 747 2262 quam
781 2184 831 2244 si
863 2185 938 2244 sit
967 2185 1250 2263 princeps
1282 2185 1541 2244 nominis
1574 2185 1817 2261 egregii.

563 2286 683 2328 non
719 2270 834 2328 erit
861 2270 976 2328 iste
1009 2269 1156 2329 deus
1185 2287 1300 2329 nec
1334 2275 1529 2329 tamen
1563 2268 1720 2329 ullus
1751 2268 1949 2329 homo.

272 2367 308 2414 4
346 2352 410 2411 hi
440 2371 658 2413 uersus
690 2369 720 2410 a
755 2353 980 2412 Graeco
1013 2355 1216 2414 nescio
1265 2370 1380 2429 quo
1424 2355 1719 2430 conpositi
1772 2373 1805 2413 a
1835 2353 1991 2414 malo
2020 2362 2196 2432 poeta
2226 2356 2287 2414 in
2316 2370 2373 2410 25

345 2437 626 2497 Latinum
657 2435 930 2496 translati
962 2444 1130 2506 sunt,
1179 2455 1331 2516 quos
1379 2455 1489 2514 ego
1518 2437 1745 2497 idcirco
1786 2438 2147 2498 inserendos
2178 2458 2286 2518 pu-

345 2523 489 2591 taui,
522 2527 588 2580 ut
619 2521 848 2581 scirent
878 2538 1104 2588 omnes,
1137 2522 1471 2582 Antoninos
1502 2520 1690 2600 pluris
1722 2522 1907 2584 fnisse
1934 2541 2107 2601 quam
2143 2524 2287 2584 deos

347 2623 418 2666 ac
452 2607 634 2665 trium
665 2606 1004 2684 principum
1035 2623 1258 2674 amore,
1307 2623 1458 2684 quos
1489 2607 1777 2684 sapientia
1818 2606 2055 2670 bonitas
2096 2610 2287 2686 pietas

341 2696 690 2752 consecrata
721 2691 824 2750 sit:
872 2692 938 2749 in
968 2690 1275 2750 Antonino
1304 2691 1525 2769 pietaS,
1590 2693 1655 2751 in
1687 2692 1843 2752 Vero
1896 2693 2161 2764 honitaS,
2224 2695 2285 2753 in

341 2777 541 2836 Marco
603 2776 912 2853 sapientia.
1025 2775 1236 2836 Redeo
1301 2794 1460 2836 nunc
1530 2776 1601 2836 ad
1666 2777 1980 2855 epistulam
2038 2778 2284 2838 Macrini
2312 2794 2371 2832 ao

350 2860 535 2939 Opvili:

595 2944 873 3024 „Opilius
905 2942 1206 3005 Macrinus
1238 2945 1466 3006 Noniae
1500 2945 1707 3007 Celsae
1739 2948 1996 3024 coniugi.

437 3132 465 3178 1
495 3129 634 3179 dixit
657 3130 827 3181 BPM
846 3129 1040 3195 (dixist
1063 3132 1116 3180 P
1135 3139 1170 3182 t.
1195 3132 1232 3180 I
1233 3129 1271 3195 .)
1298 3149 1363 3181 an
1390 3133 1631 3182 dietum?
1770 3134 1799 3182 7
1828 3147 1949 3181 cum
1974 3149 2067 3185 om.
2090 3133 2195 3182 BP
2256 3194 2259 3196 v

335 3200 368 3248 9
393 3197 664 3262 epistolas
686 3197 813 3248 BP¹
958 3202 1018 3249 11
1047 3199 1349 3250 secundum
1371 3201 1474 3249 BP
1497 3200 1797 3249 secundum
1822 3215 1989 3264 remp.
2016 3199 2084 3250 M
2220 3203 2282 3250 12

336 3265 539 3316 clarior
561 3265 729 3316 BPM
826 3269 889 3317 13
913 3268 1188 3316 intextam
1212 3266 1316 3317 BP
1333 3267 1662 3317 interseram
1686 3267 1753 3317 M
1770 3268 2017 3316 intexam
2042 3267 2279 3317 Murbac.

437 3348 604 3383 uerus
628 3333 680 3382 B
820 3336 882 3384 16
918 3349 986 3384 ne
1015 3334 1083 3384 de
1112 3335 1336 3384 deorum
1360 3337 1411 3384 P
1548 3337 1609 3384 17
1645 3349 1810 3384 uerus
1834 3334 1917 3384 Βι
2057 3335 2123 3383 26
2150 3350 2283 3400 ergo

333 3398 483 3450 P¹M
636 3403 702 3452 27
731 3402 1030 3452 antoninus
1053 3399 1214 3451 B¹P1
1364 3401 1550 3467 plures
1572 3401 1675 3450 BP
1833 3405 1899 3452 28
1926 3401 2110 3465 aelstr.
2136 3403 2188 3451 P
2212 3405 2279 3453 ob

326 3494 397 3504 -——
423 3484 662 3520 amorem
687 3470 729 3520 S
820 3473 885 3521 29
910 3471 969 3518 in
987 3470 1267 3520 Antonino
1293 3498 1357 3505 —
1386 3469 1664 3533 sapientia
1690 3472 1787 3520 del.
1815 3469 1963 3524 Jord.
2059 3473 2123 3521 32
2152 3487 2279 3520 eon-
