2517 3884
387 176 512 241 126
1071 183 1222 239 AELI
1270 182 1618 242 SPARTIANI

317 363 350 410 9
385 369 548 412 mum
578 348 896 410 inhaerere
923 349 1022 410 uel
1051 348 1387 412 Romulum.
1449 349 1602 410 sedit
1632 356 1691 409 et
1718 351 1780 411 in
1814 348 1959 410 sella
1989 352 2312 430 imperato-

383 439 473 497 ria
526 444 754 497 temere
797 453 830 496 a
874 436 1147 497 ministro
1197 436 1425 514 posita,
1469 435 1715 512 ignarus
1744 435 1902 514 quod
1931 454 2053 497 non
2082 435 2309 498 liceret.

285 533 348 580 10
385 521 706 582 dormienti
739 521 917 580 etiam
947 521 1010 580 in
1069 517 1300 580 stabulo
1354 537 1609 600 serpens
1650 528 1827 600 caput
1866 523 2051 582 cinxit
2095 529 2155 584 et
2184 523 2315 584 sine

383 625 540 669 noxa
572 605 1008 684 expergefactis
1041 611 1100 665 et
1129 602 1603 666 adclamantibus
1632 605 2043 677 familiaribuS,
2078 607 2237 671 abiit.

307 687 350 750 2
550 691 859 751 quentam
888 689 1127 769 plenam
1176 691 1479 760 furorum,
1528 708 1976 770 nonnumquam
2024 701 2083 753 et
2112 693 2310 754 crimi-
2367 711 2405 751 5
2489 689 2511 702 '

314 789 344 836 2
382 794 527 837 num
558 774 782 836 habuit.
849 774 1125 836 adulterii
1177 793 1417 837 causam
1472 775 1621 836 dixit
1679 776 2102 856 absolutusque
2145 786 2235 839 est
2278 797 2313 838 a

382 861 608 922 Iuliano
638 859 1031 939 proconsule,
1065 861 1160 921 cui
1195 867 1253 920 et
1281 862 1345 922 in
1375 861 1803 941 proconsulatu
1836 864 2131 924 successit
2162 869 2220 924 et
2248 864 2311 924 in

314 961 344 1006 3
383 945 694 1008 consulatu
725 943 965 1024 collega,
983 947 1092 1009 fuit
1124 951 1183 1006 et
1210 947 1273 1006 in
1302 947 1559 1026 imperio
1590 947 1733 1008 item
1762 949 2087 1010 successit.
2132 965 2310 1026 quae-

382 1039 609 1094 sturam
633 1029 950 1108 diligenter
982 1029 1164 1112 egit†
1187 1032 1385 1092 omnis
1418 1030 1679 1092 sortibus
1708 1040 1867 1093 natu.
1903 1032 2145 1094 militari
2174 1039 2313 1113 post

383 1124 766 1195 quaesturam
809 1123 972 1177 sorte
1016 1116 1315 1176 Baeticam
1363 1118 1595 1196 accepit
1634 1124 1809 1195 atque
1871 1117 2011 1179 inde
2052 1119 2311 1180 Africam
2340 1139 2395 1177 10

311 1216 345 1261 4
380 1204 551 1282 petit,
583 1208 650 1262 ut
679 1208 916 1261 mortuo
944 1209 1116 1281 patre
1145 1219 1276 1262 rem
1319 1201 1707 1263 domesticam
1747 1210 2131 1283 conponeret.
2208 1203 2317 1267 sed

383 1287 522 1350 dum
550 1289 617 1347 in
646 1288 843 1348 Africa
876 1295 995 1356 est,
1039 1305 1152 1366 pro
1183 1281 1423 1348 Baetica
1457 1286 1729 1348 Sardinia
1780 1291 1835 1348 ei
1876 1289 2159 1351 attributa
2203 1295 2311 1358 est,

313 1386 344 1432 5
382 1372 538 1451 quod
553 1373 854 1434 Baeticam
878 1372 1069 1433 Mauri
1099 1371 1559 1451 populabantur.
1624 1381 1752 1434 acta
1780 1374 1962 1452 igitur
1994 1386 2315 1452 quaestura

313 1469 342 1516 6
382 1457 752 1519 Sardiniensi
783 1457 1140 1534 legationem
1162 1457 1543 1535 proconsulis
1568 1459 1802 1519 Africae
1829 1461 2071 1539 accepit.
2106 1461 2168 1520 in
2200 1476 2315 1536 qua

378 1543 677 1620 legatione
701 1559 836 1602 cum
862 1560 1004 1614 ‘eum
1035 1540 1275 1621 quidam
1306 1545 1672 1621 municipum
1694 1562 1939 1605 suorum
1968 1543 2313 1625 Leptitanus
2342 1565 2399 1603 15

377 1625 876 1708 praecedentibus
915 1625 1176 1688 fascibus
1204 1635 1271 1687 ut
1314 1629 1621 1707 antiquum
1663 1627 2155 1690 contubernalem
2182 1631 2313 1708 ipse

377 1711 650 1792 plebeius
681 1711 992 1790 amplexus
1024 1719 1204 1781 esset,
1238 1712 1493 1774 fustibus
1524 1731 1659 1785 eum
1690 1712 1803 1774 sub
1827 1712 2019 1792 elogio
2051 1713 2313 1774 eiusdem

207 1811 317 1912 ff
377 1797 695 1877 praeconis
725 1797 969 1858 cecidit:
1004 1795 1335 1875 „Legatum
1366 1817 1422 1877 p.
1457 1796 1525 1858 R.
1560 1795 1739 1857 homo
1785 1797 2057 1876 plebeius
2086 1806 2315 1860 temere

193 1913 208 1956 s
311 1895 340 1943 ’1
381 1880 662 1961 amplecti
689 1881 880 1944 noli.“
913 1901 981 1942 ex
1016 1899 1132 1960 quo
1163 1883 1403 1951 factum,
1435 1888 1502 1942 ut
1528 1882 1590 1941 in
1620 1881 1894 1944 uehiculo
1926 1885 2104 1947 etiam
2133 1881 2311 1962 legati

190 1957 204 2055 ἑ

311 1979 342 2027 8
379 1967 680 2038 sederent,
716 1969 817 2045 qui
849 1974 986 2028 ante
1014 1967 1269 2046 pedibus
1319 1965 1717 2029 ambulabant.
1798 1974 1937 2030 tunc
1966 1971 2028 2030 in
2059 1968 2313 2048 quadam
2344 1989 2397 2028 20

203 2099 210 2122 ,
381 2054 620 2114 ciuitate
650 2053 950 2123 Africana,
982 2071 1120 2112 vcum
1150 2050 1437 2113 sollicitus
1467 2051 1948 2115 mathematicum
1980 2054 2312 2116 consuluis-

203 2130 218 2188 ἰ
380 2146 490 2208 set,
523 2139 836 2218 positaque
865 2137 1015 2200 hora
1055 2139 1322 2216 ingentia
1351 2137 1599 2198 uidisset
1640 2138 1999 2218 astrologuS,
2048 2140 2195 2201 dixit
2227 2141 2307 2200 ei:

221 2225 237 2302 ᾗ
312 2236 342 2283 9
381 2223 616 2296 „Tuam
657 2241 784 2284 non
827 2222 1082 2286 alienam
1113 2240 1272 2302 pone
1316 2225 1712 2301 genituram“.
1759 2243 2009 2304 cumque
2054 2225 2313 2286 Seuerus

375 2310 654 2376 iurasset,
697 2324 865 2367 suam
907 2325 1057 2376 esse,
1120 2309 1318 2367 omnia
1380 2309 1434 2368 ei
1493 2308 1638 2368 dixit
1699 2326 1849 2385 quae
1878 2317 2099 2387 postea
2158 2310 2312 2370 sacta

377 2400 532 2452 sunt.
672 2396 676 2408 '
2337 2413 2393 2450 25

263 2465 348 2540 we3
505 2473 901 2536 Tribunatum
930 2473 1120 2553 plebis
1150 2475 1352 2536 Marco
1382 2475 1745 2554 imperatore
1756 2475 2139 2540 *decernente
2167 2494 2309 2554 pro-

309 2575 342 2624 2
379 2561 601 2622 meruit
632 2577 884 2638 eumque
915 2561 1294 2620 seuerissime
1328 2561 1816 2639 exertissimeque
1847 2561 1987 2637 egit.
2058 2579 2312 2624 uxorem

255 2647 261 2654 '
377 2654 524 2706 tunc
553 2645 834 2709 Marciam
877 2643 1058 2714 duxit,
1105 2643 1180 2705 de
1221 2663 1337 2723 qua
1386 2645 1572 2705 tacuit
1599 2645 1662 2706 in
1702 2645 1951 2707 historia
1993 2647 2152 2708 uitae
2181 2649 2309 2728 pri-

311 2746 342 2795 3
380 2738 570 2792 uatae.
635 2730 734 2792 cui
762 2739 968 2808 postea
1012 2730 1073 2812 in
1114 2731 1368 2810 imperio
1414 2735 1643 2791 statuas
1683 2729 2035 2792 conlocauit.
2068 2741 2313 2811 praetor

379 2816 725 2895 designatus
754 2833 787 2876 a
818 2814 1020 2876 Marco
1063 2821 1153 2876 est
1182 2833 1305 2878 non
1333 2815 1396 2874 in
1422 2815 1679 2876 candida
1724 2815 1830 2878 sed
1873 2819 1933 2878 in
1978 2820 2307 2898 conpetito-
2336 2836 2390 2878 30

281 2889 343 2982 ,54
375 2921 513 2964 rum
544 2919 728 2980 grege
759 2919 916 2962 anno
947 2901 1156 2962 aetatis
1177 2899 1411 2972 XXXII.
1445 2907 1590 2961 tunc
1620 2900 1693 2963 ad
1724 2901 2067 2982 Hispaniam
2096 2905 2315 2966 missus

277 2983 292 3069 ζ
378 2988 700 3048 somniauit
740 2988 972 3068 primo,
1033 2985 1148 3048 sibi
1196 2985 1353 3056 -dici,
1415 2993 1485 3046 ut
1532 2986 1824 3066 templum
1864 2987 2313 3050 Tarraconense

479 3175 512 3225 3
539 3172 745 3225 eincxit
768 3173 821 3223 B
956 3175 991 3224 4
1017 3173 1333 3224 familiariis
1356 3172 1428 3222 Β1
1566 3173 1746 3224 habiit
1768 3173 1821 3224 B
1860 3172 2057 3224 habuit
2079 3172 2149 3224 P¹
2173 3174 2313 3226 exe-¹

481 3243 513 3292 5
535 3242 821 3292 iuuentam
843 3270 904 3280 —
933 3241 1132 3293 habuit
1157 3243 1208 3292 P
1225 3241 1371 3306 infra
1395 3249 1589 3292 textum
1724 3242 1757 3290 6
1784 3245 1870 3291 est
1892 3243 1944 3292 in
1967 3242 2018 3290 P
2036 3258 2081 3294 S.
2106 3245 2189 3295 lin.

378 3325 411 3360 a.
437 3325 530 3361 om.
556 3308 628 3360 B¹
766 3313 798 3361 9
823 3305 1110 3374 sortislbus
1132 3311 1184 3360 P
1286 3310 1536 3361 omnibus
1559 3309 1627 3358 M
1645 3310 1895 3360 omnibus
1918 3309 2161 3360 sortibus
2183 3327 2314 3361 nac—

379 3382 471 3430 tus
505 3377 800 3430 militarem
832 3380 948 3430 Pet.
983 3378 1157 3429 Faber
1324 3381 1389 3430 10
1432 3377 1638 3428 aficam
1668 3376 1795 3427 B¹P
1963 3379 2027 3428 15
2059 3377 2311 3430 lacicita-

380 3461 485 3499 nus
509 3445 626 3498 BP¹
770 3449 832 3498 19
867 3447 1079 3497 factum
1113 3452 1199 3498 est
1223 3448 1291 3497 M
1429 3445 1687 3495 uehicula
1721 3444 1823 3495 BP
1963 3449 2029 3497 24
2044 3447 2096 3497 ei
2121 3463 2213 3501 om.
2238 3446 2307 3496 B¹

459 3518 546 3568 .28
568 3513 769 3568 histria
792 3516 845 3567 B
867 3514 1036 3568 histia
1059 3513 1132 3565 P²
1269 3517 1335 3565 29
1362 3519 1579 3565 statuas
1604 3530 1695 3568 om.
1720 3514 1775 3564 B
2000 3559 2009 3566 .
2157 3545 2167 3552 -
