2517 3884
372 171 496 239 192
755 175 762 179 ’
855 121 862 125 ·
1067 175 1289 235 FLAVIl
1328 173 1584 234 voplscl

297 347 340 412 9
495 346 790 425 Pugnauit
847 350 906 404 et
963 351 1172 406 contra
1210 341 1597 406 Marmaridas
1637 344 1699 403 in
1740 344 1937 404 Africa
1978 343 2310 405 fortissime

228 439 234 444 ’
371 431 731 508 eosdemque
789 430 934 492 uicit
988 433 1167 506 'atque
1231 446 1306 489 ex
1357 426 1540 507 Libya
1596 427 2017 506 Carthaginem
2068 429 2310 489 transiit

302 516 335 578 2'
373 515 744 593 eandemque
773 533 806 575 a
837 512 1267 574 rebellionibus
1298 513 1643 574 uindicauit.
1688 507 1980 593 pugnauit
2012 521 2070 573 et
2101 515 2308 590 singu·

370 600 484 663 lari
513 602 840 662 certamine
871 605 1078 660 contra
1121 598 1429 674 quendam
1450 596 1807 659 Aradionem
1834 599 1899 658 in
1930 598 2130 660 Africa
2164 617 2314 658 eun-

371 686 628 764 demque
673 684 998 765 prostrauit
1043 691 1130 752 et,
1174 685 1312 763 quia
1352 684 1743 744 fortissimum
1798 700 1867 744 ac
1905 685 2316 762 pertinacissi-
2369 692 2396 734 5

371 790 534 833 mum
579 772 778 832 uirum
819 767 1068 838 uiderat,
1124 766 1447 847 sepulchro
1486 769 1715 846 ingenti
1752 766 2089 837 honorauit,
2148 766 2319 845 'quod

373 855 566 916 adhuc
611 860 774 915 extat
811 852 1044 914 tumulo
1087 859 1279 932 us'que
1320 853 1391 913 ad
1437 852 1727 914 ducentos
1766 851 1953 932 pedes
1993 861 2159 914 terra
2188 853 2313 914 cla-

369 948 498 1000 tum
541 957 650 1019 per
691 937 930 1007 milites,
977 953 1130 1015 quos
1160 939 1387 998 otiosos
1422 955 1557 998 esse
1596 955 1921 1016 numquam
1954 945 2045 1000 est
2073 955 2310 1017 passus,

303 1031 571 1100 32extant
615 1023 772 1103 apud
801 1023 1134 1102 Aegyptum
1165 1023 1296 1083 eius
1326 1039 1531 1101 opera,
1576 1040 1739 1101 quae.
1756 1040 1868 1101 per
1896 1020 2118 1084 milites
2150 1029 2313 1083 stru·

371 1111 475 1180 xit,
507 1111 571 1169 in
599 1109 878 1188 plurimis
923 1105 1281 1168 ciuitatibus.
1316 1109 1377 1167 in
1409 1106 1543 1168 Nilo
1573 1113 1773 1168 autem
1802 1115 1923 1167 tam
1955 1107 2142 1168 multa
2172 1109 2317 1168 fecit
2342 1117 2394 1158 10

302 1207 338 1255 4
371 1202 438 1256 ut
479 1193 732 1272 uectigal
775 1192 1232 1254 frumentarium
1275 1190 1439 1252 solus
1480 1191 1795 1254 adiuuerit.
1841 1199 2057 1271 pontes
2088 1191 2317 1272 templa

370 1281 640 1360 porticus
681 1277 956 1339 basilicas
997 1275 1203 1338 labore
1245 1275 1501 1337 militum
1545 1279 1779 1346 struxit,
1838 1293 1945 1338 ora
1995 1276 2317 1340 fluminum

369 1362 896 1444 multaspatefecit,
938 1361 1188 1441 paludes
1237 1360 1561 1440 plerasque
1604 1362 1849 1424 siccauit
1890 1368 2069 1441 atque
2110 1363 2174 1422 in
2215 1361 2313 1422 his

300 1456 604 1526 &segetes
645 1463 940 1526 agrosque
980 1449 1303 1508 constituit.
1357 1446 1653 1524 Pugnauit
1704 1448 1883 1506 etiam
1924 1454 2135 1508 contra
2177 1446 2311 1508 Pal-

369 1551 652 1612 myrenos
683 1533 942 1594 Odenati
967 1538 1026 1591 et
1057 1531 1407 1611 Cleopatrae
1436 1530 1709 1610 partibus
1737 1533 2069 1611 Aegyptum
2100 1531 2314 1592 defen·
2340 1540 2388 1582 1⁵

372 1618 603 1687 dentes,
649 1618 849 1696 primo
891 1614 1166 1685 feliciter,
1210 1623 1420 1695 postea
1463 1623 1711 1686 temere,
1744 1623 1810 1675 ut
1838 1633 2029 1694 paene
2061 1634 2311 1698 capere-

369 1711 532 1770 tur,.
565 1701 670 1762 sed
721 1708 930 1780 postea
987 1701 1229 1760 refectis
1289 1699 1522 1760 uiribus
1573 1707 1903 1780 Aegyptum
1958 1709 2015 1762 et
2058 1703 2312 1762 orientis

372 1787 689 1847 maximam
722 1791 955 1864 partem
983 1786 1048 1844 in
1078 1783 1382 1846 Aureliani
1411 1792 1768 1864 potestatem
1798 1785 2049 1862 redegit.
2183 1860 2187 1865 ,

275 1873 358 1939 10
502 1871 649 1932 Cum
679 1869 774 1932 his
804 1871 984 1947 igitur
1014 1877 1102 1930 tot
1131 1887 1199 1930 ac
1229 1870 1411 1930 tantis
1442 1869 1765 1930 uirtutibus
1796 1872 2067 1940 eniteret,
2102 1871 2312 1942 Tacito
2358 1869 2365 1876 ”

373 1956 689 2034 absumpto
717 1955 976 2016 fataliter
1007 1973 1075 2015 ac
1102 1953 1381 2016 Floriano
1403 1955 1723 2034 imperium
1746 1956 2070 2034 arripiente
2098 1971 2311 2016 omnes
2336 1963 2389 2006 20

304 2059 337 2108 2
376 2039 682 2102 orientalis
721 2040 1018 2100 exercitus
1062 2038 1317 2099 eundem
1361 2041 1787 2119 imperatorem
1829 2041 2124 2101 fecerunt.
2188 2059 2310 2100 non

369 2129 574 2204 inepta
615 2142 810 2202 neque
861 2123 1170 2201 inelegans
1222 2122 1422 2184 fabula
1466 2129 1554 2184 est
1610 2127 1767 2185 scire
1809 2123 2311 2202 quemadmodum

304 2230 336 2278 3
370 2211 687 2289 imperium
737 2209 972 2270 Probus
1031 2210 1385 2288 sumpserit:
1449 2226 1587 2270 cum
1628 2209 1701 2270 ad
1734 2211 2030 2270 exercitus
2060 2211 2309 2270 nuntius

373 2296 668 2364 uenisset,
711 2303 838 2355 tum
881 2294 1142 2372 primum
1183 2295 1419 2353 animus
1460 2292 1749 2354 militibus
1790 2294 1902 2354 suit
1946 2297 2308 2372 praeuenire

301 2397 337 2446 4
369 2378 604 2439 Italicos
637 2379 952 2447 exercituS,
985 2395 1062 2436 ne
1092 2379 1582 2439 iterum⁴senatus
1612 2379 1946 2458 principem
1978 2379 2167 2439 daret.
2202 2377 2308 2439 sed
2332 2389 2384 2431 25

371 2481 508 2523 cum
545 2464 706 2522 inter
749 2461 970 2522 milites
1009 2480 1210 2522 sermo
1252 2469 1427 2532 esset,
1464 2463 1596 2540 quis
1626 2463 1758 2524 fieri
1788 2463 2053 2533 deberet,
2090 2471 2149 2524 et
2180 2481 2307 2524 ma-

371 2544 680 2626 nipulatim
711 2548 774 2606 in
817 2563 1026 2625 campo
1067 2546 1295 2607 tribuni
1338 2565 1441 2607 eos
1488 2547 1969 2624 adloquerentur,
2015 2548 2305 2617 dicentes,

369 2630 798 2712 requirendum
829 2649 963 2692 esse
993 2633 1329 2711 principem
1360 2630 1616 2712 aliquem
1646 2633 1863 2694 fortem
1896 2631 2169 2694 sanc‘tum
2198 2652 2305 2694 ue-

370 2716 702 2778 recundum
733 2716 1090 2776 clementem
1120 2716 1398 2796 probum,
1432 2717 1614 2794 idque
1643 2734 1753 2797 per
1776 2717 1994 2778 multos
2025 2717 2301 2787 circulos,

369 2810 434 2863 ut
475 2803 604 2862 fieri
645 2801 890 2870 adsolet,
933 2801 1252 2869 diceretur,
1298 2803 1467 2880 quasi
1506 2802 1711 2862 diuino
1754 2809 1904 2864 nutu
1934 2803 2199 2880 undique
2232 2802 2305 2863 ab
2330 2812 2382 2853 8⁰

371 2887 647 2948 omnibus
669 2885 1060 2946 adclamatum
1087 2894 1178 2946 est
1195 2904 1208 2943 ε
1227 2885 1466 2956 „Probe
1490 2888 1771 2966 Auguste,
1797 2889 1888 2947 dii
1906 2893 1959 2948 te
1982 2894 2231 2950 seruent
2246 2889 2305 2947 !“

506 3090 536 3136 2
564 3087 898 3153 eosdenique
923 3086 1067 3137 B¹M
1175 3088 1312 3139 libia
1337 3089 1439 3139 BP
1572 3093 1603 3140 3
1629 3089 1928 3155 eademque
1953 3088 2027 3140 Βι
2132 3147 2141 3152 ,
2162 3091 2199 3157 β
2222 3090 2304 3140 in-

372 3169 480 3220 gen
503 3153 654 3204 B¹P¹
793 3159 822 3206 ‘1
847 3160 1029 3206 terrae
1053 3155 1228 3205 latum
1252 3155 1385 3205 BP¹
1432 3161 1617 3208 terrae
1643 3157 1759 3208 lato
1782 3153 1933 3208 P2M
1974 3160 2126 3218 terra
2155 3157 2303 3208 elato

371 3223 414 3272 S
457 3226 607 3271 terra
633 3223 839 3272 elatum
861 3225 1052 3287 een'psi
1207 3227 1240 3275 9
1268 3228 1423 3274 extat
1446 3223 1552 3275 BP
1704 3241 1822 3276 mer
1841 3224 1973 3277 B¹P
2126 3226 2305 3276 stuxit

369 3286 445 3338 Βί
586 3291 648 3340 19
675 3305 742 3340 ac
764 3307 860 3360 tom.
886 3289 1011 3340 B¹P
1035 3294 1091 3341 et
1115 3292 1184 3342 M
1337 3295 1399 3341 21
1429 3293 1709 3343 exercitur
1729 3293 1835 3342 BP
1990 3295 2057 3343 22
2084 3291 2299 3358 inepta]

369 3357 732 3421 inaegyptum
753 3358 856 3407 BP
1010 3360 1075 3409 23
1101 3360 1379 3410 exercitur
1400 3359 1471 3409 B¹
1501 3363 1804 3411 exercitum
1826 3360 1901 3412 ,θ’
2060 3362 2127 3412 27
2151 3360 2303 3410 adlo-

371 3427 635 3488 queretur
656 3424 708 3473 B
853 3428 918 3476 29
943 3427 1078 3491 prob
1103 3425 1180 3475 P¹
1206 3443 1250 3478 c.
1278 3426 1355 3477 ΡΒ
1492 3427 1695 3480 fuisset
1718 3428 1789 3478 Β1
1929 3433 2045 3480 tam
2066 3427 2171 3479 BP

371 3493 436 3540 30
460 3490 638 3541 diuini
661 3489 734 3540 B¹
872 3496 936 3542 31
963 3492 1020 3542 di
1043 3498 1100 3543 te
1126 3493 1500 3546 add.·P³M·t0
1527 3496 1605 3546 dii
1632 3495 1715 3548 Β8
